2098 3470
305 273 375 311 268
779 274 933 312 Purus
957 277 1200 312 HlssRONYMx
1225 276 1375 314 NADAL

345 375 462 418 Cum
485 375 886 432 eruntsepeliendi
925 376 1090 420 mortui
1127 377 1285 430 nostri,
1316 379 1520 434 pulsetur
1557 393 1776 436 campana
1807 394 1894 423 no-

255 457 367 505 stra,
389 459 438 494 ut
461 452 576 495 solet
597 453 719 508 apud
741 452 978 510 religiosos
999 453 1072 496 hic
1097 454 1265 510 pulsari
1282 448 1363 511 pro
1390 455 1484 498 suis
1507 456 1712 499 mortuis.
1739 456 1788 500 Si
1813 456 1890 512 qui

253 527 332 570 alii
355 535 590 584 praeterea
606 529 881 585 sepelientur
902 530 948 572 in
966 531 1134 586 templo
1157 546 1212 575 ex
1235 530 1306 585 iis,
1331 531 1408 587 qui
1430 531 1501 575 ius
1523 532 1786 588 sepulturae
1806 534 1892 577 ha-

257 604 367 648 bent
389 604 510 656 (nam
533 604 580 648 in
602 605 774 649 ambitu
803 606 1094 662 priuilegium
1133 608 1352 651 habemus
1374 609 1495 663 quod
1527 608 1679 651 nullus
1700 608 1892 664 sepelia-

258 681 364 735 tur),
390 680 488 725 siue
511 680 649 737 aliqui
671 682 778 735 sint,
805 683 970 738 quibus
986 682 1191 727 Societas
1208 685 1470 728 facultatem
1488 684 1662 729 dederit
1684 685 1893 741 sepultu-

261 771 338 801 rae
359 765 486 801 extra
510 758 733 812 ordinem,
760 774 840 815 pro
864 759 935 802 his
957 759 1167 802 omnibus
1189 759 1520 816 permittamus,
1548 768 1597 804 ut
1621 777 1677 806 ex
1698 775 1893 805 consue-

261 833 421 878 tudine
443 835 779 890 sepulturarum
803 837 1009 892 pulsetur
1031 850 1267 892 campana.

354 910 445 954 Vbi
468 925 578 954 uero
599 911 699 956 siue
721 912 911 965 externi,
944 927 1025 968 pro
1053 927 1136 956 suo
1164 912 1278 967 iure,
1305 914 1377 957 uel
1403 928 1484 970 pro
1515 921 1669 958 nostra
1706 928 1895 958 conces-

262 987 407 1040 sione,
434 987 725 1044 sepelientur,
750 990 874 1033 nulla
897 989 1075 1045 propria
1096 997 1336 1034 censeatur
1358 1005 1458 1035 esse
1480 990 1713 1047 obligatio,
1747 998 1797 1034 ut
1818 1005 1893 1035 ce-

261 1065 491 1109 lebremus
514 1080 597 1108 nos
619 1066 801 1110 missam
839 1067 1051 1122 aliquam,
1092 1081 1176 1109 nec
1209 1067 1350 1110 nostri
1375 1067 1585 1111 intersint
1614 1069 1891 1124 sepulturae,

258 1140 349 1184 nisi
367 1141 619 1196 sacristani,
645 1142 722 1198 qui
744 1143 1108 1187 animaduertent
1131 1142 1239 1199 quid
1257 1144 1349 1187 fiet:
1371 1145 1427 1187 ab
1445 1144 1645 1188 externis
1662 1144 1783 1188 enim
1801 1145 1896 1189 cle-

266 1217 374 1260 ricis
395 1218 546 1263 omnia
569 1227 676 1262 sunt
697 1221 974 1276 peragenda.

352 1295 694 1340 Intermitantur
721 1297 931 1350 letaniae,
958 1312 1075 1352 quae
1103 1298 1219 1341 fiunt
1247 1298 1295 1341 in
1319 1299 1487 1354 templo
1517 1298 1590 1342 die
1619 1299 1770 1352 lunae3
1803 1312 1896 1341 non

259 1370 603 1416 ‘intermitantur
625 1380 776 1417 tamen
799 1374 937 1426 dorni,
964 1374 1048 1417 nisi
1079 1374 1134 1418 iis
1161 1374 1339 1428 diebus,
1376 1375 1542 1431 quibus
1579 1382 1822 1418 cantantur
1850 1375 1895 1417 in

266 1449 450 1504 templo.
1016 1436 1017 1440 Ἰ

353 1527 424 1570 Ne
446 1533 632 1570 utantur
654 1528 836 1584 organis
859 1528 1171 1573 conducticiis.
1199 1531 1382 1574 Sueuus
1400 1536 1620 1573 tractetur
1638 1535 1687 1571 ut
1710 1528 1898 1572 coadiu-

263 1608 333 1644 tor
355 1603 614 1659 temporalis
635 1603 691 1648 de
713 1604 957 1658 Societate,
983 1613 1028 1649 et
1049 1606 1233 1649 omnino
1265 1606 1320 1648 ad
1350 1605 1622 1650 Societatem
1653 1604 1898 1660 recipiatur

260 1679 438 1734 absque
461 1674 688 1736 scrupulo.
711 1682 849 1737 Quod
866 1682 904 1724 si
921 1682 1170 1738 reperiatur
1191 1682 1397 1726 habitum
1415 1682 1644 1739 accepisse
1661 1682 1782 1738 apud
1798 1696 1897 1724 car·

265 1756 522 1810 thusianos,
548 1758 625 1800 fiat
664 1758 853 1801 uerbum
892 1773 1034 1802 unum
1071 1759 1239 1803 nuncio
1276 1774 1357 1816 pro
1394 1758 1748 1815 dispensatione,
1793 1758 1900 1801 uiua

265 1847 395 1886 uoce,
421 1834 690 1891 explicando
725 1835 767 1878 ei
790 1836 1051 1880 facilitatem
1075 1837 1155 1880 rei.
1183 1837 1322 1892 Quod
1351 1836 1389 1879 si
1418 1837 1491 1879 uel
1514 1835 1745 1879 minimam
1775 1836 1899 1879 diffi-

261 1911 480 1954 cultatem
503 1911 549 1954 in
572 1926 625 1955 ea
647 1927 695 1956 re
719 1913 902 1965 faceret,
929 1914 1051 1968 quod
1072 1914 1208 1958 vellet
1231 1913 1428 1969 diploma
1449 1912 1561 1965 fieri,
1583 1927 1641 1956 ne
1662 1919 1896 1968 urgeatur,

260 1989 345 2031 sed
367 1988 677 2032 dissimuletur
693 1991 815 2046 apud
837 2005 940 2034 eum
964 1997 1010 2034 et
1032 1991 1256 2034 scribatur
1276 1992 1334 2035 ad
1351 1992 1550 2034 Patrem.

357 2066 581 2126 Externos
602 2067 658 2110 ad
681 2066 930 2110 ministeria
952 2068 1218 2120 domestica,
1243 2067 1330 2110 nisi
1352 2066 1594 2124 singularis
1616 2066 1675 2110 sit
1696 2066 1900 2110 necessi-

264 2148 353 2194 tas,
379 2157 438 2186 ne
462 2143 628 2187 habeat
649 2149 816 2188 rector.
842 2143 1102 2200 Simplicem
1134 2151 1281 2200 potest
1309 2143 1520 2196 retinere,
1546 2144 1696 2200 quoad
1724 2142 1810 2199 ipsi
1834 2142 1902 2185 ui-

261 2218 463 2270 debitur,
489 2228 535 2262 et
556 2220 595 2263 si
622 2234 860 2265 necessum
883 2228 1003 2264 esset
1025 2221 1220 2278 aliquem
1249 2221 1471 2277 accipere,
1497 2219 1648 2277 potius
1670 2220 1902 2276 patiantur

264 2295 491 2339 iacturam
519 2296 566 2339 in
604 2297 862 2341 ministeriis
899 2298 1173 2351 domesticis,
1215 2312 1349 2354 quam
1388 2312 1493 2342 eum
1516 2297 1756 2353 accipiant,
1780 2296 1902 2353 quod

263 2374 546 2417 domesticae
567 2373 831 2430 disciplinae
854 2383 1030 2418 noceat.

356 2450 612 2506 Diligenter
633 2451 964 2504 examinentur,
1005 2452 1082 2507 qui
1114 2451 1161 2495 in
1183 2452 1456 2504 Societatem
1495 2450 1811 2494 admittuntur:
1844 2450 1903 2495 de

263 2535 468 2583 caetero,
494 2535 540 2571 et
557 2543 613 2572 ex
635 2528 689 2572 iis
710 2528 993 2573 examinibus
1015 2537 1061 2572 et
1084 2529 1476 2581 instructionibus,
1504 2543 1618 2584 quas
1648 2530 1700 2571 P.
1727 2526 1902 2571 Natalis

268 2605 456 2661 reliquit
497 2605 677 2658 rectori,
717 2606 829 2649 fiant
866 2606 1088 2649 examina.
1129 2606 1321 2650 Videtur
1357 2612 1507 2649 autem
1545 2604 1819 2655 consultum,
1851 2610 1902 2646 ut

266 2682 439 2738 primos
468 2690 560 2726 tres
588 2690 668 2725 aut
694 2689 910 2737 quatuor,
943 2683 1019 2737 qui
1048 2690 1155 2726 sunt
1181 2682 1448 2739 ingressuri,
1479 2681 1705 2725 examinet
1734 2687 1898 2732 rector,

271 2767 320 2802 ut
347 2759 453 2802 inde
490 2759 686 2802 habilior
714 2759 793 2802 fiat
830 2759 887 2802 ad
919 2759 1031 2802 alios
1068 2760 1374 2804 instruendos.
1409 2758 1601 2803 Videtur
1622 2772 1733 2802 uero
1755 2757 1902 2814 primo

267 2836 370 2880 loco
387 2836 667 2881 examinator
690 2836 871 2879 futurus
896 2839 948 2879 Ρ.
976 2837 1233 2890 Cornelius3
1266 2851 1346 2892 pro
1374 2835 1428 2879 iis
1458 2850 1584 2889 uero,
1615 2834 1692 2891 qui
1720 2833 1902 2877 nonnisi

266 2912 532 2970 germanice
562 2919 746 2965 norunt,
780 2914 834 2958 P.
860 2913 1171 2970 Wolfgangus
1205 2915 1231 2956 ¹.
1267 2914 1316 2957 In
1346 2927 1454 2955 cura
1482 2910 1717 2968 hospitalis
1746 2923 1901 2953 caesa-

342 3025 352 3046 ¹
405 3025 454 3060 Ni
473 3024 654 3069 fallimur,
674 3035 802 3060 sermo
819 3029 881 3060 est
898 3023 947 3059 de
971 3025 1014 3061 P.
1041 3025 1279 3071 Wolfgango
1303 3024 1528 3070 Pijrringer,
1558 3022 1625 3070 qui
1649 3022 1689 3058 in
1713 3020 1903 3057 vindobo-

266 3085 382 3121 nensi
399 3085 577 3131 catalogo
594 3083 686 3120 anni
711 3083 802 3128 1566
825 3084 967 3121 dicitur
991 3090 1243 3132 «praeceptor
1266 3084 1479 3120 rhetorices
1503 3089 1543 3119 et
1566 3082 1788 3130 praefectus
1811 3092 1905 3117 can·
