2098 3470
571 261 848 297 Momnunrm
872 265 1131 295 Pnovmcuoe
1155 257 1469 303 Annuus—47
1725 266 1794 304 275

195 358 401 414 fessarii,
442 360 614 404 habent
649 376 676 404 a
714 363 851 405 Patre
885 359 1088 417 generali
1125 366 1172 402 et
1216 358 1527 402 commissario
1571 360 1836 403 facultatem

195 438 421 492 omnium,
451 437 722 485 absaluendi
749 452 803 481 ac
829 437 966 480 etiam
993 436 1285 493 dispensandi
1321 450 1425 479 cum
1454 437 1668 489 externis,
1700 451 1836 493 quam

191 529 257 576 gx
278 515 416 559 bullis
436 514 604 558 nostris
624 516 863 568 habemus,
889 514 963 559 uel
984 514 1120 559 etiam
1137 529 1194 558 ex
1214 513 1564 570 particularibus
1582 515 1838 558 concessio-

199 592 351 645 nibus,
377 592 439 636 ita
462 599 614 637 tamen
635 599 687 635 ut
706 592 903 649 pendeat
918 591 995 635 illa
1011 590 1258 634 auctoritas
1273 605 1330 633 ex
1346 589 1532 633 arbitrio
1549 591 1833 646 superiorum

189 683 404 722 suorum,
429 669 527 713 siue
549 668 709 721 uelint,
734 676 784 711 ut
806 668 882 711 illa
902 667 1146 711 autoritate
1167 682 1260 710 non
1281 675 1485 719 utantur,
1512 667 1609 711 siue
1639 667 1683 710 in
1707 676 1834 724 parte

190 746 347 790 solum
363 753 567 800 utantur3
589 746 711 802 quod
731 745 1096 790 animaduertant
1113 744 1384 801 superiores,
1405 759 1511 787 cum
1532 744 1832 789 confessarios

187 823 459 880 designant.
482 825 703 868 Rectores
723 837 835 867 uero
861 822 948 878 ipsi
975 822 1181 866 eamdem
1211 821 1470 865 facultatem
1500 822 1754 875 habebunt,
1786 831 1831 867 et

194 907 427 957 praeterea
443 899 736 957 dispensandi
753 914 857 943 cum
881 899 1095 943 Patribus
1111 913 1164 942 ac
1188 898 1402 942 fratribus
1424 898 1471 942 in
1493 898 1724 956 ieiuni[i]s,
1746 901 1830 943 ho-

189 976 256 1020 ris
271 978 505 1030 canendiS‚
519 985 607 1022 etc.
618 1011 628 1029 ,
643 977 688 1020 in
705 976 1008 1021 celebratione
1024 982 1130 1019 ante
1145 977 1311 1028 lucem,
1324 984 1425 1031 post
1443 975 1694 1028 meridiem,
1715 984 1802 1020 etc.
1814 1010 1823 1027 ,

185 1053 352 1098 eadem
381 1053 665 1106 condicione,
700 1060 752 1097 ut
787 1052 1076 1109 prouincialis
1106 1052 1247 1109 possit
1278 1052 1398 1095 illam
1430 1053 1720 1097 autoritatem
1758 1054 1828 1096 uel

193 1131 488 1186 suspendere,
513 1127 588 1174 uel
610 1137 878 1186 temperare.
902 1129 1163 1172 Facultates
1181 1144 1290 1173 uero
1307 1129 1621 1185 intelligentur
1637 1145 1694 1174 ex
1711 1144 1826 1186 quo-

182 1207 295 1250 dam
322 1206 621 1262 quaternione
651 1206 858 1262 anfiquo,
884 1206 963 1262 qui
989 1213 1059 1251 est
1084 1205 1132 1248 in
1169 1205 1380 1263 collegio,
1411 1220 1503 1261 quo
1534 1206 1827 1251 eontinentur

181 1282 514 1328 concessiones
530 1291 577 1327 et
594 1284 850 1336 facultates,
870 1283 1036 1339 quibus
1053 1283 1118 1326 uti
1135 1290 1284 1339 potest
1299 1283 1506 1327 Societas
1522 1283 1567 1326 in
1585 1283 1657 1328 his
1669 1285 1820 1327 rebus.

275 1360 467 1417 Regulis
487 1361 757 1414 officiorum,
783 1375 897 1416 quas
924 1375 980 1404 ex
1007 1361 1132 1406 Urbe
1160 1361 1435 1417 accepimus,
1468 1367 1656 1404 utentur
1685 1375 1824 1418 supe-

179 1436 333 1482 riores
351 1444 399 1482 et
425 1437 782 1481 comunicabunt
813 1452 984 1494 magno
1014 1452 1120 1481 cum
1147 1437 1332 1489 iudicio,
1364 1452 1470 1480 nam
1508 1438 1653 1481 multa
1688 1446 1824 1482 erunt

182 1513 393 1561 ωε
412 1513 460 1558 in
480 1514 585 1568 illis,
618 1529 736 1570 quae
762 1514 916 1558 futura
942 1514 1123 1572 propria
1151 1514 1347 1571 collegio
1375 1529 1564 1558 romano
1594 1515 1667 1558 uel
1694 1516 1816 1559 domi

179 1605 419 1645 romaum
439 1591 566 1637 Patri
593 1606 700 1636 uero
728 1592 878 1636 Natali
906 1607 999 1635 non
1025 1591 1154 1636 licuit
1179 1607 1261 1648 per
1290 1591 1616 1648 occupationes
1646 1593 1704 1637 de
1734 1592 1822 1635 illis

178 1667 402 1712 iudicium
424 1669 561 1715 ferre.
1015 1726 1019 1730 ⁵

274 1743 677 1808 Quemadmodum
693 1753 765 1792 δὲ
784 1746 831 1790 in
852 1745 1049 1803 scriptis,
1074 1746 1330 1802 superiores
1351 1746 1538 1791 audient
1568 1746 1819 1790 confessio-

174 1836 262 1866 nes
282 1824 520 1879 generales
541 1831 804 1877 semestres;
825 1831 888 1878 et,
912 1823 1295 1880 quemadmodum
1318 1823 1411 1866 dixi
1440 1823 1728 1880 prouinciali,
1754 1823 1816 1866 ita

149 1933 153 1936 <
175 1896 259 1944 fiet
292 1899 545 1952 distinctio,
586 1908 637 1943 ut
673 1900 867 1957 singulis
903 1900 1035 1945 annis
1075 1901 1216 1944 altera
1260 1900 1558 1945 renouatione
1602 1908 1812 1944 uotorum

170 1975 333 2050 audiat
353 1976 662 2033 prouincialis,
687 1978 830 2023 altera
850 1985 1015 2022 rector.

263 2053 314 2098 Si
335 2053 445 2110 quid
466 2055 665 2098 habeant
685 2054 964 2098 difficultatis
986 2054 1031 2097 in
1054 2056 1197 2100 rebus
1219 2055 1315 2099 suis
1341 2055 1534 2112 agendis
1568 2057 1643 2100 uel
1670 2071 1811 2112 pecu-

169 2129 264 2173 niis
283 2129 537 2187 exigendis,
559 2139 708 2177 rector
724 2132 1029 2188 collegialium
1047 2133 1122 2176 uel
1138 2132 1464 2176 comensalium
1483 2132 1595 2175 illud
1615 2133 1828 2178 referant.

166 2207 233 2251 ad
250 2214 480 2252 rectorem
502 2208 683 2266 collegii
704 2209 865 2252 nostri.
892 2210 957 2253 Ea
978 2209 1054 2254 ille
1079 2217 1231 2253 utetur
1257 2224 1398 2266 opera
1425 2211 1479 2254 P.
1511 2210 1743 2254 Victoriae
1768 2218 1813 2254 et

166 2297 230 2345 eo
254 2292 565 2341 procuratore,
597 2299 732 2341 quem
760 2295 868 2330 sunt
895 2286 1110 2329 habituri.
1146 2287 1303 2343 Itaque
1330 2286 1443 2329 nihil
1470 2286 1572 2339 erit,
1605 2288 1726 2342 quod
1748 2286 1811 2329 illi

170 2367 375 2407 rectores
394 2369 536 2418 agant
557 2376 663 2406 cum
687 2364 894 2417 Occhoa;
918 2377 1022 2406 cum
1048 2366 1101 2407 P.
1132 2363 1351 2418 Victoria,
1376 2364 1414 2407 si
1442 2363 1607 2408 rectori
1637 2364 1810 2406 uidebi-

51 2431 85 2469 ⁴·
144 2491 146 2494 Ι
166 2443 263 2490 tur,
287 2445 503 2495 poterunt
525 2453 662 2496 agere
683 2439 926 2496 aliquando
954 2442 1021 2483 ¹...

258 2514 378 2558 Cum
414 2522 550 2559 erunt
586 2515 828 2572 impraessa
859 2517 1110 2574 spiritualia
1141 2517 1390 2570 exercitia,·
1415 2517 1547 2560 inibit
1580 2517 1801 2561 rationem

165 2597 321 2634 rector
339 2605 640 2648 expensarum
662 2593 882 2646 omnium,
907 2609 1020 2650 quas
1038 2594 1197 2638 fecerit
1214 2595 1458 2650 collegium
1477 2594 1523 2637 in
1541 2593 1805 2649 imprimen-

90 2674 94 2675 ’
162 2664 240 2720 dis
256 2667 499 2721 exercitiis,
516 2676 834 2727 praeterquam
851 2671 973 2726 quod
991 2678 1247 2714 nostrorum
1267 2671 1473 2720 fratrum,
1494 2670 1571 2725 qui
1590 2670 1804 2712 iuuerunt

158 2741 551 2799 impraessionem,
575 2760 667 2789 non
689 2748 970 2803 computabit
991 2761 1213 2804 expensas
1238 2747 1401 2789 uictus.
1425 2748 1562 2813 J-Iane
1581 2745 1800 2789 rationem

99 2827 107 2836 '
159 2818 313 2863 mittat
334 2821 392 2864 ad
415 2823 595 2865 Patrem
623 2824 899 2879 generalem,
923 2837 1028 2867 cum
1062 2822 1256 2880 primum
1288 2823 1496 2866 confecta
1529 2821 1679 2866 fuerit.
1709 2822 1800 2866 Sed

158 2898 290 2956 nnnc
309 2896 455 2953 primo
476 2912 657 2954 quoque
679 2906 882 2956 tempore
903 2899 1073 2943 scribat
1100 2901 1158 2943 ad
1187 2902 1368 2943 Patrem
1398 2899 1657 2955 generalem
1688 2897 1798 2954 quid

189 3016 193 3024 ¹
236 3001 247 3022 ¹
296 3001 357 3037 De
373 3003 544 3047 negotiis
567 3003 670 3040 inter
687 3005 902 3041 Victoriam
925 3011 965 3042 et
987 3005 1163 3043 Ochoarn
1181 3006 1310 3053 aliqua
1334 3005 1581 3051 attinguntur
1607 3004 1647 3040 in
1667 3004 1798 3051 Epist.

163 3059 217 3095 P.
241 3059 394 3103 Nadal‚
412 3061 456 3108 11,
477 3063 649 3107 474-476.
