2098 3470
835 249 1218 286 Insmucnouxs-
1224 248 1269 284 61
1751 260 1798 296 44
1801 260 1823 296 5

234 350 421 395 inferior
441 365 546 394 cum
568 350 801 407 superiore
821 365 922 403 suo,
947 365 1083 406 quem
1104 351 1244 394 habet
1269 349 1370 393 vice
1397 351 1567 398 domini
1598 351 1741 395 nostri
1764 353 1867 397 Iesu

179 476 182 477 ⁷
230 427 423 473 Christi.
446 429 622 471 Caueat
643 435 795 470 autem
818 441 923 470 cum
945 426 1070 470 omni
1091 426 1345 483 diligentia,
1365 442 1423 471 ne
1445 436 1628 483 propter
1650 430 1739 472 hoc
1761 444 1865 472 mu-.

228 519 318 548 nus
338 504 527 548 debilior
549 505 762 548 reddatur
782 505 839 547 ad
861 503 1164 548 obedientiam
1186 511 1233 547 et
1254 504 1573 557 reuerentiam,
1601 512 1696 547 tum
1721 506 1863 550 inter-

229 597 351 634 nam,
378 588 475 624 tum
495 589 747 634 externam,
772 596 907 637 quam
926 582 1067 625 debet
1083 581 1324 637 superiori.

316 659 464 703 Debet
486 666 638 702 autem
657 659 900 702 admonere
915 673 1019 702 eum
1037 666 1232 710 secreto,
1252 667 1299 702 et
1320 660 1442 714 quod
1460 660 1517 702 ad
1534 660 1860 716 obligationem

225 735 324 780 eius
344 735 650 780 conscientiae
671 736 849 788 attinet,
873 736 1008 780 etiam
1031 737 1088 778 de
1110 736 1277 792 quibus
1294 736 1341 779 in
1365 738 1463 780 foro
1483 737 1697 780 exteriori
1715 752 1858 780 noue-

224 812 298 866 rit,
316 827 409 856 non
430 813 576 856 solum
599 828 679 869 per
701 827 765 866 se,
790 814 871 856 sed
892 812 1029 856 etiam
1049 827 1131 869 per
1153 814 1453 865 consultores,
1480 828 1596 870 quos
1623 815 1760 858 debet
1784 829 1858 857 ro-

222 903 351 946 gare,
375 890 413 933 si
435 891 545 945 quid
566 897 743 934 notent.

311 965 385 1012 ¹98
408 968 488 1019 Ea,
513 968 570 1011 de
590 967 761 1022 quibus
777 968 1021 1012 admonere
1041 967 1316 1019 eumdebet‚
1341 978 1450 1010 sunt
1473 983 1589 1024 quae
1611 969 1668 1011 ad
1698 983 1857 1023 perso-

220 1059 326 1088 nam
347 1034 446 1088 eius
468 1051 692 1100 spectant,
718 1052 855 1100 atque
890 1045 1026 1089 etiam
1063 1044 1265 1088 officium
1287 1053 1333 1088 et
1370 1045 1671 1088 ministerium
1692 1045 1853 1102 ipsius,

219 1134 336 1178 quae
359 1121 534 1164 facilius
556 1121 776 1174 inueniet,
800 1121 837 1164 si
860 1123 984 1178 legat
1005 1135 1034 1176 4
1054 1135 1153 1178 cap.
1179 1130 1264 1178 93³⁶
1286 1122 1429 1178 partis
1446 1131 1613 1174 const.,
1633 1131 1680 1165 et
1697 1123 1734 1165 si
1757 1123 1855 1166 eius

215 1197 419 1241 officium
440 1206 653 1242 accurate
674 1198 1023 1251 animaduertat,
1047 1198 1123 1241 cui
1144 1199 1279 1242 datus
1301 1207 1371 1243 est
1400 1200 1670 1242 admonitor.
1695 1201 1852 1243 Breui-

215 1282 300 1318 ter:
319 1275 378 1319 de
395 1274 608 1318 omnibus
625 1283 671 1318 et
687 1282 836 1330 potest
851 1284 898 1318 et
913 1275 1050 1318 debet
1065 1276 1324 1328 admonere,
1339 1277 1397 1320 de
1415 1276 1598 1331 quibus,
1611 1284 1851 1332 postquam

214 1353 316 1395 Deo
336 1366 386 1395 se
411 1351 756 1402 commendarit,
782 1353 1121 1397 admonendum
1142 1367 1244 1397 esse
1260 1352 1546 1396 indicauerit.

301 1429 418 1472 Cum
441 1428 700 1471 admonitus
722 1429 779 1472 de
816 1428 979 1484 quauis
1002 1444 1050 1473 re
1071 1429 1293 1485 superior,
1319 1430 1571 1473 remedium
1599 1445 1692 1473 non
1716 1431 1847 1473 adbi-

210 1506 304 1558 bet,
325 1513 478 1548 vtatur
496 1513 646 1550 tamen
663 1506 922 1548 admonitor
938 1514 1043 1549 actu
1061 1506 1345 1551 obedientiae
1362 1507 1623 1551 intellectus
1638 1507 1683 1550 in
1703 1508 1848 1550 omni-

210 1583 322 1640 bus,
353 1589 491 1638 prout
517 1573 670 1634 debei,
702 1582 828 1625 iuxta
851 1582 1109 1625 institutum
1139 1583 1395 1628 Societatis.
1423 1585 1654 1640 Repetere
1692 1593 1846 1628 tamen

210 1665 364 1715 potest
379 1666 427 1703 et
447 1660 600 1711 debet,
619 1659 657 1702 si
676 1659 896 1711 videatur,
917 1667 964 1704 et
980 1659 1332 1705 admonitionem
1349 1662 1489 1705 semel
1506 1669 1644 1716 atque
1660 1662 1842 1714 iterum,

211 1736 295 1781 sed
316 1737 476 1780 eodem
498 1737 652 1788 modo,
676 1744 722 1780 et
738 1735 986 1792 praemissa
1000 1737 1218 1785 oratione.

298 1812 363 1865 Si,
390 1813 467 1856 vbi
489 1815 577 1856 hoc
600 1814 773 1866 fecerit,
798 1829 889 1856 non
913 1815 1184 1859 adhibeatur
1205 1815 1471 1867 remedium,
1493 1816 1539 1858 in
1562 1831 1610 1860 re
1632 1815 1839 1872 praeserss

207 1889 289 1934 tim
312 1890 463 1947 graui,
487 1891 659 1934 scribet
679 1890 935 1934 admonitor
952 1891 1134 1946 quidem
1156 1892 1312 1936 localis
1340 1893 1601 1948 praepositi,
1633 1895 1838 1946 rectoris,

205 1970 251 2012 et
274 1966 490 2024 praefecti
515 1967 810 2024 probationis,
830 1968 886 2010 ad
910 1968 1251 2024 prouincialem3
1272 1971 1394 2024 quod
1411 1970 1448 2012 si
1471 1970 1545 2014 hic
1566 1985 1658 2014 non
1683 1972 1839 2027 proui-

204 2045 326 2096 deat‚
351 2044 410 2087 ad
437 2043 811 2097 commissarium;
835 2046 924 2087 hoc
947 2060 1056 2089 vero
1081 2045 1216 2088 etiam
1247 2045 1318 2091 199
1347 2061 1439 2090 non
1466 2047 1754 2103 prouidente‚
1782 2050 1839 2090 ad

205 2122 480 2178 generalem.
502 2121 824 2164 Admonitores
840 2130 991 2164 autem
1011 2122 1356 2178 prouincialium
1377 2125 1576 2168 referent
1598 2126 1655 2169 de
1678 2125 1765 2168 illis
1782 2127 1838 2168 ad

203 2197 578 2242 commissarium.
605 2199 744 2253 Quod
765 2197 802 2242 si
825 2198 922 2254 ipse
948 2213 1040 2241 non
1073 2199 1324 2255 prouideat,
1351 2201 1407 2243 ad
1432 2203 1709 2257 generalem.
1737 2204 1835 2245 Ad-

201 2273 396 2318 monitor
418 2289 550 2330 porro
571 2274 868 2318 commissarii
890 2276 947 2321 ad
968 2277 1248 2332 generalem.
1282 2278 1410 2321 Haec
1429 2277 1607 2321 facilius
1630 2288 1836 2335 praesta-

201 2350 283 2403 bit,
303 2350 341 2394 si
363 2351 668 2394 confessarius
684 2366 778 2394 non
794 2351 854 2394 sit
870 2351 1002 2395 simul
1021 2353 1290 2397 admonitor.
1311 2356 1450 2410 Quod
1465 2363 1514 2398 vt
1531 2357 1693 2412 possit,
1714 2371 1834 2399 com-

202 2427 382 2471 modius
407 2437 528 2471 esset
556 2427 592 2471 si
621 2442 713 2471 non
740 2436 861 2472 esset
889 2430 1209 2482 confessarius,
1233 2445 1373 2486 quum
1398 2447 1638 2476 necessum
1662 2448 1752 2475 non
1777 2434 1834 2475 sit

200 2518 258 2547 ex
285 2504 631 2557 constitutione,
670 2512 717 2547 et
752 2504 840 2548 iam
879 2507 1101 2549 hactenus
1134 2520 1159 2562 3
1195 2509 1432 2564 generales
1472 2524 1561 2552 non
1586 2510 1831 2553 habuerint

202 2581 398 2625 eundem
421 2582 748 2626 admonitorem
770 2590 817 2625 et
839 2583 1183 2627 confessarium.

198 2707 576 2746 QUEMADMODUM
599 2708 655 2738 SE
672 2707 864 2739 GERERE
881 2710 1071 2740 DEBEAT
1095 2710 1332 2742 SUPERIOR
1356 2713 1453 2742 CUM
1482 2713 1829 2742 PROCERATORE

748 2786 912 2816 DOMUS
937 2787 1028 2816 VEL
1049 2787 1275 2818 COLLEGII

282 2889 446 2933 Videat
468 2904 581 2945 quas
603 2891 657 2933 ad
681 2905 753 2934 res
774 2890 832 2933 sit
853 2890 1061 2944 idoneus,
1085 2900 1131 2936 et
1154 2894 1320 2949 quibus
1352 2895 1395 2936 in
1428 2897 1563 2937 rebus
1592 2896 1653 2937 illi
1684 2898 1826 2952 possit

193 2965 350 3018 fidere,
375 2965 464 3012 2⁰0
486 2974 623 3022 atque
644 2966 686 3010 ei
707 2967 753 3010 in
774 2967 830 3010 iis
850 2969 973 3012 fidat.
996 2971 1067 3013 De
1089 2971 1178 3013 hoc
1206 2979 1357 3015 autem
1390 2972 1755 3017 commissionem
1779 2983 1825 3017 et

191 3041 535 3087 instructionem
565 3044 730 3087 habeat
750 3059 776 3088 a
797 3045 1079 3100 prouinciali.
1101 3048 1216 3091 Nam
1241 3047 1277 3090 si
1300 3050 1444 3090 solum
1471 3056 1597 3091 curet
1624 3063 1715 3092 rem
1739 3065 1818 3106 pe-
