2098 3470
330 245 399 290 546
805 243 959 283 PA’rms
985 246 1228 282 HIERONYm
1254 246 1406 282 NADAL

371 347 475 389 Non
497 353 566 388 sat
587 352 657 389 est
679 347 736 388 ad
759 346 1041 391 obedientiae
1064 348 1319 390 intellectus
1341 347 1662 403 perfectionem
1687 348 1725 391 si
1747 348 1848 404 quis
1865 348 1912 392 in

283 422 369 475 his,
405 437 521 477 quae
550 421 708 465 indicit
737 423 960 479 superior,
992 424 1209 466 iudicium
1238 423 1496 468 intellectus
1525 426 1794 480 suspendat,
1826 425 1913 468 nisi

281 499 415 544 etiam
440 499 550 541 illud
572 499 680 542 boni
703 500 924 552 consulet,
951 508 995 544 et
1018 502 1179 556 probet
1201 501 1321 556 quod
1350 500 1459 543 dicit
1488 501 1708 556 superior,
1740 515 1914 558 suppo-

280 575 366 619 sita
389 576 608 619 caecitate
631 583 676 620 et
698 577 1019 634 abnegatione,
1047 592 1134 632 qua
1162 578 1218 620 de
1240 577 1320 635 [re]
1344 585 1389 621 et
1417 578 1475 622 de
1504 585 1598 620 tota
1627 578 1911 622 obedientiae

282 653 453 697 ratione
475 661 519 696 et
538 653 815 708 perfectione
837 654 883 696 in
906 654 1295 697 exhortationibus
1311 656 1411 697 fuse
1429 654 1579 711 agitur
1597 654 1722 698 iuxta
1739 655 1913 698 consti-

281 730 479 773 tutiones
501 737 546 774 et
568 729 763 773 instituti
786 733 969 774 modurn
993 730 1284 787 peculiarem.

887 865 916 893 D
923 865 949 893 E
984 864 1299 893 PAUPERTATE

367 961 486 1004 Cum
511 961 652 1004 nostri
674 975 755 1017 pro
777 962 901 1004 nullo
924 961 1172 1005 ministerio
1194 976 1279 1004 suo
1303 961 1505 1018 accipere
1527 961 1700 1018 possint
1721 961 1907 1018 aliquid,

277 1051 336 1080 ne
358 1037 540 1081 nomine
563 1037 743 1094 quidem
763 1039 1092 1094 eleemosynae,
1113 1038 1223 1080 illud
1240 1038 1374 1082 etiam
1398 1031 1723 1095 non‘poterunt
1739 1039 1906 1092 dicere,

277 1122 326 1156 vt
354 1115 658 1170 eleemosyna,
690 1129 806 1170 quae
835 1129 916 1170 pro
946 1114 1110 1157 talibus
1138 1114 1397 1158 ministeriis
1426 1115 1498 1159 vel
1525 1114 1621 1158 dari
1649 1115 1904 1168 consueuit,

275 1191 349 1235 vel
371 1191 467 1234 dari
490 1198 646 1247 parata
668 1200 753 1244 est,
779 1192 911 1235 detur
933 1190 1068 1233 certis
1097 1191 1370 1247 pauperibus
1392 1193 1464 1235 vel
1486 1191 1668 1234 omnino
1697 1193 1905 1248 pauperi-

274 1269 377 1321 bus;
403 1282 551 1323 neque
574 1268 693 1312 enim
716 1268 786 1311 ius
808 1267 958 1311 dicere
979 1282 1219 1324 possumus
1241 1269 1312 1311 vel
1335 1269 1554 1312 debemus
1575 1268 1621 1310 in
1643 1268 1763 1311 illam
1786 1271 1907 1313 elee-

276 1359 510 1400 mosynam
550 1346 622 1389 vel
658 1345 793 1388 etiam
826 1345 1063 1387 consilium
1095 1346 1203 1388 dare
1240 1345 1348 1400 quid
1386 1346 1444 1389 de
1481 1346 1555 1388 illa
1585 1346 1686 1399 fiat;
1726 1345 1908 1390 videtur

275 1421 394 1466 enim
420 1424 503 1464 hoc
526 1422 804 1478 paupertatis
826 1421 916 1465 487
940 1422 1117 1464 laedere
1134 1422 1474 1477 perfectionem,
1496 1422 1623 1477 quasi
1637 1430 1801 1466 nostro
1823 1421 1906 1465 ali-

273 1513 364 1554 quo
402 1500 639 1541 commodo
667 1500 712 1541 id
743 1499 964 1551 dicamus,
1000 1499 1073 1543 vel
1103 1499 1230 1554 quasi
1263 1500 1319 1542 de
1352 1500 1503 1552 rebus,
1530 1514 1646 1555 quae
1678 1499 1808 1543 nobis
1835 1499 1902 1542 di-

265 1563 436 1619 cantur
457 1584 492 1621 ³.

362 1654 424 1696 Vt
445 1660 686 1709 paupertas
709 1652 950 1697 Societatis
973 1652 1018 1695 in
1041 1667 1123 1695 sua
1139 1653 1403 1709 integritate
1420 1660 1731 1707 conseruetur,
1752 1653 1903 1697 omnia

273 1728 523 1785 fugiantur,
550 1744 666 1784 quae
686 1729 806 1772 illam
831 1737 1006 1772 tentare
1029 1730 1100 1773 vel
1119 1729 1321 1786 affligere
1339 1736 1538 1786 possent3
1560 1743 1649 1784 quo
1666 1729 1714 1771 in
1732 1744 1902 1786 genere

272 1805 348 1849 illa
369 1813 539 1859 essent,
566 1806 603 1849 si
626 1806 726 1862 quis
747 1821 886 1861 quum
919 1807 1167 1863 accepisset
1197 1807 1544 1862 eleemosynam,
1576 1820 1711 1861 quam
1735 1799 1902 1863 eroga-

273 1891 341 1926 ret
368 1885 425 1927 ad
455 1883 614 1927 missas
646 1885 961 1937 celebrandas,
994 1885 1092 1927 illas
1125 1884 1284 1927 missas
1317 1891 1496 1928 curaret
1528 1899 1553 1926 a
1585 1883 1751 1926 nostris
1782 1885 1903 1927 cele·

273 1961 406 2013 brari,
433 1969 478 2005 et
506 1952 840 2017 eleemosynam
871 1962 1095 2005 conferret
1119 1961 1254 2006 etiam
1278 1961 1322 2003 in
1353 1961 1425 2016 pia
1454 1975 1604 2016 opera.
1631 1962 1733 2004 Hoc
1755 1961 1903 2004 vitent

272 2038 430 2090 nostri,
457 2037 494 2081 si
517 2037 706 2094 possint,
739 2040 859 2093 quod
881 2053 1057 2094 semper
1084 2046 1298 2094 poterunt
1321 2046 1366 2082 et
1395 2037 1643 2089 debebunt,
1675 2036 1713 2080 si
1735 2037 1898 2090 sciant,

271 2123 317 2158 et
338 2115 516 2168 similia,
544 2116 615 2159 vel
638 2116 769 2171 plane
793 2130 882 2158 non
906 2115 1192 2165 consentiant
1214 2114 1247 2157 b.
1587 2111 1592 2119 “

452 2248 513 2277 DE
545 2247 748 2277 NOSTRIS
783 2248 864 2285 QUI
892 2248 1073 2278 RECENS
1107 2248 1358 2278 ACCEDUNT
1391 2248 1453 2277 AD
1486 2245 1725 2277 COLLEGIA

360 2345 420 2389 Hi
446 2346 557 2388 nulli
579 2346 703 2402 prius
725 2347 969 2401 loquantur
991 2361 1125 2401 quam
1149 2345 1327 2389 rectori.
1353 2346 1402 2388 Id
1425 2345 1586 2388 ianitor
1603 2345 1797 2397 curabit,
1818 2359 1901 2388 nec

271 2424 411 2466 vllum
434 2422 711 2478 colloquium
735 2437 836 2465 cum
862 2423 926 2465 eis
948 2422 1045 2478 ipse
1067 2423 1252 2466 habebit
1279 2423 1347 2466 vel
1380 2422 1489 2465 alios
1516 2423 1686 2465 habere
1713 2422 1901 2477 permit-

272 2507 351 2552 tet,
378 2502 458 2544 sed
481 2507 657 2543 tantum
681 2507 804 2555 petet
826 2501 881 2542 ab
905 2500 969 2543 eis
991 2500 1143 2544 literas
1166 2506 1387 2555 patentes,
1414 2506 1459 2543 et
1482 2499 1559 2554 qui
1581 2498 1687 2551 sint,
1713 2505 1759 2541 et
1781 2498 1899 2541 vnde

270 2577 471 2629 veniant,
498 2578 618 2633 quod
642 2576 793 2619 statim
819 2577 982 2621 rectori
1006 2576 1254 2628 nunciabit3
1282 2576 1359 2631 qui
1380 2575 1417 2618 si
1446 2582 1629 2619 censeat
1656 2574 1899 2618 admitten-

269 2655 367 2706 dos,
402 2654 492 2698 488
523 2654 673 2697 statim
703 2654 759 2696 ad
782 2668 830 2697 se
858 2655 1036 2696 curabit
1065 2652 1250 2705 accersi,
1277 2660 1322 2696 et
1351 2667 1406 2695 ex
1434 2652 1521 2694 illis
1543 2651 1782 2708 intelliget,
1807 2666 1899 2694 non

270 2738 448 2774 tantum
473 2731 693 2775 rationem
718 2738 734 2756 ‘³
763 2730 1004 2783 missionis,
1030 2731 1110 2775 sed
1138 2730 1273 2773 etiam
1296 2729 1404 2784 quid
1426 2729 1534 2772 noui
1556 2735 1810 2784 apportent,
1841 2743 1898 2770 an

269 2807 423 2862 quieto
441 2809 591 2851 animo
609 2807 794 2851 veniant
812 2815 857 2851 et
875 2807 981 2850 sint.
1004 2807 1065 2850 Hi
1089 2814 1322 2863 praeterea
1343 2805 1594 2849 instruendi
1611 2813 1717 2847 sunt
1739 2819 1898 2860 quem-

269 2885 513 2927 admodum
552 2885 721 2929 versari
750 2885 945 2928 debeant
973 2885 1019 2927 in
1049 2884 1260 2940 collegio,
1292 2890 1338 2926 et
1375 2883 1412 2925 si
1439 2897 1573 2939 opere
1600 2882 1801 2938 precium
1828 2881 1898 2924 vi-

341 3062 358 3079 a
407 3051 570 3087 dicatur
596 3063 668 3090 ms.
719 3052 786 3079 -b
812 3051 920 3086 Haec
944 3061 966 3093 4
985 3052 1106 3086 verba
1130 3049 1325 3097 posterius
1343 3046 1488 3084 addita.
1541 3058 1603 3076 —e
1629 3048 1805 3087 rationis
1822 3059 1896 3084 ms-
