2098 3470
556 299 832 350 Momm-A
854 306 1112 336 movmcmn
1136 299 1449 342 AUSTRJAE-47
1703 303 1772 341 ²77

281 401 420 445 Nullo
439 401 528 454 die,
553 415 644 458 quo
667 401 740 445 uel
760 401 1106 446 renouabuntur
1125 399 1291 452 studia,
1311 399 1385 442 uel
1406 398 1723 443 conclusiones
1738 412 1823 454 pu·

180 478 311 522 'blice
326 470 788 534 disputabuntur,'uel
804 477 942 534 aliqui
957 478 1013 520 ad
1031 472 1202 534 gradus
1218 476 1393 533 aliquos
1409 476 1819 532 promouebuntur,

193 555 271 598 uel
290 554 509 612 professio
530 554 667 598 alicui
687 555 837 608 detur,
860 555 936 598 uel
957 555 1094 599 edant
1111 553 1249 609 aliqui
1266 561 1374 597 uota
1389 553 1723 606 coadiutorum,
1748 553 1823 596 uel

183 640 477 676 renouentur
498 639 622 684 uota,
646 632 722 676 uel
742 631 904 687 aliquis
924 631 1113 688 primam
1130 630 1313 673 missam
1330 629 1546 682 celebret,
1569 630 1640 673 uel
1657 631 1822 673 festum

186 707 379 765 aliquod
408 709 609 765 solemne
636 703 841 751 nostrum
871 708 1141 759 celebratur,
1180 707 1259 750 fiat
1294 706 1417 749 domi
1453 705 1717 749 conuiuium
1750 707 1825 748 uel

150 789 154 797 “
184 783 452 849 inuitentur
471 785 663 838 externi3
689 799 779 828 non
801 785 921 830 enim
944 784 1125 828 uidetur
1143 783 1239 827 uiro
1257 783 1470 840 religiose
1484 783 1692 826 instituto
1715 797 1825 826 con-

0 850 34 920 ὲ
196 869 485 914 sentaneum,
511 869 578 914 ut,
610 862 777 917 quibus
802 861 963 906 diebus
990 861 1141 918 potius
1171 861 1229 904 ad
1256 860 1463 917 spiritum
1492 867 1599 903 sunt
1628 859 1827 916 religiosi

185 938 446 991 -excitandi,
481 954 536 983 eo
573 939 647 983 die
677 940 812 984 detur
846 939 1025 982 occasio
1060 939 1327 983 excitandae
1359 939 1514 995 gulae:
1553 938 1706 994 itaque
1743 952 1828 981 nec

0 1013 23 1067 Ξὲ
200 1015 323 1067 ullus
336 1015 564 1060 innitetur
584 1015 639 1059 iis
659 1015 823 1060 diebus
843 1023 1074 1068 externus,
1098 1030 1184 1060 nec
1199 1015 1462 1058 conuiuium
1483 1016 1719 1059 habeatur.
1742 1015 1829 1057 Po-

0 1077 16 1153 ξ
187 1091 307 1136 -terit
331 1099 480 1136 tamen
501 1092 574 1136 his
593 1092 771 1145 diebus,
805 1094 951 1138 donec
982 1093 1104 1136 aliud
1131 1107 1158 1136 a
1179 1092 1381 1149 generali
1413 1091 1669 1148 praeposito
1696 1105 1831 1148 prae-

118 1221 124 1228 ·
187 1169 444 1222 scribatur,
470 1169 576 1213 addi
598 1184 741 1213 unum
763 1171 984 1214 ferculum
1001 1177 1048 1215 et
1062 1170 1295 1227 paululum
1314 1169 1535 1226 antipasti,
1545 1177 1592 1214 et
1612 1170 1835 1226 postpasti

202 1246 420 1291 fratribus
442 1247 623 1294 nostris.

245 1367 248 1369 ,
292 1312 388 1380 Qui
407 1339 465 1368 ex
486 1325 716 1378 fratribus,
736 1339 840 1368 cum
858 1339 948 1368 non
965 1324 1058 1368 sint
1072 1324 1289 1381 theologi,
1309 1331 1461 1368 tamen
1482 1323 1832 1375 concionantur,

191 1399 236 1443 ii
257 1408 367 1444 sunt
386 1402 660 1446 admonendi
680 1410 727 1446 et
747 1401 939 1458 quidem,
950 1401 1207 1459 diligenter,
1233 1391 1425 1445 ne'nihil
1445 1402 1503 1446 de
1525 1402 1662 1444 rebus
1678 1401 1836 1444 diffici-

192 1476 327 1521 libus
349 1485 545 1522 tractent
567 1479 642 1522 uel
662 1486 824 1535 parent
845 1479 1149 1533 tractandum,
1174 1479 1259 1522 nisi
1282 1475 1409 1535 prius
1430 1479 1642 1522 consulto
1664 1486 1839 1522 rectore

139 1554 144 1556 ’
206 1554 283 1599 uel
302 1566 378 1608 eo,
403 1569 538 1611 quem
556 1555 641 1599 sibi
661 1570 715 1599 ea
736 1555 783 1599 in
805 1570 854 1598 re
876 1555 1178 1599 substituerit:
1198 1556 1333 1600 simul
1348 1570 1453 1599 cum
1470 1556 1840 1613 praeparauerint

156 1688 162 1692 .
201 1630 296 1675 iam
317 1620 446 1675 suam
469 1632 753 1687 concionem,
783 1639 830 1676 et
856 1633 1119 1689 scripserint
1146 1634 1265 1690 (nam
1291 1633 1625 1690 iniungendum
1654 1640 1722 1677 est
1753 1633 1841 1675 illis

200 1714 261 1751 :ut
278 1708 511 1765 scribant),
536 1711 774 1754 conferent
789 1709 910 1753 illam
926 1725 1031 1754 cum
1048 1718 1223 1755 rectore
1240 1711 1315 1755 uel
1331 1725 1437 1754 cum
1458 1712 1558 1754 eius
1572 1709 1839 1761 substituto,

211 1785 287 1830 uel
306 1799 385 1829 eas
406 1793 575 1842 partes,
601 1801 718 1842 quae
740 1787 1017 1831 uidebuntur
1038 1788 1209 1832 habere
1234 1787 1404 1843 aliquid
1431 1787 1728 1839 difficultatis,
1760 1789 1844 1830 bas

197 1861 395 1917 quidem
422 1870 577 1920 partes
604 1863 870 1921 diligentius
905 1866 1155 1927 conferant:
1195 1879 1285 1908 non
1322 1865 1534 1908 omittant
1570 1864 1842 1920 compendio

210 1939 406 1984 reddere
426 1939 647 1984 rationem
669 1941 728 1983 de
750 1947 845 1984 tota
864 1941 1109 1995 concione34
1125 1949 1170 1986 et
1197 1949 1365 1994 tamen,
1396 1941 1433 1985 si
1464 1941 1603 1997 aliqui
1632 1941 1846 1985 uidentur

75 2006 77 2010 Α
108 2027 113 2031 ’
199 2014 259 2059 vid
279 2014 475 2060 libenter
495 2017 676 2069 facturi,
701 2017 788 2060 erit
818 2017 929 2060 utile
957 2026 1022 2070 ut,
1057 2018 1200 2074 pridie
1227 2033 1363 2074 quam
1390 2019 1483 2062 sint
1509 2018 1846 2070 concionaturi‚

105 2089 112 2097 ’
155 2084 157 2086 ’
200 2093 421 2138 eamdem
465 2093 733 2139 concionem
775 2095 978 2138 habeant
1017 2094 1064 2138 in
1106 2095 1345 2140 refectorio
1388 2095 1506 2140 inter
1542 2096 1845 2147 coenandum,

162 2201 166 2205 .
217 2169 533 2225 praesentibus
555 2170 782 2226 aliquibus
803 2171 1048 2228 germanis,
1073 2171 1150 2228 qui
1173 2172 1218 2214 in
1242 2187 1296 2216 ea
1317 2187 1366 2216 re
1388 2173 1590 2218 ualeant.

255 2271 258 2273 >
306 2246 370 2290 Vt
391 2261 483 2289 non
508 2246 643 2290 datur
666 2262 752 2304 pax
772 2247 819 2290 in
841 2247 939 2291 aliis
955 2248 1120 2301 missis,
1139 2249 1202 2292 ita
1218 2264 1303 2293 nec
1320 2249 1365 2292 in
1383 2249 1481 2292 'aliis
1502 2249 1850 2294 solemnioribus

87 2376 90 2389 Ι
151 2319 154 2322 ’
202 2323 368 2379 detur,
392 2323 480 2366 nisi
502 2324 620 2368 forte
641 2324 705 2366 illi
728 2324 950 2378 ministro,
975 2325 1052 2381 qui
1075 2341 1174 2371 eam
1196 2328 1328 2371 offert
1358 2327 1598 2380 sacerdoti;
1634 2327 1671 2370 si
1701 2335 1851 2369 tamen

71 2388 121 2440 ξ
207 2406 490 2455 7εβᾳιιθηεῒιιι·
511 2401 827 2454 schandalum,
851 2402 1017 2458 poterit
1039 2403 1117 2445 uni
1139 2413 1218 2447 aut
1239 2403 1365 2448 alteri
1389 2404 1581 2447 seculari
1604 2403 1715 2446 dari.

105 2461 114 2471 '
211 2512 216 2514 .
268 2510 270 2512 -
308 2475 507 2520 Piscatio
549 2479 558 2498 ¹
599 2479 837 2522 commode
863 2494 943 2534 per
969 2480 1290 2524 selectissimos
1320 2481 1527 2524 uideatur
1559 2496 1615 2524 an
1650 2480 1852 2524 exerceri

210 2551 379 2608 possit,
404 2562 455 2596 ut
475 2553 611 2596 etiam
635 2556 804 2598 Romae
824 2555 892 2607 fit,
917 2557 997 2599 sed
1019 2570 1125 2599 cum
1146 2572 1325 2600 summa
1347 2559 1538 2600 cautela.

106 2685 111 2691 Α
310 2629 533 2674 Videatur
560 2631 696 2674 etiam
722 2646 780 2674 an
808 2632 950 2687 possit
974 2634 1049 2676 hic
1077 2648 1188 2677 usus
1210 2634 1436 2677 introduci
1465 2635 1509 2677 in
1533 2636 1619 2676 hac
1648 2634 1850 2685 ciuitate,

93 2697 113 2748 ”.·
138 2762 143 2764 ῃ
207 2705 300 2761 «qui
314 2714 386 2750 est
406 2707 620 2764 frequens
642 2707 688 2750 in
711 2708 950 2765 Hispania,
977 2718 1027 2752 ut
1049 2711 1192 2753 nostri
1215 2725 1319 2754 cum
1338 2712 1518 2753 duobus
1541 2711 1709 2766 pueris,
1731 2711 1767 2752 si
1785 2711 1854 2752 vi-

112 2787 114 2794 '
210 2782 400 2836 deatur,
424 2785 693 2828 conuocatis
714 2785 867 2841 pueris
889 2794 935 2829 et
956 2787 1163 2842 personis
1183 2788 1372 2830 rudibus
1395 2788 1663 2843 campanula
1686 2787 1770 2841 aliq
1780 2803 1851 2839 ua,

181 2855 304 2914 'per
324 2859 451 2904 uicos
473 2862 724 2917 perducant
746 2870 764 2887 ³
786 2862 830 2904 in
854 2862 1049 2918 aliquam
1073 2865 1326 2916 ecclesiam,
1354 2864 1430 2906 ubi
1448 2865 1643 2907 doceant
1665 2864 1855 2908 recitare

293 2970 312 2987 a
354 2961 569 3007 perductos
586 2973 644 2996 ms
653 2987 663 2997 .

295 3049 307 3070 ¹
356 3050 513 3096 Eorum,
546 3049 714 3097 scilicet,
733 3051 801 3098 qui
826 3050 1036 3087 Societatis
1060 3051 1241 3088 instituto
1267 3053 1347 3100 apti
1370 3059 1620 3097 censeantur,
1649 3059 1689 3088 et
1719 3066 1740 3089 a
1772 3055 1860 3089 Deo

214 3109 369 3154 vocati,
388 3120 458 3155 per
474 3109 559 3156 pias
576 3110 898 3146 conversationes
916 3111 1068 3158 aliaque
1086 3111 1302 3158 spiritualia
1322 3112 1509 3157 subsidia,
1530 3106 1740 3148 institutio'.
