2098 3470
0 646 28 1093 muz-*Wrssww
0 602 13 636 ω’
0 462 27 588 *nr-³*
0 404 13 449 w*
0 362 13 390 τε

103 858 106 859 ,
102 579 114 595 ,
103 303 107 305 .

534 579 1059 668 MONUMENTA
1113 611 1434 668 ITALIAE

968 795 998 838 1

330 885 414 929 DE
445 885 898 930 RENOVATIONE
930 885 1247 928 VOTORUM·
1278 885 1637 929 SIMPLICIUM

521 993 953 1026 SCHOLASTICORUM
977 993 1262 1024 SOCIETATIS
1284 993 1401 1033 JESU
1428 981 1458 1024 ι.

262 1088 575 1152 Congregatio
603 1094 825 1150 quaedam
854 1093 1068 1150 religiosa
1095 1094 1236 1136 habet
1263 1092 1561 1135 scholasticos
1591 1092 1637 1134 in
1666 1093 1800 1136 colle-

173 1161 280 1228 giis,
304 1184 423 1226 quae
442 1170 742 1224 administrat,
768 1170 847 1226 qui
868 1170 967 1214 sine
989 1177 1112 1222 voto,
1137 1170 1259 1225 quod
1281 1169 1372 1213 sint
1393 1170 1450 1212 de
1472 1184 1525 1214 ea
1547 1183 1802 1226 congrega—

173 1228 299 1291 tione
314 1247 472 1300 futuri,
491 1247 536 1290 in
554 1262 609 1292 ea
624 1248 819 1304 collegia
835 1262 927 1291 non
943 1246 1257 1292 admittantur.
1277 1245 1527 1289 Dubitatur
1543 1260 1650 1288 num
1670 1246 1802 1289 liceat

172 1324 467 1377 constituere,
507 1330 559 1368 ut
594 1324 788 1381 singulis
824 1324 956 1368 annis
987 1323 1248 1367 scholastici
1282 1337 1441 1366 omnes
1477 1323 1672 1379 priorem
1709 1323 1803 1366 voti

172 1398 499 1457 obligationem
522 1407 765 1445 teneantur
791 1400 1078 1454 confirmare,
1116 1407 1168 1442 ut
1206 1407 1252 1444 et
1284 1399 1369 1456 ipsi
1401 1399 1448 1442 in
1479 1413 1564 1442 suo
1595 1398 1822 1441 instituto*¹

163 1472 349 1521 'firmius
370 1484 598 1530 constent,
622 1484 668 1521 et
689 1477 891 1522 securior
911 1477 971 1522 sit
991 1476 1291 1535 congregatio
1312 1476 1360 1519 in
1377 1476 1472 1520 suis
1489 1475 1694 1532 collegiis
1712 1490 1803 1518 non

167 1550 234 1603 ali
253 1566 352 1606 eos,
377 1553 456 1607 qui
477 1560 523 1598 et
542 1554 643 1597 Deo
664 1553 798 1597 fidem
822 1568 915 1597 non
937 1561 1138 1606 servant,
1162 1561 1224 1606 et,
1251 1553 1328 1610 qui
1358 1555 1566 1607 sortasse,
1598 1568 1654 1597 ex
1683 1553 1803 1597 elee—

173 1628 362 1673 mosinis
381 1629 503 1673 docti
523 1629 691 1683 effecti,
716 1631 888 1674 mundo
910 1631 1081 1676 vellent
1103 1631 1290 1684 servire,
1316 1645 1407 1674 non
1429 1632 1551 1686 Xp0.

195 1733 198 1735 >
261 1706 381 1751 Cum
412 1706 699 1763 replicaverit
728 1707 910 1764 saepius
942 1709 1124 1753 foedera
1154 1715 1200 1752 et
1230 1715 1364 1764 pacta
1393 1707 1618 1751 Dominus
1649 1715 1803 1750 noster

173 1797 280 1827 cum
299 1783 544 1828 israelitico
564 1773 750 1841 populo,
774 1799 860 1829 nec
883 1785 1005 1828 aliud
1021 1785 1108 1828 sibi
1125 1785 1267 1829 velint
1284 1785 1578 1828 oecumenica
1595 1783 1800 1836 concilia,

174 1867 222 1904 et
242 1859 478 1911 christiani
499 1861 594 1906 fere
614 1876 774 1906 omnes
789 1861 1047 1906 davidicum
1067 1861 1181 1905 illud
1196 1862 1319 1905 omni
1336 1862 1409 1906 die
1427 1861 1600 1904 dicunt:
1625 1861 1800 1919 «Juravi

170 1943 221 1995 et
240 1937 380 1982 statui
401 1938 630 1983 custodire
646 1938 845 1994 judicia»
866 1939 898 1991 ²,
917 1940 1152 2015 decretum
1175 1940 1265 1982 hoc
1287 1953 1379 1982 non
1401 1929 1682 1994 potest'mihi
1704 1938 1787 1980 dis-

173 2013 359 2070 plicere.

350 2093 436 2136 FR.
456 2052 662 2137 Ecmlns
684 2094 1040 2144 Foemmmus,
1065 2093 1186 2138 Gen.
1213 2092 1433 2149 magister
1455 2092 1572 2135 sacri
1595 2092 1682 2148 pal.

261 2169 386 2213 Idem
407 2168 587 2213 censuit
604 2169 746 2214 Rdus.
766 2171 825 2213 D.
846 2171 1109 2214 ROBERTUS
1127 2182 1538 2214 ARCfflEmscoths
1556 2182 1805 2212 ARMACHA-

105 2250 121 2277 ‘-
174 2246 337 2306 uns'et
356 2246 509 2291 Rous.
532 2247 591 2289 D.
617 2247 824 2291 IAcossus
846 2261 910 2290 DE
934 2247 1105 2290 PUTEo
1128 2254 1161 2298 ³,
1186 2247 1388 2290 decanus
1411 2252 1552 2298 rotae,

806 2331 998 2380 rogante
1021 2338 1092 2367 me
1115 2324 1417 2367 HIERONYMO
1439 2323 1628 2366 NADAL.

245 2434 265 2452 ²
311 2422 436 2460 Pucci
452 2434 540 2468 ms.;
559 2422 630 2459 sed
647 2434 788 2459 nomen
807 2423 945 2459 decani
962 2424 1086 2459 Rotae
1104 2429 1187 2459 erat
1196 2423 1369 2470 Jacobus
1386 2434 1411 2456 a
1430 2422 1570 2458 Puteo.

245 2510 258 2534 ¹
307 2513 367 2548 Ex
384 2513 621 2559 apographm
639 2524 661 2548 a
680 2512 721 2550 P.
743 2514 895 2558 Joanne
908 2513 995 2548 Van
1009 2514 1140 2548 Meurs
1154 2524 1203 2548 ex
1218 2514 1431 2560 archetypo
1445 2513 1685 2560 deprompto,
1703 2518 1742 2547 et
1759 2512 1806 2546 ad

83 2563 131 2618 ,ᾆξ’
173 2580 248 2608 nos
271 2572 515 2608 transmisso.
541 2571 709 2618 Quando
733 2573 807 2608 hoc
837 2578 1132 2608 monumentum
1160 2572 1348 2619 scriptum
1376 2572 1506 2618 fuerit,
1535 2583 1613 2607 non
1639 2577 1804 2607 constat.

94 2641 146 2682 2³⁹}
175 2630 276 2668 Cum
293 2635 424 2666 autem
442 2642 464 2666 a
481 2631 611 2667 Natali
625 2631 895 2678 subscriptum
912 2631 1032 2666 fuerit
1050 2636 1091 2666 et
1104 2642 1127 2666 a
1144 2632 1293 2677 Jacobo
1311 2632 1450 2674 Puteo,
1474 2631 1540 2677 qui
1566 2642 1612 2666 eo
1631 2638 1804 2676 tempore

149 2735 153 2737 ι
174 2695 262 2726 erat
275 2687 448 2726 decanus
463 2690 603 2735 Rotae,
622 2697 663 2726 et
679 2690 851 2726 nondum
869 2690 1076 2726 cardinalis
1094 2695 1251 2725 creatus
1275 2689 1417 2734 fuerat,
1443 2690 1565 2735 liquet
1589 2696 1679 2724 ante
1703 2688 1806 2724 diem

143 2740 153 2779 Ῐ
179 2746 224 2785 13
240 2748 327 2785 Kal.
346 2748 552 2795 Januarias
569 2749 661 2784 anni
680 2757 767 2794 1551
787 2748 921 2784 datum
939 2748 1077 2794 fuisse,
1096 2760 1144 2784 eo
1162 2748 1266 2784 enirn
1285 2749 1348 2784 die
1363 2749 1532 2794 Jacobus
1547 2759 1568 2782 a
1586 2749 1710 2783 Puteo
1727 2758 1805 2782 car—

177 2807 320 2844 dinalis
340 2813 495 2844 creatus
513 2813 592 2845 est.
617 2807 677 2846 Cf.
711 2809 937 2856 Ughellum,
964 2808 1090 2844 Italia
1108 2820 1240 2850 sacra,
1268 2809 1355 2849 Vll,
1382 2807 1464 2851 653.
1492 2807 1571 2841 Sed
1594 2806 1743 2841 Natalis
1768 2807 1807 2841 in

178 2865 312 2904 Sicilia
328 2872 508 2903 versatus
531 2866 604 2903 fuit
622 2868 671 2902 ab
689 2877 790 2903 anno
816 2867 906 2912 1548
923 2867 972 2902 ad
991 2878 1166 2903 mensem
1193 2866 1374 2902 Martium
1392 2866 1483 2901 anni
1504 2873 1605 2909 1552,
1633 2876 1708 2911 quo
1732 2865 1806 2899 Ro-

97 2933 117 2963 ἶ.
143 2928 146 2930 ’
178 2936 295 2972 mam,
313 2922 363 2962 ad
378 2925 662 2973 professionem
679 2925 994 2972 nuncupandam,
1012 2927 1061 2960 ab
1079 2924 1233 2971 Ignatio
1251 2930 1413 2959 vocatus
1433 2929 1505 2960 est.
1535 2922 1648 2958 Unde
1671 2923 1806 2969 proba-

144 2976 149 2981 Ἴ
178 2983 249 3021 bili
264 2984 488 3031 conjectura
505 2985 694 3032 suspicari
712 2984 805 3020 licet
822 2996 923 3020 anno
945 2984 1048 3029 1548,
1070 2985 1133 3019 vel
1150 2995 1228 3019 non
1248 2984 1369 3018 multo
1387 2988 1477 3016 ante
1496 2981 1535 3016 id
1554 2987 1721 3027 tempus,
1735 2981 1807 3016 hoc

92 3045 126 3079 νίζ’
160 3050 474 3084 >immuunt-,ntum
490 3046 637 3080 Rornae
655 3044 842 3091 scriptum
858 3044 995 3082 fuisse.
1015 3045 1076 3079 De
1094 3045 1242 3090 jacobo
1262 3055 1283 3077 a
1301 3043 1424 3077 Puteo
1443 3041 1507 3085 (de
1528 3041 1638 3086 Pou)‚
1659 3040 1806 3076 Natalis

179 3103 317 3150 amico4
337 3103 428 3140 vide
444 3115 544 3151 quae
562 3103 732 3139 diximus
750 3103 790 3139 in
805 3103 935 3150 Epist.
951 3103 1000 3138 P.
1017 3102 1167 3143 Nadaz,
1184 3102 1214 3146 1,
1232 3110 1290 3146 14.
1371 3104 1383 3122 ε
1435 3100 1504 3135 ps.
1523 3098 1704 3144 cxvm,
1726 3100 1806 3135 106.

356 3167 471 3198 Emsr.
492 3169 530 3198 P.
551 3168 685 3203 NADAL,
704 3175 782 3197 rou.
802 3167 864 3197 IV.
1614 3163 1631 3190 8
