2098 3470
330 277 401 325 394
803 278 958 316 Plu-nis
984 281 1228 317 HmRoqu
1252 281 1403 318 NADAL

369 381 482 423 Illud
521 394 702 444 quoque
739 381 976 438 prouideat
1012 381 1319 438 prouincialis,
1360 397 1418 427 ne
1449 383 1643 441 collegia
1666 385 1810 429 maius
1831 401 1913 431 aes

280 457 477 501 alienum
500 459 712 510 conflent,
736 472 872 514 quam
895 459 985 502 sint
1021 459 1240 503 soluendo
1267 459 1460 516 propriis
1487 461 1651 504 annuis
1673 462 1903 516 censibus,

280 535 353 578 vel
390 534 594 578 subsidio
632 535 923 579 fundatorum
960 543 1039 580 aut
1074 537 1433 581 benefactorum.
1471 537 1593 581 Idem
1618 538 1664 581 in
1702 537 1916 583 domibus

278 612 493 668 professis
515 612 851 656 obseruandum
874 612 976 665 erit,
1008 627 1064 656 ne
1102 613 1247 656 maius
1269 615 1543 658 contrahant
1581 629 1658 659 aes
1691 615 1906 669 alienum,

279 703 414 744 quam
457 689 578 744 quod
621 689 692 733 vel
735 688 972 732 ordinariis
1020 690 1091 732 vel
1141 690 1508 734 extraordinariis
1556 691 1735 735 auxiliis
1772 699 1914 748 atque

277 765 577 821 eleemosynis
599 765 787 808 dissolui
804 780 937 822 posse
966 766 1212 810 confidant.
1248 766 1392 810 Cuius
1422 767 1486 812 rei
1508 767 1724 843 iudicium
1741 783 1911 825 procu-

278 842 503 885 ratoribus
526 849 702 887 tantum
718 858 807 886 non
826 850 896 887 est
912 842 1276 898 relinquendum,
1302 843 1379 899 qui
1397 858 1724 900 nonnunquam
1741 845 1916 889 arctius·

277 919 483 962 nonnihil
506 934 578 963 res
598 919 937 977 constringunt,
959 934 1094 975 quam
1114 921 1231 963 forte
1254 935 1371 976 opus
1394 929 1478 983 est.

353 996 412 1040 70
432 997 648 1040 Habeant
664 1011 841 1053 semper
858 996 1058 1040 animum
1078 1003 1304 1040 attentum
1321 998 1623 1054 prouinciales
1645 1013 1702 1042 an
1725 998 1912 1055 purgari

278 1073 558 1130 prouinciam
580 1080 805 1130 oporteat,
830 1073 931 1116 illos
953 1072 1214 1125 reiiciendo,
1249 1074 1327 1130 qui
1350 1073 1567 1124 illamvel
1595 1081 1908 1132 corrumpunt,

276 1151 350 1194 vel
372 1152 576 1203 turbant,
615 1151 688 1194 vel
719 1165 811 1193 non
834 1157 941 1193 sunt
979 1150 1035 1193 ad
1058 1150 1334 1212 Societatem
1370 1150 1538 1194 idonei.
1575 1152 1667 1196 Sed
1694 1154 1784 1195 hoc
1806 1166 1912 1195 cum

278 1228 506 1272 suauitate
522 1234 568 1271 et
590 1227 830 1284 prudentia
852 1227 1036 1278 faciant,
1062 1228 1345 1283 expectando
1363 1228 1719 1284 oportunitatem
1737 1235 1915 1286 tempo·

278 1305 340 1348 ris
369 1312 415 1348 et
438 1304 822 1356 commoditatem,
853 1311 903 1346 vt
924 1319 1005 1361 per
1028 1304 1290 1347 huiusmodi
1318 1304 1564 1349 Societatis
1591 1305 1910 1362 purgationem

280 1384 442 1426 fratres
478 1379 775 1426 aedificentur
796 1389 840 1425 et
864 1381 1072 1425 fortiores
1104 1382 1352 1424 reddantur
1379 1383 1436 1426 ad
1457 1397 1510 1425 ea
1538 1382 1768 1436 euitanda,
1793 1397 1915 1438 quae

279 1459 380 1502 aliis
408 1458 606 1503 viderint
632 1473 733 1503 esse
760 1473 941 1502 causam
967 1465 1119 1502 tantae
1147 1458 1432 1502 calamitatis.
1471 1459 1593 1502 Idem
1622 1459 1910 1503 animaduer-

278 1543 378 1580 tant
400 1536 570 1593 singuli
592 1543 790 1580 rectores
811 1536 859 1578 in
882 1534 976 1578 suis
999 1535 1289 1592 collegiispet
1311 1551 1405 1580 rem
1429 1550 1533 1579 cum
1555 1535 1910 1592 prouincialibus

276 1614 372 1657 suis
399 1613 758 1658 communicent.

365 1690 596 1734 Adhibeat
613 1689 893 1746 diligentiam
911 1689 1217 1745 prouincialis,
1237 1696 1287 1731 vt
1304 1689 1560 1745 superiores
1577 1696 1760 1733 seruent
1778 1703 1914 1749 regu-

273 1768 361 1811 lam
385 1766 779 1818 constitutionum,
799 1781 916 1821 quae
937 1773 1006 1809 est
1028 1766 1073 1808 in
1098 1767 1168 1821 33²
1184 1776 1327 1822 parte,
1347 1765 1573 1819 videlicet,
1595 1772 1643 1809 vt
1664 1764 1912 1821 aliquando

272 1850 515 1888 exerceant
537 1858 586 1886 se
607 1843 653 1885 in
677 1842 922 1885 humilibus
943 1842 1121 1885 officiis.
1148 1843 1271 1886 Illam
1294 1842 1390 1898 ipse
1411 1842 1545 1885 etiam
1569 1842 1784 1887 seruabit.

363 1919 804 1976 Superintendentes
834 1919 1039 1975 collegiis
1068 1919 1312 1975 praeficere
1340 1933 1431 1961 non
1459 1919 1626 1974 poterit
1647 1918 1911 1975 prouincia-¹

272 1998 343 2050 lis,
369 1997 630 2044 inconsulto
653 1995 855 2052 generali
878 1995 1153 2052 praeposito.
1181 1997 1238 2038 Et
1267 1995 1296 2037 ii
1319 1995 1501 2051 quidem
1525 1995 1815 2052 praeficiendi
1836 1995 1905 2038 vi—

271 2075 438 2118 dentur
459 2073 663 2130 collegiis
685 2072 845 2129 plenis,
872 2073 917 2115 in
941 2073 1107 2128 quibus
1127 2087 1219 2115 non
1241 2072 1535 2116 humaniores
1558 2079 1734 2115 tantum
1753 2072 1911 2116 literas

273 2151 316 2196 71
340 2161 384 2195 et
408 2149 757 2207 philosophiam,
788 2150 869 2193 sed
898 2149 1171 2206 theologiam
1196 2149 1331 2192 etiam
1355 2150 1551 2191 doceant
1575 2148 1734 2192 nostri.
1762 2150 1904 2193 Pote-

272 2228 331 2272 rit
347 2228 483 2272 etiam
499 2226 702 2272 adhiberi
716 2226 1094 2283 superintendens
1111 2225 1332 2283 collegiis,
1345 2240 1462 2281 quae
1479 2241 1535 2270 eo
1553 2240 1743 2269 numero
1760 2227 1909 2269 abun-

270 2307 395 2358 dant,
422 2305 499 2361 qui
521 2320 547 2348 a
569 2311 746 2348 rectore
767 2304 863 2347 solo
892 2303 1139 2360 gubernari
1177 2303 1307 2347 facile
1339 2317 1430 2346 non
1460 2302 1617 2359 possit.
1644 2302 1734 2347 Vbi
1765 2302 1901 2347 etiam

270 2382 437 2438 alioqui
464 2389 612 2426 rector
632 2395 723 2424 non
746 2388 815 2424 sat
851 2380 1043 2424 idoneus
1078 2386 1356 2432 censeretur,
1383 2381 1454 2424 vel
1476 2379 1554 2422 vbi
1576 2378 1834 2423 necessario
1856 2379 1906 2422 in

271 2451 523 2510 ministerio
555 2457 732 2515 collegii
754 2457 943 2514 professi
965 2465 1270 2509 versarentur,
1296 2456 1381 2499 erit
1403 2471 1581 2512 semper
1609 2456 1901 2513 superinten-

270 2538 383 2580 dens
405 2537 652 2593 professus,
688 2534 863 2579 etiamsi
895 2542 997 2590 post
1033 2535 1268 2579 decretum
1291 2531 1377 2592 [21]
1413 2541 1495 2589 35³⁸
1527 2532 1908 2590 congregationis

270 2628 513 2659 necessum
537 2628 628 2656 non
652 2612 712 2656 sit
732 2620 765 2656 ².

358 2674 930 2747 Subministrum'adiicere
951 2687 1119 2744 poterit
1140 2686 1431 2743 prouincialis
1453 2686 1673 2743 collegiis,
1699 2702 1815 2743 quae
1843 2701 1905 2730 eo

268 2782 459 2812 numero
493 2767 676 2821 fuerint,
702 2772 750 2808 vt
782 2765 990 2808 videatur
1022 2764 1226 2808 minister
1258 2779 1396 2820 aegre
1427 2764 1636 2807 sufficere
1672 2778 1806 2819 posse
1842 2764 1902 2807 ad

268 2845 419 2887 omnia
441 2843 729 2900 particularia
750 2841 998 2886 ministeria
1020 2842 1249 2887 obeunda.

358 2920 740 2977 Quandoquidem
772 2919 884 2962 solet
913 2933 1012 2962 esse
1042 2917 1273 2962 molestiae
1296 2924 1341 2962 et
1370 2916 1611 2960 anxietatis
1639 2917 1773 2973 plena
1805 2930 1902 2959 non

337 3099 355 3115 a
382 3088 491 3122 Haec
508 3086 530 3121 8
550 3087 668 3122 verba
686 3084 816 3120 addita
835 3089 939 3128 sunt,
961 3083 1115 3131 scriptis
1134 3082 1311 3130 reliquis.
