2098 3470
776 245 1217 291 Summuranum—25
1697 245 1769 292 867

177 350 451 402 afficeretur,
476 336 615 405 longe
636 346 851 391 maiorem
875 346 922 389 in
944 360 1017 390 me
1039 360 1236 389 amorem
1260 346 1493 391 excitaret.
1517 344 1656 400 A'udi,
1679 350 1816 393 Pater

179 425 257 470 mi:
283 426 348 468 ita
367 439 547 481 semper
567 423 664 480 egit
690 422 933 466 nobiscum
962 423 1090 466 Deus
1122 422 1423 478 omnipotens.
1457 424 1694 480 Optimum
1725 424 1814 482 igi-

181 510 256 546 tur
276 502 533 558 exemplum
557 499 802 552 adduxisti,
827 514 918 542 non
941 513 1022 556 pro
1045 498 1245 554 quidem,
1271 501 1351 543 sed
1379 508 1536 543 contra
1568 508 1626 553 te,
1658 502 1809 554 Pater3

177 581 290 623 haec
317 578 439 623 enim
468 578 566 635 egit
592 579 818 621 hactenus
845 577 997 620 omnia
1023 575 1068 618 in
1099 583 1310 619 creatura
1331 591 1413 619 sua
1435 577 1654 641 immensa
1676 585 1813 633 atque

177 655 355 700 infinita
375 655 595 712 potentia:
618 654 842 699 laborauit
865 654 965 698 sine
986 654 1156 704 labore,
1188 653 1194 709 Ι
1223 660 1371 696 tactus
1392 662 1461 697 est
1483 655 1630 697 cordis
1658 655 1813 698 dolore

175 734 349 789 absque
380 719 556 784 dolore,
591 731 819 788 ingemuit
854 730 953 774 sine
985 730 1179 787 gemitu,
1215 730 1507 773 contristatus
1540 739 1609 774 est
1641 732 1813 787 absque

176 809 537 862 contristatione,
568 817 704 864 atque
731 809 779 852 in
808 810 933 851 hunc
961 808 1147 851 modum
1175 815 1425 851 creatorem
1455 822 1571 859 sese,
1598 817 1808 864 operato-

175 901 271 932 rem
291 893 431 942 atque
452 878 821 930 conseruatorem
844 884 1070 942 praestitit
1092 899 1242 928 rerum
1266 885 1484 929 omnium.
1510 886 1637 929 Haec
1662 894 1809 928 tamen

174 963 403 1008 hominem
428 977 519 1006 non
547 970 792 1007 mouerunt
821 963 879 1006 ad
907 962 1114 1005 timorem
1145 961 1231 1005 Dei
1260 969 1395 1016 atque
1423 976 1619 1005 amorem
1649 976 1812 1006 conse-

175 1041 408 1096 quendum
438 1041 502 1097 (vt
524 1040 604 1083 tibi
633 1040 769 1084 etiam
799 1039 982 1083 dificilia
1004 1039 1232 1090 videntur,
1258 1053 1374 1094 quae
1403 1038 1578 1094 possint
1600 1040 1655 1081 ad
1684 1053 1809 1081 amo-

176 1132 270 1161 rem
301 1118 484 1173 valere).
514 1120 751 1161 Postremo
778 1117 919 1174 igitur
945 1115 991 1159 in
1017 1124 1269 1172 temporum
1298 1115 1500 1171 ipsorum
1530 1115 1810 1171 plenitudine

175 1194 393 1251 explicuit
414 1209 551 1252 super
573 1194 723 1238 omnia
745 1209 881 1251 opera
909 1209 992 1238 sua
1014 1193 1346 1236 misericordias
1374 1193 1521 1236 David
1543 1201 1561 1218 ³
1581 1198 1667 1240 238
1695 1194 1810 1237 fide-

173 1271 240 1316 les
271 1273 283 1293 ¹
314 1271 693 1316 clementissimus
722 1273 874 1324 Pater,
906 1271 1028 1314 misit
1059 1270 1345 1327 vnigenitum
1370 1285 1520 1323 suum,
1553 1272 1721 1314 factum
1753 1285 1809 1314 ex

173 1348 380 1401 muliere,
416 1349 583 1392 factum
617 1350 844 1405 sublege,
872 1357 922 1391 vt
942 1348 961 1374 b
989 1363 1072 1391 nos
1104 1363 1129 1390 a
1160 1349 1264 1404 lege
1296 1348 1472 1404 peccati
1506 1360 1551 1391 et
1584 1348 1756 1400 mortis,
1784 1363 1808 1390 a

175 1425 415 1481 tyrannide
442 1425 608 1469 diaboli
636 1425 849 1470 liberaret
878 1427 911 1478 ²,
943 1427 1154 1469 laborans
1182 1439 1286 1468 cum
1315 1425 1484 1476 labore,
1516 1425 1675 1469 dolens
1703 1439 1806 1468 cum

170 1502 342 1555 dolore,
367 1517 574 1559 gemens,
600 1503 911 1555 contristatus,
936 1502 1148 1556 afflictus,
1167 1502 1326 1558 poenis
1348 1502 1559 1544 omnibus
1583 1516 1635 1544 30
1659 1510 1805 1545 morte

169 1591 278 1623 vere
298 1581 506 1624 affectus.
527 1581 688 1635 Itaque
711 1595 790 1636 per
806 1581 989 1623 modum
1006 1579 1256 1623 laborantis
1273 1594 1325 1623 ea
1343 1586 1360 1604 0
1377 1579 1662 1622 substinebat
1680 1581 1806 1622 Deus

170 1664 278 1701 ante
309 1658 512 1700 Verbum
546 1657 848 1711 incarnatum,
880 1657 1047 1713 quibus
1071 1657 1254 1700 volebat
1275 1656 1482 1700 homines
1506 1657 1563 1699 ad
1584 1656 1803 1706 dolorem,

173 1733 398 1787 timorem,
415 1733 549 1777 simul
566 1742 612 1778 et
630 1735 688 1777 ad
705 1748 904 1778 amorem
928 1734 1133 1779 excitari.
1152 1735 1218 1777 Ea
1236 1747 1340 1777 cum
1364 1748 1454 1776 non
1480 1734 1747 1790 prodessent
1768 1732 1803 1784 d,

167 1817 354 1867 propter
375 1811 562 1854 humani
585 1811 734 1854 cordis
754 1811 967 1854 duritiam
990 1811 1318 1863 incredibilem,
1343 1810 1568 1868 disposuit
1589 1812 1716 1854 Deus
1732 1810 1807 1852 illa

166 1887 213 1929 in
245 1902 295 1931 se
322 1895 339 1914 ⁶
367 1888 598 1945 suscipere
630 1903 710 1946 per
730 1889 1077 1940 humanitatem,
1102 1889 1148 1931 in
1181 1903 1271 1944 qua
1300 1903 1407 1932 vere
1439 1903 1493 1931 ea
1525 1887 1806 1943 experiretur

166 1977 223 2007 30
246 1971 480 2020 pateretur
500 1964 525 2018 f,
550 1973 600 2008 vt
621 1965 710 2009 iam
732 1964 845 2008 nihil
871 1973 1008 2018 esset,
1041 1966 1162 2009 vnde
1189 1980 1375 2010 mouere
1404 1964 1630 2007 hominem
1663 1966 1798 2008 vehe-

165 2041 362 2086 mentius
384 2050 554 2098 posset.
587 2044 742 2098 Atque
765 2043 897 2095 adeo,
923 2045 1010 2086 hoc
1032 2042 1156 2095 audi,
1181 2043 1250 2085 vir
1271 2042 1548 2086 doctissime:
1576 2042 1803 2085 excellen-

165 2117 255 2163 tiae
283 2119 507 2174 quaedam
538 2121 636 2163 Deo
665 2119 710 2162 in
739 2119 964 2176 scriptura
986 2120 1182 2163 tributae
1211 2135 1312 2164 esse
1333 2119 1562 2170 videntur,
1588 2118 1663 2160 vbi
1686 2117 1804 2174 legi-

164 2209 267 2238 mus
285 2196 493 2241 laborare
515 2198 681 2249 Deum,
706 2197 860 2241 dolere
882 2205 916 2239 g:
941 2197 1039 2240 illas
1062 2208 1154 2239 non
1177 2196 1324 2253 potuit
1348 2211 1489 2252 purus
1513 2198 1650 2237 homo
1672 2210 1800 2250 prae-

164 2280 285 2316 stare
314 2274 386 2316 vel
419 2274 600 2329 assequi
633 2273 668 2328 11;
699 2275 824 2318 solus
851 2289 961 2318 vero
987 2273 996 2299 ²
1018 2274 1064 2316 id
1087 2274 1233 2330 potuit
1257 2273 1522 2329 vnigenitus
1553 2272 1637 2316 Dei
1660 2271 1797 2322 filius,

164 2349 315 2394 factus
339 2351 493 2403 homo,
525 2351 604 2406 qui
624 2351 670 2395 in
693 2351 909 2395 vniuerso
931 2365 1042 2395 suae
1070 2351 1220 2394 carnis
1248 2350 1480 2406 mysterio,
1506 2349 1558 2391 -in
1588 2348 1798 2391 omnibus

163 2426 505 2482 operationibus
533 2429 831 2473 excellentem
853 2444 903 2473 se
924 2428 1135 2485 praebuit
1157 2443 1294 2484 supra
1316 2427 1517 2470 omnium
1542 2424 1796 2467 mortalium

160 2510 369 2548 naturam
392 2505 466 2548 vel
488 2513 687 2561 captum.
709 2507 842 2549 Hanc
859 2505 1195 2558 excellentiam,
1215 2507 1339 2547 hunc
1361 2517 1597 2547 excessum
1617 2502 1627 2534 3
1645 2516 1795 2545 rerum

230 2650 249 2668 ὃ
289 2641 486 2678 ‘iteratum
504 2643 579 2678 hoc
599 2644 710 2679 verb.
731 2643 771 2679 in
790 2654 862 2679 ms·
913 2645 980 2672 ——b
998 2643 1077 2678 Hic
1095 2643 1233 2690 incipit
1252 2655 1388 2678 manus
1408 2641 1568 2677 librarii.
1619 2649 1683 2667 —c
1710 2640 1794 2674 Hoc

161 2701 271 2736 verb.
290 2712 311 2735 a
330 2701 422 2738 Nat.
442 2701 632 2738 additum.
683 2704 750 2730 —d
777 2703 983 2738 Emendat.
1003 2714 1025 2738 a
1043 2703 1134 2739 Nat.
1155 2715 1204 2738 ex
1218 2702 1446 2750 proficeret.
1498 2710 1561 2727 —e
1587 2699 1791 2734 Emendat.

157 2770 179 2793 a
198 2758 289 2798 Nat.
309 2771 360 2795 ex
377 2762 574 2808 disposuit
592 2763 635 2798 in
653 2774 707 2800 se.
759 2764 820 2790 -f
840 2762 1048 2798 Emendat.
1069 2775 1091 2798 a
1111 2762 1200 2797 Nat.
1222 2774 1270 2797 ex
1290 2763 1333 2797 in
1358 2773 1438 2806 qua
1456 2772 1545 2795 vere
1569 2771 1615 2794 ex
1638 2770 1681 2793 re
1706 2759 1791 2804 ipsa

153 2820 411 2866 experiretur
433 2833 482 2857 ac
501 2822 784 2859 substentaret.
833 2833 901 2857 —g
925 2822 1184 2858 Emendatum
1210 2834 1259 2857 ex
1282 2822 1430 2861 dolere,
1449 2818 1694 2855 contristari.
1749 2838 1792 2843 —

157 2878 176 2905 h
204 2877 407 2915 Emendat.
438 2891 460 2915 a
491 2881 582 2917 Nat.
607 2893 658 2917 ex
687 2883 881 2928 accipere,
904 2881 1008 2928 quod
1027 2881 1110 2917 fere
1134 2881 1343 2927 scripserat
1374 2878 1566 2914 librarius.
1620 2878 1675 2904 —i
1708 2878 1791 2911 Hoc

156 2938 267 2975 verb.
286 2938 408 2975 addit.
427 2951 449 2975 a
468 2940 559 2976 Nat.
609 2941 666 2975 —i
690 2953 872 2978 excesum
891 2953 965 2978 mS.

222 3056 238 3081 =¹
289 3059 406 3107 ISAI„
424 3059 506 3105 LV,
526 3062 567 3098 3.
1215 3062 1228 3080 ²·
1280 3058 1401 3101 GAL„
1422 3056 1486 3101 IV,
1508 3067 1542 3101 4,
1564 3064 1598 3099 5.
