2098 3470
573 253 849 290 Monmmnn
874 259 1131 288 Pnovmcmn
1157 250 1472 296 Aus‘rmAE—49
1720 250 1791 298 289

187 357 310 410 fico,
349 370 468 412 quas
495 354 839 399 communiones
874 368 962 397 nos
991 367 1084 396 non
1116 367 1361 409 possumus
1390 351 1663 397 ministrare.
1700 355 1839 410 Quod

202 434 367 478 attinet
386 434 446 476 ad
466 446 688 484 carceres,
713 430 828 477 nulli
847 431 958 476 dent
980 429 1368 482 communionem,
1393 443 1478 473 nec
1501 431 1586 473 sub
1615 446 1721 484 vna,
1751 445 1837 476 nec

202 511 291 556 sub
312 517 521 565 utraque,
546 507 912 565 quandoquidem
930 507 1016 551 ista
1033 505 1294 550 communio
1309 508 1539 550 censenda
1556 514 1626 551 est
1643 522 1725 563 pro
1742 508 1839 551 via·-

200 587 311 640 tico,
336 587 410 631 uel
432 601 584 631 annua
604 584 825 644 paschali.

292 665 533 708 Extremae
553 663 782 707 vnctionis
802 668 1138 706 sacramentum
1160 676 1219 705 ne
1240 660 1559 705 administrent
1580 662 1722 705 nostri
1750 664 1779 707 ¹.

294 742 422 786 Ordo
443 741 749 784 constituatur
777 739 1159 796 quemadmodum
1186 738 1398 781 dicantur
1425 753 1554 782 sacra
1582 739 1743 782 diebus
1773 741 1839 782 fe-

204 818 304 871 stis,
335 817 599 875 praesertim
626 831 719 873 quo
742 824 945 873 tempore
973 823 1187 859 cantatur
1208 830 1438 858 summum
1466 830 1664 868 sacrum,
1697 832 1755 861 ne
1777 817 1840 860 si-

207 896 303 938 mul
324 902 392 938 tot
423 902 589 939 exeant
620 894 694 938 uel
726 893 936 937 confusio
966 889 1062 946 fiat;
1092 899 1139 936 et
1165 892 1252 935 illis
1284 892 1446 936 diebus
1477 893 1672 936 addatur
1705 894 1840 938 etiam

207 971 370 1015 tertius
391 970 684 1014 sacristanus.
965 958 972 964 ’

296 1049 523 1092 Candelas
543 1061 627 1104 pro
648 1047 883 1103 sepultura
905 1048 1095 1090 fratrum
1117 1053 1237 1090 emat
1259 1046 1525 1103 collegium.

295 1123 655 1181 Diligentissime
676 1131 806 1167 curet
826 1124 1119 1180 prouincialis
1140 1138 1222 1180 per
1242 1138 1367 1175 suos,
1391 1132 1437 1166 et
1459 1132 1608 1167 rector
1629 1139 1711 1180 per
1732 1139 1782 1169 se
1798 1133 1844 1168 et

206 1216 288 1260 per
308 1201 582 1254 ministrum,
607 1201 824 1244 adhibitis
845 1201 1048 1254 sindicis,
1079 1208 1131 1244 ut
1161 1200 1446 1257 extirpentur
1466 1215 1523 1244 ex
1550 1202 1845 1246 recreationi-

207 1279 297 1322 bus
326 1267 574 1331 irrisioneS,
614 1277 948 1331 contentioneS‚
967 1285 1035 1339 ‚et
1071 1284 1361 1334 contemptus
1394 1279 1734 1334 theologorum,
1774 1281 1845 1324 uel

208 1355 605 1413 philosophorum3
636 1354 689 1398 et'
710 1354 1079 1399 animaduertant
1106 1369 1163 1399 ne
1191 1357 1309 1399 forte
1335 1355 1431 1408 fiat,
1464 1362 1516 1398 ut
1541 1356 1846 1400 defendantur

209 1433 257 1486 ii,
281 1433 360 1489 qui
375 1433 676 1477 deseruerunt
697 1431 991 1485 Societatem,
1015 1439 1063 1475 et
1082 1432 1122 1475 si
1143 1447 1262 1488 quae
1277 1432 1393 1492 aliae
1410 1433 1681 1489 obreperent
1697 1433 1846 1477 disso-

210 1509 428 1563 lutiones;
460 1516 507 1554 et
534 1508 581 1552 in
617 1508 689 1551 his
716 1509 854 1552 rebus
879 1509 1095 1552 omnibus
1131 1509 1336 1566 grauiter
1363 1509 1770 1563 animaduertatur,
1802 1519 1847 1556 et

211 1587 338 1630 nullo
358 1593 495 1642 pacto
517 1586 791 1642 disputetur.

299 1664 438 1708 Nullo
459 1670 596 1719 pacto
619 1663 906 1719 permittatur
929 1663 1046 1706 inter
1068 1665 1228 1707 Patres
1255 1671 1302 1708 et
1328 1664 1492 1708 fratres
1519 1664 1767 1721 disputatio
1789 1667 1847 1709 de
1901 1723 1908 1725 μ
1934 1711 1940 1715 ,
1982 1691 1989 1699 =

210 1739 535 1785 controuersiis
557 1740 630 1783 uel
650 1740 821 1784 defide
842 1739 1085 1784 catholica.

299 1819 391 1862 Pro
412 1819 467 1862 P.
491 1816 662 1869 Natali,
686 1817 832 1862 donec
854 1824 924 1861 est
945 1817 991 1859 in
1016 1817 1275 1863 uisitatione
1292 1820 1453 1862 harum
1476 1827 1559 1873 4.οῐ
1585 1819 1847 1876 prouincia-

210 1910 328 1949 rum,
352 1895 472 1941 sicut
492 1902 562 1938 est
583 1894 840 1938 ordinatum
857 1895 903 1938 in
920 1895 1019 1938 aliis
1030 1895 1293 1951 prouinciis,
1314 1896 1485 1952 singuli
1502 1898 1763 1941 sacerdotes
1784 1899 1846 1941 fa·

175 1991 185 2001 ’
209 1972 331 2016 ciant
354 1986 494 2016 unum
516 1985 695 2014 sacrum
717 1970 907 2028 singulis
927 1972 1242 2025 hebdomadis,
1266 1981 1311 2016 et
1337 1988 1431 2017 uno
1458 1974 1595 2017 etiam
1623 1974 1713 2027 die,
1739 1990 1843 2018 cum
1892 1975 1895 1978 ’

209 2049 402 2094 audiunt
422 2062 601 2092 sacrum
625 2049 802 2101 fratres,
827 2056 958 2093 orent
978 2049 1270 2105 peculiariter
1291 2065 1376 2107 pro
1400 2052 1559 2095 eadem
1588 2067 1653 2105 re3
1685 2067 1846 2096 omnes

211 2139 322 2170 uero
338 2123 596 2169 sacerdotes
616 2125 662 2168 in
685 2125 897 2168 omnibus
918 2126 1067 2169 missis
1088 2126 1283 2183 aliquam
1306 2127 1404 2172 eius
1427 2128 1490 2172 rei
1513 2129 1774 2173 memoriam
1798 2130 1845 2172 in

216 2205 499 2248 «Memento»
524 2202 747 2246 faciant...

303 2279 397 2335 Qui
419 2286 526 2322 sunt
548 2278 711 2323 initiati
732 2278 873 2322 sacris
905 2279 1157 2334 ordinibus,
1183 2281 1232 2323 hi
1263 2281 1410 2338 primo
1439 2296 1621 2339 quoque
1645 2292 1847 2339 tempore

211 2362 582 2413 promoueantur3
622 2355 887 2398 nominatim
926 2370 1036 2399 uero
1073 2357 1335 2414 Stephanus
1372 2358 1631 2414 hungarus,
1666 2367 1710 2403 et
1734 2360 1845 2402 Cor-

212 2433 402 2478 daneus.

305 2508 506 2565 Inquirat
529 2508 821 2565 prouincialis
842 2509 888 2552 in
911 2509 1105 2567 singulis
1125 2511 1346 2568 collegiis,
1372 2512 1409 2555 si
1429 2513 1505 2567 qui
1529 2513 1633 2565 sint,
1656 2513 1732 2568 qui
1755 2527 1846 2555 non

84 2591 94 2598 “
146 2578 150 2579 ⁷
214 2585 406 2631 fecerint
433 2585 647 2630 exercitia
676 2585 942 2642 spiritualia,
980 2595 1024 2632 et
1062 2587 1149 2631 illis
1186 2597 1316 2633 curet
1353 2589 1450 2631 dari
1482 2589 1627 2644 primo
1664 2604 1847 2644 quoque

78 2662 122 2691 ”-
174 2674 178 2675 ⁷
219 2669 437 2719 tempore.

304 2739 560 2796 Diligenter
601 2754 687 2782 suo
726 2747 928 2796 ternpore
971 2749 1271 2786 exerceantur
1304 2742 1405 2786 illae
1453 2743 1843 2796 mortificationes,

217 2831 334 2874 quae
354 2817 502 2860 solent
523 2817 715 2872 proponi
735 2816 929 2873 singulis
957 2818 1103 2871 annis,
1134 2826 1180 2861 et
1208 2834 1299 2862 non
1328 2819 1539 2862 omittant
1570 2820 1843 2875 superiores,

217 2893 256 2937 si
289 2907 406 2949 quae
427 2893 517 2936 sint
553 2893 911 2938 intermissiones
948 2895 1062 2939 aliae
1094 2895 1363 2948 studiorum,
1400 2910 1560 2939 curare
1600 2904 1663 2947 ut,
1704 2897 1742 2938 si
1770 2897 1847 2951 qui

290 3060 300 3081 ¹
346 3062 432 3107 Jam
451 3065 558 3107 patet
574 3059 639 3095 hic
656 3060 719 3106 agi
738 3062 787 3095 de
807 3067 1051 3097 sacramento
1070 3062 1244 3097 externis
1263 3073 1339 3097 non
1366 3061 1619 3096 ministrando
1643 3074 1664 3096 a
1683 3063 1843 3101 nostris,

395 3125 511 3154 Emsr.
531 3124 570 3152 P.
590 3124 726 3160 NADAL,
745 3132 820 3153 τοκ.
841 3125 902 3154 1V.
1636 3127 1673 3154 20
