2098 3470
311 241 382 277 866
886 245 1026 282 Episr.
1053 245 1098 281 Ρ.
1127 245 1160 280 N
1165 254 1189 281 Α
1196 254 1278 281 DAL

268 343 584 401 splendissima
621 344 695 387 illa
722 359 832 389 suae
860 345 1112 390 diuinitatis
1140 347 1259 399 luce,
1284 347 1395 390 nihil
1423 347 1681 393 dimouetur
1709 351 1765 394 ab
1797 350 1898 395 infi-

266 421 359 464 nita
382 420 589 465 immensi
611 422 682 465 sui
706 422 880 466 roboris
909 423 1179 467 constantia.
1211 423 1218 480 Ι
1245 423 1429 467 —Nihil
1457 425 1640 479 certius,
1666 426 1779 470 nihil
1807 435 1897 472 tam

264 498 587 543 necessarium.
616 498 741 554 Quid
759 506 807 542 tu
826 499 910 552 vis,
931 500 1040 556 quid
1056 507 1285 556 expectas,
1306 515 1545 558 quousque
1570 504 1751 548 tandem
1773 519 1896 548 amo-

266 590 361 619 rem
384 589 477 618 non
500 575 722 631 concipis?
746 578 889 620 Putas
913 592 969 621 ne
999 577 1241 632 aliquando
1265 577 1360 620 fore
1389 585 1436 620 vt
1459 578 1504 621 in
1527 578 1614 622 illis
1636 581 1824 636 laboret,
1850 582 1895 626 in

263 652 352 695 illis
375 652 603 709 affligatur
626 651 772 696 virtus
794 653 968 696 diuina?
991 655 1154 697 Nonne
1177 661 1246 697 sat
1269 662 1338 698 est
1361 654 1441 697 tibi
1464 655 1501 698 si
1523 655 1568 698 in
1592 655 1678 699 illis
1699 671 1780 714 per
1801 673 1896 702 mo-

263 730 371 772 dum
391 743 438 772 se
462 736 591 785 gerat
613 729 881 773 laborantis?
903 732 1066 773 Nonne
1089 730 1198 773 satis
1219 731 1360 775 habes
1383 731 1420 774 si
1448 731 1617 784 infima,
1644 713 1681 775 si
1699 734 1893 790 abiecta,

264 806 300 848 si
319 806 501 858 afflicta,
516 805 683 861 siquae
699 814 858 850 contra
874 821 1002 850 suam
1021 806 1220 862 alioquin
1238 815 1391 852 essent
1404 809 1701 863 voluntatem,
1714 821 1898 867 propter

265 891 309 928 te
326 885 454 940 agat?
471 882 519 940 Si
538 882 640 938 quis
662 884 734 926 vel
750 883 990 927 scintillam
1009 883 1146 927 sentit
1164 883 1211 926 in
1229 885 1364 929 corde
1382 885 1525 928 diuini
1545 887 1615 930 vel
1638 886 1802 930 amoris
1825 890 1897 932 vel

266 959 492 1012 desiderii,
519 966 565 1004 et
586 959 658 1003 his
686 974 776 1003 non
800 968 1026 1012 mouetur,
1053 962 1176 1004 hunc
1193 976 1282 1017 ego
1299 971 1455 1017 aptum
1473 963 1531 1005 ad
1554 964 1896 1020 contemplatio-

262 1052 365 1082 nem
389 1051 480 1079 non
505 1036 635 1081 facile
657 1038 854 1089 credam,
877 1038 946 1081 vel
965 1046 1088 1090 certe
1111 1036 1194 1078 236
1211 1039 1402 1082 verebor
1419 1054 1477 1083 ne
1505 1038 1567 1082 illi
1595 1039 1792 1084 charitas
1810 1041 1897 1085 Dei

262 1113 527 1158 obcalluerit
549 1128 733 1170 quoquo
754 1122 904 1169 pacto;
931 1129 1051 1166 nam,
1078 1114 1115 1157 si
1141 1114 1253 1157 nihil
1276 1115 1397 1158 aliud
1431 1122 1555 1160 certe
1590 1116 1896 1172 congemisci-

269 1205 370 1234 mus
394 1206 550 1235 omnes
572 1205 676 1234 cum
699 1190 921 1234 desiderio
944 1198 1180 1235 creaturae
1202 1200 1340 1247 atque
1364 1192 1636 1245 laboramus,
1658 1192 1703 1235 id
1725 1201 1743 1218 ³
1764 1193 1898 1236 simul

269 1268 406 1311 efficit
428 1269 556 1312 Deus
579 1274 715 1323 atque
733 1274 948 1323 operatur
970 1267 1016 1310 in
1039 1267 1185 1319 nobis,
1206 1268 1439 1325 indignius
1460 1268 1641 1324 quidem
1659 1284 1794 1325 quam
1818 1284 1899 1326 pro

265 1360 348 1388 sua
370 1345 547 1388 infinita
570 1345 736 1389 virtute
759 1351 895 1400 atque
919 1345 1133 1405 essentia.

349 1423 588 1465 Hactenus
621 1429 721 1465 tuas
755 1436 843 1478 ego
878 1422 1075 1465 rationes
1106 1422 1315 1475 subfulsi,
1348 1438 1405 1466 ne
1432 1422 1531 1466 illas
1559 1422 1895 1468 dissimulanter

263 1498 516 1555 transigere
533 1506 669 1555 atque
692 1498 836 1543 obiter
854 1498 871 1523 b
890 1514 1060 1555 posses,
1082 1500 1463 1554 quemadmodum
1482 1500 1757 1544 institueras.
1779 1500 1896 1544 Sunt

263 1577 394 1619 firma
416 1576 491 1619 illa
514 1583 591 1618 tua
619 1583 904 1632 argumenta,
935 1583 1043 1618 sunt
1065 1575 1284 1629 efficacia,
1311 1577 1462 1620 Pater.
1490 1577 1750 1631 Caeterum,
1774 1578 1896 1632 quod

259 1653 427 1697 videris
449 1652 879 1709 contemplationem
903 1661 1104 1696 nostram
1128 1654 1308 1698 eleuare
1331 1654 1538 1709 exemplo
1566 1653 1707 1709 patris
1734 1668 1892 1696 carna-
1914 1675 1917 1678 ·

260 1731 315 1774 lis
339 1730 606 1774 nobilissimi
634 1730 766 1783 velle,
796 1731 1038 1774 «Procedit
1067 1731 1246 1787 (inquis)
1275 1732 1388 1775 haec
1417 1731 1552 1774 huius
1575 1730 1659 1773 viri
1687 1730 1896 1774 conside·

259 1808 372 1851 ratio
402 1816 446 1852 et
475 1807 798 1863 contemplatio
819 1809 876 1851 ad
905 1823 1007 1852 eum
1039 1808 1240 1861 modum,
1265 1823 1356 1863 quo
1387 1808 1432 1850 in
1462 1808 1592 1851 nobis
1622 1807 1898 1852 excitaretur

259 1886 451 1928 affectus
474 1892 520 1928 et
548 1898 674 1927 amor
702 1884 707 1941 Ι
736 1885 793 1927 ad
815 1885 1041 1929 carnalem
1071 1892 1245 1940 patrem
1275 1885 1622 1938 nobilissimum,
1654 1884 1691 1928 si
1720 1883 1898 1927 videre-

258 1976 360 2005 mus
382 1977 487 2005 eum
516 1961 733 2005 afflictum
757 1976 839 2018 pro
867 1962 1043 2015 nobis»,
1069 1970 1157 2005 etc.
1183 1962 1367 2016 Nescio,
1394 1963 1532 2006 frater
1553 1961 1631 2016 mi,
1655 1961 1732 2004 vbi
1755 1967 1897 2004 terra·
1956 1982 1959 1985 ·

258 2054 357 2081 rum
391 2038 710 2095 peregrinatus
742 2053 792 2082 es
820 2040 906 2082 hac
933 2053 1142 2093 censura3
1179 2038 1493 2083 existimabam
1521 2039 1641 2104 enim
1671 2053 1760 2095 ego
1791 2037 1898 2081 solis

257 2115 345 2159 illis
367 2115 479 2159 locis
510 2116 568 2160 de
599 2116 755 2160 labore
786 2116 873 2160 Dei
905 2116 951 2158 in
985 2116 1135 2169 Esaia,
1160 2117 1218 2159 de
1249 2117 1403 2160 labore
1431 2116 1538 2159 item
1567 2115 1672 2172 Xpi.
1699 2122 1896 2158 nostram

257 2207 442 2236 causam
466 2193 618 2249 egisse
641 2201 701 2246 te;
728 2194 808 2236 sed
830 2193 964 2238 video
987 2195 1075 2237 hoc
1103 2200 1339 2250 praeterea
1367 2193 1574 2249 exemplo
1604 2199 1648 2235 te
1676 2191 1806 2236 nobis
1833 2191 1898 2234 ire

260 2270 510 2326 suppetias;
538 2285 640 2313 nam
664 2270 701 2313 si
720 2270 1061 2326 potentissimus
1079 2277 1216 2325 atque
1234 2269 1352 2313 idem
1372 2269 1750 2326 generosissimus
1767 2276 1783 2295 ⁰
1799 2284 1894 2321 rex,

259 2346 357 2390 sine
380 2347 550 2399 labore,
576 2346 674 2390 sine
696 2347 918 2401 molestia,
943 2361 1048 2390 cum
1071 2361 1250 2391 summa
1273 2346 1408 2391 etiam
1429 2345 1770 2401 tranquillitate,
1792 2359 1896 2389 cum

259 2438 437 2466 summa
455 2424 689 2480 voluptate
707 2437 759 2466 ac
776 2424 937 2480 gloria,
953 2424 1079 2477 mihi,
1093 2423 1266 2468 homini
1281 2423 1591 2467 vabiectissirno
1609 2430 1745 2478 atque
1762 2436 1896 2479 spur-

257 2500 460 2554 cissimo,
485 2500 743 2553 inseruiret,
764 2515 836 2545 me
854 2501 1058 2554 vestiret,
1078 2501 1339 2544 cubiculum
1363 2507 1655 2556 expurgaret,
1679 2499 1897 2543 lectulum

260 2582 586 2630 ster237neret,
613 2577 739 2621 cibos
762 2584 955 2633 pararet,
982 2577 1241 2622 comedenti
1265 2576 1556 2628 ministraret,
1582 2590 1744 2619 manus
1765 2576 1822 2619 ad
1845 2590 1897 2618 os

258 2654 537 2707 subleuaret,
564 2655 778 2699 mandere
800 2654 935 2698 etiam
958 2654 1084 2698 cibos
1107 2654 1302 2707 iuuaret,
1329 2653 1440 2696 nihil
1459 2660 1508 2695 tu
1526 2668 1583 2697 ex
1600 2652 1671 2696 his
1693 2651 1897 2696 ministe-

260 2729 336 2773 riis
359 2731 467 2774 mihi
489 2732 631 2776 velles
653 2730 818 2775 amoris
840 2731 1086 2785 conciliari3
1112 2738 1158 2776 et
1187 2738 1338 2774 tamen
1367 2729 1465 2774 sine
1492 2730 1646 2773 labore
1673 2730 1898 2785 laboraret

261 2822 340 2850 rex
363 2807 454 2859 ille,
480 2807 578 2851 sine
606 2807 850 2851 afflictione
879 2808 1178 2864 affligeretur.
1203 2808 1357 2864 Opera
1381 2814 1531 2851 tamen
1560 2821 1643 2849 sua
1664 2805 1897 2849 maiestate

260 2883 468 2940 indignia
489 2884 651 2929 obiret.
678 2885 817 2940 Quod
839 2884 877 2927 si
900 2884 945 2927 in
967 2884 1056 2927 illis
1073 2885 1314 2936 laboraret,
1335 2883 1630 2940 affligeretur,
1650 2881 1898 2939 ignominia

330 3061 349 3078 ἃ
399 3050 577 3088 Obscure
602 3058 820 3088 exaratum.
873 3053 938 3079 —b
971 3051 1146 3087 Confuse
1165 3050 1368 3097 scriptum.
1422 3059 1485 3077 -c
1508 3049 1799 3097 genorissimus
1823 3058 1895 3083 ms.
