2098 3470
319 264 390 308 692
795 264 950 300 Pau-ms
976 265 1219 300 annonvm
1246 264 1397 301 NADAL

363 366 473 408 Erat
496 364 696 421 quidam,
722 365 852 409 cuius
875 365 1100 410 orationes
1123 379 1177 408 eo
1199 374 1403 422 spectare
1424 366 1710 420 videbantur,
1737 375 1783 411 vt
1800 382 1910 412 con-

274 443 498 486 solaretur
515 449 560 487 et
577 443 723 487 laetus
739 442 930 487 seruiret
947 445 1062 486 Deo:
1083 450 1315 487 ostensum
1332 451 1484 489 autem
1501 451 1570 488 est
1591 444 1654 487 illi
1676 445 1913 490 sentienda

274 534 374 564 esse
403 519 690 563 incommoda
718 535 906 564 suorum
940 527 1247 576 peccatorum,
1283 535 1364 577 pro
1395 521 1484 565 illis
1516 522 1752 566 orandum.
1789 521 1912 566 Hinc

274 597 496 649 futurum,
516 603 566 639 vt
583 611 677 640 non
695 612 776 653 pro
793 596 1034 640 sensilibus
1051 597 1441 642 consolationibus
1454 606 1568 651 oret,
1589 599 1670 642 sed
1686 598 1915 656 intelligat

275 687 323 716 se
351 672 474 716 omni
511 673 792 717 desolatione
820 681 865 719 et
893 688 1039 729 poena
1067 673 1277 729 dignum.
1309 675 1366 717 Et
1393 675 1675 731 sissoquidem
1704 676 1910 719 consola·

276 750 422 795 tiones
452 757 680 806 petantur,
706 751 751 793 id
774 750 870 794 fieri
893 750 1116 806 intelligat
1139 752 1224 793 sub
1246 751 1519 804 conditione,
1546 759 1594 795 vt
1617 753 1671 795 ad
1695 752 1913 795 maiorem

236 880 242 886 ο
275 826 465 884 gloriam
489 826 576 872 Dei
598 827 833 880 adiuuent,
859 842 911 870 ac
934 834 982 869 vt
1005 827 1083 869 fiat
1105 826 1368 883 simpliciter
1391 829 1476 872 Dei
1498 830 1724 872 voluntas.

365 904 576 949 Efficacia
598 904 835 962 sanguinis
857 904 962 960 Xpi.
988 903 1233 960 spiritualis
1255 919 1347 948 non
1375 906 1520 948 solum
1550 905 1596 948 in
1629 905 1737 950 reali
1767 912 1913 959 tactu,

275 980 312 1024 si
335 981 480 1034 fieret,
505 982 585 1025 sed
606 981 653 1024 in
676 981 968 1025 meditatione
990 988 1035 1024 et
1056 980 1131 1036 pio
1150 988 1272 1024 tactu
1290 997 1371 1038 per
1388 982 1778 1039 imaginationem:
1799 984 1916 1026 haec

275 1059 446 1103 referas
476 1058 572 1102 suis
601 1058 811 1102 sensibus
843 1057 1027 1114 spiritus
1065 1058 1122 1100 ad
1153 1072 1311 1102 omnes
1343 1066 1471 1102 actus
1503 1058 1691 1112 Christi,
1726 1065 1823 1102 tum
1857 1060 1915 1103 ad

275 1135 522 1179 efficaciam
545 1135 691 1180 meriti
714 1134 901 1188 Christi,
927 1136 1015 1177 hoc
1039 1141 1124 1187 est,
1144 1136 1201 1178 ad
1217 1142 1369 1178 actum
1388 1135 1653 1190 voluntatis,
1675 1150 1765 1192 quo
1783 1136 1916 1180 nobis

280 1213 594 1258 merebatur...

366 1289 417 1332 In
433 1289 763 1342 incarnatione,
778 1289 956 1333 claritas
975 1305 999 1333 e
1017 1289 1144 1332 coelo
1161 1289 1441 1333 descendens
1458 1289 1504 1332 in
1522 1282 1758 1344 mundum,
1776 1297 1913 1345 atque

276 1381 524 1423 occupans,
550 1380 601 1409 ac
624 1366 768 1408 virtus
790 1365 944 1408 diuina
967 1365 1230 1409 hominibus
1251 1365 1408 1418 indita,
1433 1365 1555 1409 orbis
1577 1366 1811 1422 gaudium,
1830 1381 1914 1410 an-

271 1443 503 1500 gelorum,
529 1450 723 1499 patrum,
750 1442 987 1495 iustorum,
1014 1450 1156 1486 terror
1178 1443 1466 1495 daemonum,
1493 1442 1724 1486 reuocatio
1740 1451 1917 1488 creatu-

285 1535 360 1563 rae
382 1519 430 1562 in
451 1534 590 1564 sensu
612 1519 814 1576 spiritus.

370 1596 413 1642 61
434 1596 669 1657 -Νειῒίυἰῐειε
697 1596 882 1650 Christi,
914 1611 1129 1653 egressus
1158 1596 1332 1654 gratiae
1361 1598 1417 1639 ad
1446 1597 1769 1653 operationem:
1800 1598 1922 1642 vnde

285 1674 431 1718 oratio
453 1673 710 1728 Societatis‚
736 1689 792 1718 ex
813 1688 902 1729 qua
923 1674 1128 1718 extensio
1151 1675 1208 1717 ad
1230 1673 1490 1717 ministeria.

370 1750 587 1807 Mysteria
608 1750 875 1804 natiuitatis,
901 1758 949 1792 vt
971 1765 1025 1794 ea
1046 1750 1137 1794 sint
1158 1750 1205 1793 in
1233 1749 1401 1807 preciO,
1434 1764 1551 1805 quae
1581 1751 1780 1793 mundus
1807 1750 1919 1803 odit,

281 1834 539 1884 paupertas,
565 1828 732 1879 luctus,
756 1829 869 1870 haec
893 1827 1081 1870 assumit
1102 1829 1244 1880 Deus;
1271 1828 1387 1871 haec
1409 1827 1595 1870 laudant
1617 1827 1825 1883 angeli...

372 1903 552 1949 Scribat
574 1903 778 1960 Ignatius
800 1903 938 1946 vitam
961 1918 1105 1956 suam,
1131 1918 1220 1960 qua
1242 1918 1290 1947 re
1313 1902 1426 1945 nihil
1447 1909 1597 1959 potest
1618 1918 1740 1946 nunc
1762 1903 1921 1948 Vtilius

283 1981 415 2025 nobis
436 1988 481 2025 et
502 1980 720 2026 Societati
742 1982 904 2024 facere.
931 1980 1041 2024 Eius
1063 1980 1258 2036 aliquam
1277 1988 1446 2036 partem
1468 1987 1623 2036 postea
1640 1979 1821 2036 scripsit
1838 1994 1923 2037 per

292 2060 344 2102 P.
368 2057 652 2102 Lodouicum
675 2058 903 2112 Goncales
931 2059 960 2103 ¹.

374 2134 651 2179 Exercitium
681 2134 803 2191 regis
830 2134 1091 2191 temporalis
1115 2141 1162 2178 et
1189 2134 1473 2188 vexillorum,
1505 2134 1581 2176 vbi
1613 2120 1807 2190 primum
1848 2142 1921 2176 at-

286 2213 529 2270 tinguntur
549 2211 779 2264 exercitia,
805 2211 861 2254 ad
882 2211 1167 2255 vocationem
1189 2218 1393 2267 spectare
1415 2211 1580 2254 solent:
1600 2210 1676 2253 vbi
1695 2225 1803 2254 vero
1822 2209 1926 2266 quis

286 2290 375 2333 iam
398 2290 454 2333 ad
476 2288 749 2334 Societatem
777 2296 846 2331 est
875 2295 1080 2342 vocatus,
1111 2287 1289 2344 proprie
1317 2288 1373 2330 ad
1402 2287 1651 2332 ministeria
1680 2286 1927 2332 Societatis

288 2373 394 2411 sunt
415 2365 698 2423 applicanda,
723 2372 774 2408 vt
795 2380 850 2408 ex
872 2380 962 2408 vno
983 2365 1150 2410 sentiat
1178 2379 1227 2408 se
1254 2365 1407 2408 vocari
1434 2372 1480 2408 et
1508 2364 1637 2421 sequi
1671 2363 1926 2418 Christum,

288 2443 749 2489 mortifi64cationem
783 2442 1169 2496 circumferendO,
1209 2457 1261 2486 ac
1299 2441 1467 2486 Christi
1499 2441 1748 2498 perfectam
1776 2440 1928 2484 imita-

292 2522 478 2565 tionem.

380 2600 449 2641 Ex
475 2597 564 2640 alio
590 2604 640 2639 vt
668 2596 869 2653 quotidie
897 2611 1190 2639 accurramus
1222 2597 1278 2640 ad
1310 2596 1596 2640 Hierusalem
1629 2601 1676 2638 et
1708 2593 1928 2638 vexillum

293 2674 480 2727 Christi,
505 2681 554 2718 vt
575 2674 638 2717 ibi
659 2673 897 2718 audiamus
918 2673 1027 2729 quid
1049 2673 1203 2718 iubeat
1230 2673 1467 2717 Dominus.
1501 2673 1638 2728 Quod
1666 2672 1745 2714 fiet
1776 2670 1814 2714 si
1841 2672 1929 2713 hac

293 2751 636 2810 praeparatione
657 2750 794 2794 animi
815 2750 861 2792 in
883 2750 1045 2806 spiritu
1068 2749 1342 2806 accipiamus
1363 2749 1667 2794 obedientiam
1696 2746 1928 2804 praeposi-

294 2837 444 2872 torum
473 2834 744 2872 nostrorum.
771 2822 866 2882 'Qui
894 2828 979 2870 sub
1008 2826 1266 2871 obedientia
1294 2841 1386 2869 non
1414 2832 1536 2879 sunt,
1563 2825 1609 2868 in
1632 2839 1686 2868 ea
1707 2824 1804 2881 ipsa
1826 2838 1928 2867 ora-

294 2906 416 2951 tione
439 2905 672 2950 Christum
701 2905 957 2948 consulant:
988 2905 1113 2959 quod
1142 2918 1300 2947 omnes
1327 2917 1511 2947 seruare
1540 2909 1754 2959 poterunt
1781 2900 1827 2944 in
1855 2899 1927 2952 iis,

372 3075 382 3095 ¹
434 3073 529 3108 Eam
546 3073 648 3109 inter
665 3072 849 3108 Monam.
874 3071 1034 3118 Ignat.‚
1054 3082 1129 3107 ser.
1150 3071 1216 3115 IV,
1236 3071 1313 3108 vol.
1335 3070 1367 3114 Ι,
1386 3069 1594 3106 edidimus.
