2098 3470
211 0 251 72 taff*

251 0 430 29 wasta-³:212?
443 0 446 2 ’
459 0 594 30 *ruffin
623 0 705 26 *c*
742 0 766 25 «²

0 211 19 253 l.-
705 229 984 267 Mortuum-m
1009 224 1359 264 Garumnam—31
1737 233 1808 270 217

148 325 158 330 ⁸
206 334 325 378 dum
354 332 720 386 accuratissime,
755 332 860 386 sed,
892 338 942 374 vt
971 330 1019 374 in
1045 329 1310 382 Germania,
1338 328 1663 386 longanimiter
1690 343 1743 372 ac
1772 343 1856 385 pa-

136 445 142 459 ,
210 410 402 455 tienter.

303 488 423 532 Sunt
443 485 549 530 item
580 485 718 530 animi
747 485 1006 543 principum
1033 499 1091 528 ex
1118 483 1290 528 eisdem
1310 482 1544 540 principiis
1571 482 1845 534 humilitate,

0 524 28 634 ἵ
164 616 169 631 .
204 564 519 616 obseruantia,
544 562 801 608 reuerentia
817 562 880 605 ita
896 561 1140 615 tractandi,
1160 569 1211 603 vt
1227 549 1462 616 nunquam
1481 559 1563 611 eis,
1582 560 1734 614 quoad
1752 560 1851 602 eius

0 633 14 673 ὲ»
163 634 166 642 ’
212 642 366 685 facere
391 640 656 697 poterimus,
686 639 735 683 in
762 640 902 684 rebus
929 637 1123 695 agendis
1149 651 1441 694 praeeamus,
1469 644 1517 679 vt
1548 637 1637 678 vlla
1677 636 1851 680 ratione

206 716 447 761 videamur
469 717 586 762 velle
606 716 932 774 praescribere,
951 716 1034 760 sed
1054 730 1235 771 semper
1254 729 1312 758 ex
1332 714 1400 758 eis
1421 713 1574 758 omnia
1596 714 1719 756 bona
1741 727 1849 756 con-

204 793 310 837 silia
330 803 378 838 et
399 793 606 838 actiones
627 793 880 838 secundum
902 794 1052 836 Deum
1076 806 1184 848 prae
1215 791 1348 835 nobis
1377 791 1576 835 feramus
1603 790 1845 847 proficisci,

211 871 347 914 modo
371 869 419 914 id
439 885 546 914 vere
568 871 718 915 facere
739 869 982 926 possimus.
1007 869 1147 924 Quod
1167 868 1206 912 si
1226 867 1317 911 illis
1338 882 1422 911 nos
1443 867 1587 911 simus
1608 866 1846 910 consilium

203 946 364 990 daturi
389 954 410 972 ²
438 946 644 1002 aliquod,
675 947 797 1002 quod
825 945 910 1002 ipsi
939 946 1291 1002 amplectantur,
1321 945 1384 988 ita
1412 944 1525 987 illud
1552 944 1844 1000 accipiamus,

199 1024 339 1079 quasi
359 1025 419 1067 ab
435 1023 545 1080 ipsis
565 1024 677 1067 illud
698 1023 834 1068 etiam
855 1030 977 1068 esset
994 1022 1252 1067 inuentum.
1279 1022 1506 1067 Breuiter:
1530 1036 1710 1078 semper
1726 1021 1846 1064 inte-

207 1114 338 1156 gram
369 1115 527 1144 eorum
559 1099 876 1144 auctoritatem
907 1107 953 1143 et
981 1099 1263 1144 maiestatem
1284 1112 1611 1144 conseruemus
1638 1106 1685 1142 et
1713 1113 1845 1142 reue-

207 1191 403 1221 reamur.

278 1255 336 1299 ‘A
357 1254 525 1298 nostris
546 1255 815 1307 curandum,
840 1262 889 1297 vt
909 1255 1191 1311 depellamus
1212 1254 1334 1298 illam
1351 1254 1450 1298 siue
1467 1253 1726 1311 opinionem
1744 1253 1844 1296 siue

198 1331 517 1384 tentationem,
542 1346 660 1387 quae
681 1339 833 1388 potest
859 1331 947 1374 illis
973 1346 1076 1375 esse
1096 1331 1306 1384 molesta,
1339 1331 1535 1388 collegia
1564 1331 1841 1375 Germaniae

195 1408 346 1452 videri
372 1408 548 1466 negligi
575 1423 602 1452 a
627 1408 775 1462 nobis;
807 1423 943 1465 quam
971 1408 1232 1465 opinionem
1255 1408 1436 1452 fortasis
1458 1416 1707 1465 potuerunt
1728 1422 1838 1451 con-

200 1485 383 1529 firmare
403 1493 601 1529 euentus
622 1499 779 1529 earum
801 1485 1086 1538 missionum,
1110 1499 1228 1541 quae
1249 1500 1306 1529 ex
1328 1486 1455 1530 Vrbe
1482 1487 1630 1529 factae
1658 1469 1766 1528 s'unt
1793 1484 1840 1527 in

146 1595 149 1596 γ
191 1561 510 1616 Germaniam,
534 1570 632 1606 tum
653 1562 789 1606 etiam
811 1562 1087 1606 mutationes
1108 1571 1371 1606 nostrorum
1395 1563 1674 1618 frequentes;
1701 1577 1840 1618 quam

197 1638 460 1696 opinionem
481 1639 581 1684 siue
604 1639 902 1684 tentationem
926 1654 1086 1684 sanare
1108 1639 1376 1696 poterimus:

286 1716 508 1769 Primum,
532 1716 571 1760 si
591 1716 851 1773 intelligant
875 1719 1035 1761 Patres
1058 1717 1267 1774 germani
1288 1717 1535 1761 admodum
1554 1718 1720 1761 Rdum.
1742 1719 1837 1761 Pa·
1884 1750 1890 1754 -

198 1798 314 1837 trem
329 1794 592 1851 generalem
604 1793 885 1850 singularem
902 1794 1191 1848 charitatem,
1201 1802 1247 1839 et
1263 1809 1442 1851 gerere,
1461 1803 1507 1838 et
1523 1809 1710 1840 exerere
1726 1809 1838 1850 erga

187 1869 490 1914 Germaniam
511 1877 558 1914 et
579 1869 680 1914 eius
701 1870 915 1927 collegia,
942 1873 1104 1914 Patres
1125 1878 1172 1916 et
1193 1873 1374 1916 fratres.

282 1947 333 1992 Si
354 1947 537 1992 videant
559 1948 766 1992 eamdem
783 1962 944 1992 curare
961 1949 1143 1993 Patrem
1162 1957 1370 1993 nostrum
1386 1957 1435 1992 vt
1453 1951 1654 1994 habeant
1673 1951 1837 1993 Patres

51 2019 74 2049 ⁴²
185 2023 473 2076 assistentes,
498 2016 771 2069 secretarius
792 2033 839 2068 et
861 2024 935 2067 alii
958 2027 1244 2070 consultores
1266 2026 1460 2070 romani.

280 2100 332 2146 Si
350 2100 498 2144 sciant
515 2103 697 2145 Patrem
721 2109 927 2146 nostrum
949 2103 1213 2158 generalem
1232 2119 1311 2160 per
1327 2118 1377 2147 se
1394 2118 1556 2161 gerere
1574 2103 1761 2160 negotia
1779 2117 1832 2146 ac

185 2163 490 2234 prouis'iones,
515 2192 633 2234 quae
650 2179 771 2222 fiunt
791 2178 837 2222 in
860 2179 1124 2232 Germania,
1149 2194 1236 2224 nec
1259 2182 1391 2226 facile
1413 2181 1488 2224 illa
1512 2181 1744 2225 remittere
1774 2182 1832 2223 ad

188 2254 320 2299 alios.

275 2332 326 2378 Si
347 2347 441 2376 non
467 2333 735 2390 quorumuis
761 2335 1035 2386 sententiam
1068 2336 1126 2379 de
1158 2337 1296 2380 rebus
1333 2337 1609 2392 germanicis
1646 2338 1827 2393 probet,

178 2410 268 2454 sed
302 2424 459 2454 eorum
499 2411 665 2466 potius,
700 2411 748 2454 in
779 2412 946 2467 quibus
973 2421 1020 2457 et
1048 2413 1276 2470 insignem
1305 2423 1527 2469 agnoscet
1550 2429 1750 2458 amorem
1784 2422 1829 2456 et

178 2487 334 2531 'zelum
355 2487 403 2530 in
424 2488 736 2541 Germaniam,
759 2496 806 2532 et
828 2490 903 2545 qui
927 2490 1209 2548 singularem
1232 2492 1432 2535 habeant
1455 2507 1607 2536 rerum
1643 2506 1828 2548 germa-

69 2583 85 2605 -.·ν
107 2605 115 2611 „
180 2578 393 2608 mearum
415 2564 747 2620 cogn1tionem.

79 2627 90 2637 '
273 2638 323 2685 Si
338 2641 569 2685 existimet
579 2650 765 2699 propter
779 2643 1004 2688 infinitam
1022 2645 1249 2690 miseriam
1267 2661 1419 2690 rerum
1439 2646 1823 2702 germanicarum,

185 2731 241 2761 ac
262 2718 558 2763 ecclesiarum
580 2720 908 2765 desolationem
926 2721 960 2774 b,
981 2737 1082 2766 esse
1106 2722 1295 2779 primam
1319 2723 1540 2766 rationem
1564 2723 1823 2766 habendam

175 2794 304 2838 *illius
340 2795 553 2848 nationis,
592 2804 638 2840 et
674 2812 844 2854 magno
876 2798 1119 2856 priuilegio
1147 2815 1248 2844 esse
1278 2800 1325 2843 in
1358 2799 1652 2844 Germaniam
1685 2807 1824 2854 atque

176 2870 284 2915 eius
306 2871 501 2927 collegia
522 2874 759 2917 vtendum.

195 3005 202 3009 .
253 2987 273 3006 ⁸
321 2978 395 3016 Ms.
426 2979 668 3015 dederimm.
731 2982 799 3008 -b
835 2981 907 3017 Ms.
936 2984 1275 3029 germanicarum
1307 2983 1564 3022 ecclesiarum
1595 2994 1642 3017 ac
1671 2982 1824 3018 desola-

173 3039 349 3074 tamem.
