2098 3470
307 264 376 311 298
780 264 934 301 Purus
959 265 1202 300 Humoiwm
1226 263 1378 300 NADAL

349 367 491 410 Curet
523 366 648 418 item,
682 372 728 409 et
755 366 938 422 quidem
967 365 1329 422 diligentissime,
1361 372 1412 408 ut
1441 364 1732 420 quotidianus
1760 364 1892 408 cibus

259 443 318 486 sit
341 457 422 499 pro
445 457 528 486 sua
550 443 728 486 ratione
749 444 916 496 bonus,
941 444 1111 486 bonum
1134 442 1269 485 etiam
1287 442 1460 494 vinum,
1480 450 1526 486 et
1544 450 1592 484 ut
1609 456 1743 497 quam
1762 456 1888 485 mun-

258 519 443 564 dissime
466 519 618 563 omnia
641 528 981 576 praeparentur.

328 597 565 648 *Curetun
591 605 642 639 ut
665 597 908 652 collegium
932 611 1174 653 puerorum
1197 595 1255 639 sit
1283 610 1417 651 quam
1447 595 1812 647 mundissimum,
1844 602 1891 640 et

258 681 502 730 propterea
524 675 645 729 quod
667 674 795 730 pueri
816 675 967 718 solent
988 689 1086 717 esse
1109 673 1373 730 putidiores,
1400 672 1601 729 quotidie
1618 688 1694 728 per
1715 673 1889 715 fumum

257 743 453 805 aliquem
478 758 757 807 expurgetur
779 756 871 803 aer,
897 766 1051 795 eorum
1071 749 1312 806 praecipue
1330 749 1659 800 cubiculorum,
1680 762 1796 804 quae
1813 748 1891 791 illo

258 826 462 869 subsidio
485 841 623 883 egere
647 827 939 871 uidebuntur.

347 904 652 947 Prouideatur
679 919 736 947 ne
769 918 894 956 cura,
927 899 1060 959 quam
1090 905 1228 947 habet
1258 904 1603 947 Bartholomeus
1631 904 1686 946 de
1714 901 1884 953 culina,

257 994 361 1022 eum
380 981 616 1023 abstrahat
632 981 886 1025 necessario
904 996 929 1023 a
946 981 1366 1036 superintendentia
1382 981 1544 1022 domus
1562 986 1607 1023 et
1624 993 1885 1035 puerorum.

345 1057 539 1100 Videtur
560 1057 746 1100 omnino
769 1057 1052 1102 necessarius
1075 1057 1191 1100 alius
1212 1058 1409 1100 famulus
1431 1056 1477 1098 in
1501 1071 1554 1100 ea
1575 1057 1726 1108 domo,
1756 1070 1887 1112 prae-

256 1134 412 1177 sertim
436 1141 620 1190 propter
641 1134 922 1178 munditiem.

346 1211 512 1254 Nullus
535 1218 735 1254 mutetur
758 1213 895 1255 frater
919 1219 1073 1255 noster
1096 1212 1169 1255 uel
1198 1212 1332 1255 Pater
1360 1211 1406 1253 in
1428 1210 1623 1267 collegio
1651 1225 1772 1253 nouo
1801 1210 1888 1254 nisi

257 1303 283 1331 a
307 1288 575 1344 prouinciali
597 1288 711 1345 ipso.

346 1365 598 1417 Fratribus,
623 1365 701 1421 qui
723 1373 831 1408 sunt
852 1365 896 1408 in
920 1365 1114 1421 collegio
1137 1380 1274 1417 nouo,
1299 1366 1432 1408 detur
1459 1366 1603 1418 locus,
1629 1379 1763 1420 quam
1787 1371 1887 1420 pot-

256 1441 343 1485 erit
365 1442 773 1494 commodissimus,
799 1443 855 1485 ad
877 1443 1169 1485 studendum.

343 1518 392 1563 Si
416 1519 526 1574 quid
548 1526 618 1562 est
640 1518 963 1563 aedificaturus
985 1534 1065 1575 pro
1088 1518 1281 1575 collegio
1303 1533 1387 1562 suo
1412 1521 1464 1562 P.
1497 1518 1811 1563 Theodoricus
1838 1517 1887 1560 in

255 1610 311 1640 eo
340 1597 459 1649 loco,
485 1596 563 1651 qui
585 1596 671 1639 fuit
701 1596 743 1640 ei
770 1610 1014 1639 concessus
1038 1604 1162 1640 trans
1183 1596 1460 1648 columnam,
1485 1595 1595 1638 nihil
1618 1594 1810 1651 accipiat
1832 1609 1888 1639 ex

256 1673 349 1716 hoc
372 1672 586 1730 collegio.

345 1751 462 1794 Cum
486 1750 597 1794 uelit
619 1765 675 1794 ex
695 1749 822 1793 libris
844 1750 954 1802 suis,
980 1764 1095 1805 quos
1118 1750 1256 1793 habet
1277 1749 1351 1792 hic
1381 1751 1434 1793 P.
1468 1747 1798 1801 Theodoricus,
1829 1763 1889 1792 ne

254 1827 405 1870 mittat
425 1842 608 1883 pueros,
634 1828 714 1872 sed
736 1827 931 1882 aliquem
955 1829 1139 1870 fratrem
1157 1833 1379 1878 nostrum,
1405 1840 1508 1868 curn
1532 1825 1682 1881 aliquo
1699 1825 1885 1877 famulo,

255 1904 293 1947 si
315 1904 374 1947 sit
396 1903 720 1948 necessarium.

350 2071 385 2101 Ι.
454 2060 592 2103 Pater
613 2057 815 2101 minister
837 2058 1019 2101 uidetur
1040 2058 1289 2114 profecisse
1310 2058 1356 2100 in
1378 2057 1540 2100 studiis
1562 2056 1887 2114 philosophicis

256 2143 302 2179 et
341 2135 626 2192 theologicis,
659 2142 705 2178 et
737 2124 927 2178 casibus
951 2134 1274 2188 conscientiae,
1311 2149 1362 2177 ac
1400 2134 1536 2178 etiam
1567 2134 1613 2176 in
1645 2133 1884 2178 latinitate.

255 2213 360 2255 Non
385 2211 563 2256 uidetur
589 2212 719 2255 ualde
740 2220 872 2267 aptus
894 2212 951 2254 ad
973 2210 1124 2254 studia
1148 2211 1221 2255 uel
1249 2211 1306 2254 ad
1333 2211 1596 2267 legendum,
1622 2210 1727 2266 quia
1759 2209 1889 2254 facile

254 2289 430 2332 laborat
451 2304 508 2333 ex
529 2295 729 2345 pectore:
755 2287 955 2343 loquitur
977 2287 1131 2340 latine,
1157 2287 1432 2344 germanice,
1452 2287 1603 2331 italice
1625 2288 1758 2340 bene3
1778 2286 1887 2330 scri-

255 2364 320 2407 bit
343 2364 646 2418 mediocriter3
667 2365 789 2408 ualet
806 2364 1006 2420 ingenio,
1028 2364 1259 2416 memoria,
1280 2364 1543 2407 fortitudine
1560 2363 1776 2420 corporis;
1797 2377 1889 2406 non

255 2442 500 2485 admodum
523 2441 719 2497 diligens
742 2447 811 2484 est
831 2441 878 2483 in
902 2440 997 2483 suis
1018 2441 1195 2486 officiis.

345 2531 388 2563 2.
454 2520 507 2561 P.
533 2517 773 2561 Cornelius
796 2532 887 2560 non
909 2519 1107 2561 declarat
1134 2533 1184 2562 se
1212 2518 1406 2560 multum
1438 2516 1569 2561 scire.
1603 2518 1750 2560 Casus
1779 2530 1888 2560 con-

255 2595 472 2638 scientiae
505 2602 550 2639 et
582 2581 852 2650 scripturam
885 2602 1037 2650 posset
1070 2593 1288 2650 profiteri,
1324 2595 1404 2637 sed
1429 2594 1628 2637 remisse.
1665 2593 1889 2649 Loquitur

254 2671 408 2723 latine,
433 2671 668 2720 flandrice,
693 2670 862 2725 aliquid
885 2671 1052 2725 italice,
1076 2670 1338 2727 germanice
1359 2671 1451 2714 uix.
1485 2670 1654 2713 Scribit
1675 2671 1885 2714 obscure.

254 2748 447 2805 Ingenio
467 2755 513 2791 et
541 2747 756 2792 memoria
784 2748 1015 2792 mediocri.
1048 2749 1282 2791 Robustus
1310 2762 1498 2804 corpore
1525 2748 1600 2790 uel
1627 2747 1787 2791 saltem
1814 2761 1886 2790 sa-

253 2839 356 2868 nus.
382 2824 593 2881 Diligens
614 2823 662 2867 in
683 2824 779 2868 suis
801 2825 976 2868 officiis.

344 2915 385 2956 3.
451 2902 503 2944 P.
529 2901 807 2945 Adalbertus
829 2900 874 2943 in
898 2901 1084 2957 phisicis
1105 2909 1151 2946 et
1174 2900 1442 2958 theologicis
1464 2901 1658 2943 multum
1675 2899 1886 2957 profecit,

253 2986 300 3022 et
322 2979 379 3021 ad
399 2979 558 3021 eadem
581 2979 728 3034 aptior
748 2985 833 3031 est;
858 2978 1079 3023 lectiones
1103 2978 1384 3034 theologicas
1406 2985 1452 3021 et
1473 2977 1691 3033 positiuas
1722 2983 1767 3022 et
1787 2976 1889 3033 phi-

252 3055 511 3111 losophicas
534 3061 684 3111 potest
705 3054 921 3111 profiteri.
949 3055 1173 3110 Loquitur
1195 3054 1350 3110 latine,
1376 3053 1632 3105 bohemice,
1658 3052 1890 3110 germani-
