2098 3470
817 217 1250 259 msmucnonns-m
1733 215 1804 263 377

213 324 303 368 etit
324 325 397 370 vel
418 322 745 376 controuersia,
769 318 852 367 ver
862 321 1122 366 difficultas.
1155 307 1373 365 Refer-ent
1395 319 1522 371 item,
1548 318 1586 362 si
1624 318 1735 375 quid
1770 320 1854 362 ha-

217 401 356 447 beant
375 400 621 454 difficilius,
646 407 692 444 et
713 400 771 445 de
792 413 883 456 quo
905 397 991 443 sibi
1013 413 1107 441 non
1133 403 1328 448 constet,
1352 395 1489 440 etiam
1508 395 1730 439 consultis
1758 395 1855 439 suis

213 477 500 531 consiliariis,
523 476 788 534 praesertim
816 475 855 519 si
878 485 970 518 tam
992 489 1136 531 graue
1157 488 1251 517 non
1272 473 1347 525 sit,
1372 479 1422 515 vt
1451 473 1508 515 ad
1536 473 1681 516 solum
1712 487 1852 530 gene-

218 555 358 599 ralem
380 554 590 600 videatur
610 553 916 598 scribendum.
947 553 1019 596 De
1046 565 1138 608 quo
1175 557 1344 602 tamen,
1377 549 1415 593 si
1437 549 1687 606 periculum
1716 557 1786 593 est
1808 550 1854 592 in

215 645 362 684 mora,
386 631 661 688 respondere
682 629 848 687 poterit
869 627 1223 672 commissarius:
1250 633 1450 671 rectores
1475 641 1582 669 suas
1610 626 1855 670 difficulta—

215 715 290 753 tes
311 710 480 752 referre
500 714 716 764 poterunt
736 707 795 750 ad
826 704 1203 758 commissarium3
1228 704 1308 747 sed
1336 702 1399 747 ita
1431 709 1600 755 tamen,
1626 711 1675 745 vt
1699 704 1757 746 de
1780 717 1850 746 or-

213 785 407 839 dinariis
423 785 663 829 consulant
678 783 1020 841 prouincialem.
1046 781 1096 827 Si
1118 781 1229 838 quid
1251 788 1420 832 tamen,
1445 780 1518 823 vel
1548 780 1606 823 de
1629 779 1727 835 ipso
1750 795 1861 836 pro-¹

221 860 405 905 uinciali
426 863 625 905 habeant
646 860 815 920 dicere,
840 861 913 903 vel
935 859 974 903 si
991 858 1101 915 quid
1123 858 1199 911 sit,
1224 858 1347 914 quod
1368 873 1458 901 non
1482 864 1669 914 possent
1692 858 1748 899 ab
1777 857 1854 900 illo

214 939 454 995 consequi,
485 939 542 982 de
571 938 626 981 iis
653 938 776 994 apud
803 935 1164 981 commissarium
1197 949 1334 992 agere
1362 941 1594 992 poterunt,
1619 934 1692 977 vel
1722 949 1853 990 prae-

219 1022 374 1059 sentes
395 1017 551 1068 verbo,
575 1016 649 1059 vel
671 1016 884 1059 absentes
904 1028 985 1071 per
1012 1013 1187 1056 literas.

309 1093 448 1148 Quod
469 1090 575 1137 licet
611 1091 880 1143 rectoribus,
905 1090 1026 1135 idem
1054 1089 1322 1147 praepositis
1344 1089 1565 1132 localibus
1599 1095 1644 1132 et
1676 1089 1856 1145 praefe-

218 1169 311 1214 ctis
331 1169 652 1226 probationum
676 1167 947 1225 intelligitur
973 1167 1128 1220 licere3
1157 1165 1321 1223 poterit
1348 1167 1437 1209 hoc
1473 1165 1658 1210 extendi
1691 1166 1748 1207 ad
1771 1164 1855 1207 mi-
1895 1167 1899 1172 “

219 1227 390 1290 nistros
412 1253 459 1291 et
479 1246 781 1290 consultores.

316 1323 516 1368 Priuatis
537 1338 629 1367 non
650 1322 940 1380 permittetur
959 1321 1140 1378 quoties
1162 1320 1304 1366 velint
1326 1320 1541 1374 scribere3
1567 1320 1664 1372 sed,
1689 1319 1727 1363 si
1749 1319 1859 1375 quid

220 1400 349 1458 ipsos
370 1408 533 1458 vrgeat
560 1400 813 1452 molestius,
838 1399 916 1442 vbi
943 1399 1055 1442 nihil
1083 1398 1310 1456 reperiant
1347 1397 1538 1441 subsidii
1566 1412 1647 1453 per
1674 1397 1717 1441 31
1747 1411 1859 1440 con-

220 1476 486 1531 fessarium,
511 1484 736 1522 rectorem
760 1477 832 1520 vel
854 1475 1197 1533 prouincialem,
1221 1476 1295 1520 vel
1317 1475 1356 1518 si
1378 1474 1496 1530 quid„
1516 1474 1592 1528 sit,
1618 1474 1740 1530 quod
1767 1488 1858 1517 non

220 1553 359 1598 facile
380 1554 472 1598 dici
492 1555 657 1599 debeat
678 1553 843 1598 rectori
874 1554 946 1597 vel
975 1553 1260 1610 prouinciali,
1291 1561 1419 1605 tunc,
1445 1566 1502 1615 ex
1525 1551 1714 1595 consilio
1747 1565 1858 1594 con·

219 1630 415 1684 fessarii,
439 1638 655 1688 poterunt
675 1631 733 1675 ad
754 1630 1112 1675 commissarium
1134 1630 1352 1675 scribere.

312 1710 442 1754 Haec
465 1708 586 1752 dicta
607 1716 715 1751 sunt
737 1709 795 1753 de
818 1709 888 1751 2.¹²
913 1708 1087 1752 ratione
1109 1706 1422 1760 commissarii,
1448 1721 1565 1762 quae
1588 1714 1740 1751 tamen
1762 1722 1857 1750 ma-

218 1799 317 1843 gna
338 1801 396 1830 ex
417 1792 545 1842 parte
566 1783 782 1842 pendebit
804 1800 860 1830 ex
881 1784 1062 1842 propria
1089 1784 1389 1829 instructione
1416 1783 1644 1841 generalis
1666 1798 1858 1840 praepo-

224 1861 319 1917 siti,
343 1877 427 1920 pro
448 1861 680 1919 exigentia
702 1862 1015 1919 negociorum,
1041 1876 1159 1918 quae
1191 1869 1448 1906 occurrent.
1475 1862 1525 1904 In
1549 1862 1754 1918 gerendo
1776 1875 1858 1903 au-

217 1946 318 1988 tem
341 1939 607 1997 ministerio,
634 1939 745 1982 illud
769 1939 987 1996 imprimis
1008 1947 1054 1983 et
1077 1940 1287 1984 aduertet
1314 1947 1360 1984 et
1388 1938 1565 1982 curabit
1593 1938 1860 1982 commissa«

223 2014 340 2071 rius,
368 2023 419 2060 vt
440 2016 486 2059 in
509 2017 646 2061 rebus
669 2017 882 2060 omnibus
904 2024 1202 2060 conseruetur
1237 2016 1284 2060 in
1311 2031 1505 2068 summa,
1530 2016 1575 2058 id
1598 2023 1682 2068 est,
1709 2016 1756 2058 in
1778 2030 1861 2058 sua

221 2092 561 2138 existimatione
582 2100 629 2138 et
649 2093 936 2146 auctoritate,
962 2093 1246 2150 praepositus
1267 2093 1496 2150 generalis
1511 2101 1546 2139 ³.

218 2220 221 2226 ,Ἰ
316 2170 464 2215 Video
485 2172 604 2214 hanc
627 2178 723 2214 2.²¹¹¹
750 2170 970 2215 rationem
999 2170 1296 2214 commissarii
1329 2170 1472 2215 videri
1501 2185 1632 2227 posse
1661 2185 1751 2213 non
1780 2184 1861 2213 ne-

221 2246 483 2292 cessariam:
512 2254 558 2291 et
586 2262 704 2303 quae
731 2247 1079 2304 prouincialium
1107 2248 1346 2292 imminuat
1374 2248 1716 2299 authoritatem,
1742 2262 1860 2302 quae

217 2331 349 2368 ‚esset
370 2323 522 2380 potius
544 2322 663 2383 illi[s]
686 2325 916 2381 augenda.
943 2324 1051 2370 Scio
1071 2326 1175 2368 hoc:
1200 2326 1281 2369 sed
1303 2325 1416 2368 illud
1437 2325 1571 2368 simul
1600 2324 1858 2375 considero,

218 2414 319 2456 ,non
340 2407 511 2446 temere
534 2410 631 2445 ιω
652 2401 1058 2459 congregationem
1082 2401 1318 2458 reliquisse
1349 2403 1468 2445 hanc
1491 2402 1746 2446 libertatem
1778 2415 1836 2456 ge
1851 2427 1861 2430 -

225 2477 367 2522 nerali
401 2478 660 2536 praeposito
695 2479 957 2522 huiusmodi
993 2479 1353 2532 commissarios,
1392 2479 1470 2535 qui
1507 2479 1775 2522 continuum
1815 2484 1860 2521 et

225 2554 358 2610 quasi
381 2555 659 2599 ordinarium
682 2556 884 2600 officium
912 2564 1143 2614 gererent,
1168 2572 1261 2601 non
1289 2572 1390 2601 esse
1419 2556 1602 2612 quidem
1633 2555 1678 2598 in
1710 2563 1862 2610 poste-

215 2645 326 2676 ,rum
351 2631 712 2676 constituendos:
737 2634 819 2677 sed
839 2647 974 2689 posse
1003 2641 1154 2678 tamen
1182 2648 1288 2677 cum
1313 2633 1561 2677 necessitas
1591 2633 1662 2676 vel
1693 2631 1862 2674 vtilitas

226 2707 382 2764 magni
403 2709 637 2762 momenti,
662 2710 721 2754 de
746 2710 916 2754 iudicio
944 2711 1188 2767 generalis,
1213 2711 1326 2754 illud
1354 2711 1554 2753 officium
1585 2709 1859 2764 requireret,

217 2785 443 2846 {constitui
464 2793 574 2840 etc.;
600 2793 650 2829 vt
671 2787 869 2832 habetur
890 2788 947 2832 32
972 2802 1035 2832 xv
1057 2788 1183 2833 decr.
1212 2789 1221 2809 ¹
1249 2787 1351 2831 2.ᾱέιε
1375 2785 1748 2844 congregationis
1777 2799 1862 2841 ge-

247 2954 250 2955 r
286 2914 318 2951 *⁸
345 2954 350 2955 γ
366 2921 477 2967 Quae
495 2929 728 2970 sequuntur,
742 2923 874 2960 addita
892 2930 985 2960 sunt
1002 2926 1051 2961 ab
1070 2926 1193 2961 altero
1210 2926 1383 2971 librario,
1403 2924 1553 2960 Natalis
1572 2924 1746 2959 nomine.

303 3035 314 3056 ¹
364 3033 410 3069 In
427 3045 499 3070 ms.
518 3032 676 3080 quidem
698 3040 755 3076 153
775 3031 815 3067 in
832 3033 1006 3069 editione
1023 3039 1154 3070 autem
1174 3035 1278 3082 typis
1298 3046 1442 3070 excusa
1457 3041 1517 3070 est
1534 3033 1640 3070 decr.
1664 3042 1718 3070 11.
