2098 3470
292 266 364 302 444
397 276 404 282 ·
764 255 920 292 PATkls
947 256 1190 293 Hrssnonvru
1218 255 1368 292 NADAL

333 359 443 402 Eam
466 358 767 402 humilitatem
788 365 835 402 et
855 357 1158 403 obedientiam
1186 358 1415 401 adducant
1442 357 1489 402 in
1519 356 1871 410 consultatione,

242 449 362 490 quae
383 434 534 489 faciat,
559 450 650 478 non
673 436 821 478 solum
843 443 892 478 vt
919 450 1052 478 suum
1079 435 1166 491 ipsi
1196 434 1413 478 iudicium
1441 434 1608 478 iudicio
1635 449 1689 478 ac
1716 434 1874 480 defini-

244 512 355 555 tioni
371 513 614 568 superioris
636 512 920 566 submittant,
946 512 1021 555 vbi
1043 511 1212 568 aliquid
1234 512 1473 564 definierit,
1498 513 1578 555 sed
1601 519 1648 554 vt
1670 511 1806 556 etiam
1830 511 1876 555 id

246 588 413 632 faciant
449 604 554 632 cum
592 590 901 634 consolatione
939 590 984 632 in
1022 589 1275 634 humilitate
1311 603 1473 633 sensus
1495 588 1566 632 sui
1594 588 1642 631 in
1671 588 1875 641 Christo,

244 665 354 708 nihil
391 665 674 708 difficultatis
710 673 1049 710 conseruantes.
1090 665 1213 719 Nihil
1252 674 1401 710 tamen
1438 664 1636 708 obstabit
1673 663 1783 720 quin
1820 665 1878 708 de

244 742 588 787 definitionibus
610 749 837 787 rectorum
855 743 1027 799 possint
1049 743 1106 785 ad
1128 742 1468 798 prouincialem,
1493 742 1550 784 de
1571 741 1708 784 huius
1724 741 1782 784 ad
1799 755 1879 798 ge-

239 819 438 863 neralem
475 820 660 871 referre,
701 826 750 861 vt
787 819 848 862 illi
880 818 1097 862 iudicent.
1132 820 1273 862 Porro
1302 818 1511 874 quamuis
1534 817 1877 861 consultoribus

242 895 587 951 prouincialium
607 903 707 952 post
730 895 1019 952 prouincialis
1040 895 1350 939 definitionem
1372 895 1602 951 integrum
1625 893 1684 937 sit
1705 895 1763 938 ad
1790 908 1875 951 ge-

241 973 441 1016 neralem
465 972 770 1028 praepositum
789 973 971 1023 referre,
997 972 1168 1016 interea
1191 978 1341 1016 tamen
1365 971 1598 1014 debebunt
1620 970 1877 1027 prouincia-

242 1049 298 1092 lis
329 1048 548 1092 iudicium
577 1064 661 1092 suo
688 1050 930 1105 praeferre;
956 1056 1004 1091 vt
1027 1050 1208 1104 quando
1230 1049 1433 1092 referunt
1455 1050 1513 1093 de
1534 1063 1588 1093 eo
1610 1048 1667 1091 ad
1689 1048 1878 1105 prouin-

244 1126 420 1178 cialem,
437 1125 656 1169 iudicium
680 1126 866 1170 rectoris
889 1126 995 1168 item
1019 1140 1103 1168 suo
1125 1114 1401 1181 praeponere
1420 1125 1492 1170 196
1509 1126 1693 1170 debent.
1714 1126 1877 1181 Neque

245 1203 382 1256 enim,
407 1202 445 1245 si
467 1203 573 1248 licet
594 1203 879 1246 consultores
902 1203 1069 1246 referre
1098 1203 1154 1245 ad
1175 1202 1448 1259 superiores,
1472 1201 1626 1245 licebit
1647 1216 1739 1245 non
1767 1203 1879 1245 obe-

249 1279 344 1323 dire
367 1281 511 1323 donec
534 1280 712 1323 illorum
736 1279 904 1322 sciatur
927 1279 1159 1323 iudicium.

334 1357 542 1400 Caueant
565 1356 847 1399 consultores
876 1371 933 1400 ne
961 1357 1120 1400 eadem
1149 1363 1372 1412 repetant,
1398 1370 1515 1411 quae
1542 1354 1617 1398 alii
1644 1355 1875 1408 dixerunt,

244 1434 324 1477 sed
346 1433 610 1489 simpliciter
631 1448 682 1477 se
703 1433 856 1476 dicant
879 1433 923 1476 in
943 1448 1100 1478 eorum
1121 1432 1391 1478 sententiam
1411 1433 1493 1478 ire.
1514 1434 1712 1476 Tantum
1734 1433 1877 1476 anim-

242 1499 483 1555 aduertant
513 1510 550 1552 si
578 1510 687 1565 quid
714 1511 854 1554 velint
891 1511 963 1553 vel
1000 1511 1166 1554 addere
1194 1511 1266 1554 vel
1293 1509 1525 1553 diuersum
1554 1509 1720 1563 dicere,
1753 1517 1798 1555 et
1830 1510 1876 1553 id

246 1587 399 1630 dicant
422 1602 526 1630 cum
550 1587 672 1630 omni
694 1587 913 1630 modestia
936 1588 982 1630 in
1002 1587 1214 1631 Domino.

332 1665 464 1707 Vnus
485 1679 542 1707 ex
563 1663 688 1720 ipsis,
713 1679 848 1719 quem
866 1665 939 1709 vel
962 1664 1252 1720 prouincialis
1274 1665 1345 1708 vel
1367 1663 1706 1707 commissarius
1727 1663 1877 1707 nomi—

242 1741 421 1785 nauerit
445 1742 516 1785 vel
538 1741 779 1797 generalis,
806 1750 936 1798 geret
954 1757 1119 1785 munus
1137 1741 1448 1794 admonitoris,
1469 1756 1563 1784 non
1580 1755 1714 1785 secus
1738 1747 1876 1798 atque

241 1834 376 1861 suum
400 1820 537 1863 habet
566 1818 897 1862 admonitorem
919 1819 1162 1875 generalis.

332 1895 417 1939 His
439 1895 824 1939 admonitionibus
847 1896 910 1939 vti
931 1904 1146 1952 poterunt
1170 1896 1463 1952 prouincialis
1485 1897 1557 1941 vel
1579 1895 1875 1940 commissarii

239 1973 540 2025 consultores,
567 1972 653 2018 nisi
691 1974 814 2028 quod
836 1974 1004 2018 referre
1031 1974 1264 2017 debebunt
1285 1975 1342 2016 de
1363 1973 1418 2017 iis
1445 1973 1555 2030 ipsis
1583 1975 1640 2017 ad
1662 1972 1876 2016 commis-

243 2049 411 2093 sarium
434 2050 506 2093 vel
523 2050 799 2105 generalem.

335 2163 406 2208 197
824 2177 1053 2208 OFFICIUM
1092 2177 1425 2209 ADMONITORIS

331 2282 604 2326 Admonitor
625 2283 759 2325 datur
781 2283 1106 2337 commissario,
1130 2283 1503 2340 prouincialibus,
1527 2283 1794 2341 praepositis
1809 2285 1875 2327 lo-

243 2359 434 2412 calibus,
461 2359 714 2403 rectoribus
735 2367 780 2403 et
804 2360 1043 2416 praefectis
1065 2360 1400 2417 probationum,
1426 2375 1531 2404 cum
1554 2368 1623 2406 est
1645 2361 1874 2418 probatio-

240 2436 310 2478 nis
347 2436 512 2479 domus
543 2443 750 2492 separata
773 2452 798 2479 a
826 2436 1036 2493 collegio:
1067 2436 1262 2480 sumitur
1293 2444 1446 2481 autem
1476 2438 1564 2480 hoc
1594 2437 1794 2481 officium
1818 2453 1875 2482 ex

240 2512 414 2556 ratione
437 2513 579 2556 officii
600 2513 894 2557 admonitoris
916 2514 1162 2570 praepositi
1183 2515 1428 2571 generalis.

332 2589 402 2634 Sit
424 2590 678 2633 admonitor
705 2605 822 2633 vnus
845 2606 899 2634 ex
928 2590 1281 2644 consultoribus,
1306 2606 1397 2634 non
1419 2591 1518 2635 eius
1549 2590 1871 2644 confessarius,

244 2666 319 2710 cui
342 2666 598 2720 adhibetur,
623 2674 672 2710 vt
694 2667 873 2710 liberior
902 2682 1002 2711 esse
1033 2667 1175 2724 possit
1197 2667 1460 2720 admonitio,
1501 2675 1547 2712 et
1569 2667 1739 2712 versari
1760 2667 1874 2711 faci-
1899 2680 1911 2686 ³

242 2743 330 2787 lius
353 2744 398 2786 in
420 2745 518 2786 foro
541 2744 770 2788 exteriori.

331 2822 577 2875 Nunquam
600 2823 689 2864 hoc
710 2821 861 2864 officio
885 2822 1103 2877 fungatur
1125 2821 1211 2864 nisi
1232 2821 1356 2877 prius
1379 2821 1619 2877 specialem
1646 2823 1748 2866 Deo
1771 2835 1874 2864 ora-

241 2897 414 2940 tionem
437 2899 598 2941 offerat
619 2912 701 2954 pro
723 2912 792 2952 eo,
819 2905 868 2940 vt
884 2898 1125 2954 intelligat,
1150 2899 1315 2942 debeat
1332 2913 1389 2941 ne
1411 2898 1539 2940 illum
1556 2898 1800 2943 admonere
1817 2912 1873 2940 ex

242 2973 415 3016 officio.

331 3051 500 3094 Officio
524 3053 744 3108 fungatur
761 3065 866 3094 cum
884 3051 1035 3095 debita
1051 3051 1271 3095 modestia
1293 3059 1338 3096 et
1356 3050 1628 3104 humilitate,
1656 3059 1874 3108 tanquam
