<?xml version="1.0" encoding="UTF-8"?>
<!DOCTYPE html PUBLIC "-//W3C//DTD XHTML 1.0 Transitional//EN"
    "http://www.w3.org/TR/xhtml1/DTD/xhtml1-transitional.dtd">
<html xmlns="http://www.w3.org/1999/xhtml" xml:lang="en" lang="en">
 <head>
  <title>
</title>
<meta http-equiv="Content-Type" content="text/html;charset=utf-8" />
  <meta name='ocr-system' content='tesseract 3.04.00' />
  <meta name='ocr-capabilities' content='ocr_page ocr_carea ocr_par ocr_line ocrx_word'/>
</head>
<body>
  <div class='ocr_page' id='page_1' title='image "./epistolaephieron04nadauoft_0271.png"; bbox 0 0 2098 3470; ppageno 0'>
   <div class='ocr_carea' id='block_1_1' title="bbox 0 0 764 176">
    <p class='ocr_par' dir='ltr' id='par_1_1' title="bbox 0 0 764 176">
     <span class='ocr_line' id='line_1_1' title="bbox 0 0 764 176; baseline 0 3294"><span class='ocrx_word' id='word_1_1' title='bbox 0 0 764 176; x_wconf 95' lang='lat' dir='ltr'><strong> </strong></span> 
     </span>
    </p>
   </div>
   <div class='ocr_carea' id='block_1_2' title="bbox 551 257 1777 303">
    <p class='ocr_par' dir='ltr' id='par_1_2' title="bbox 551 257 1777 303">
     <span class='ocr_line' id='line_1_2' title="bbox 551 257 1777 303; baseline -0.002 -6"><span class='ocrx_word' id='word_1_2' title='bbox 551 260 827 297; x_wconf 67' lang='lat' dir='ltr'><strong>Moumrmrm</strong></span> <span class='ocrx_word' id='word_1_3' title='bbox 849 264 1099 296; x_wconf 66' lang='lat' dir='ltr'><strong>summu</strong></span> <span class='ocrx_word' id='word_1_4' title='bbox 1123 257 1467 296; x_wconf 79' lang='lat' dir='ltr'><strong>SUPEmORIS-38</strong></span> <span class='ocrx_word' id='word_1_5' title='bbox 1707 267 1777 303; x_wconf 78' lang='lat'><strong>245</strong></span> 
     </span>
    </p>
   </div>
   <div class='ocr_carea' id='block_1_3' title="bbox 157 359 1849 2416">
    <p class='ocr_par' dir='ltr' id='par_1_3' title="bbox 178 359 1832 1099">
     <span class='ocr_line' id='line_1_3' title="bbox 186 359 1825 417; baseline -0.005 -7"><span class='ocrx_word' id='word_1_6' title='bbox 186 380 258 410; x_wconf 81' lang='lat' dir='ltr'><strong>no</strong></span> <span class='ocrx_word' id='word_1_7' title='bbox 279 378 373 410; x_wconf 91' lang='lat' dir='ltr'><strong>non</strong></span> <span class='ocrx_word' id='word_1_8' title='bbox 394 362 480 407; x_wconf 88' lang='lat' dir='ltr'><strong>fuit</strong></span> <span class='ocrx_word' id='word_1_9' title='bbox 500 361 809 406; x_wconf 88' lang='lat' dir='ltr'><strong>intermissum</strong></span> <span class='ocrx_word' id='word_1_10' title='bbox 831 360 940 417; x_wconf 90' lang='lat' dir='ltr'><strong>quin</strong></span> <span class='ocrx_word' id='word_1_11' title='bbox 962 359 1207 416; x_wconf 88' lang='lat' dir='ltr'><strong>aliquando</strong></span> <span class='ocrx_word' id='word_1_12' title='bbox 1234 359 1538 403; x_wconf 80' lang='lat' dir='ltr'><strong>inuitarentur</strong></span> <span class='ocrx_word' id='word_1_13' title='bbox 1561 359 1736 404; x_wconf 85' lang='lat' dir='ltr'>externi</span> <span class='ocrx_word' id='word_1_14' title='bbox 1767 360 1825 402; x_wconf 88' lang='lat' dir='ltr'><strong>ad</strong></span> 
     </span>
     <span class='ocr_line' id='line_1_4' title="bbox 187 436 1826 497; baseline -0.005 -11"><span class='ocrx_word' id='word_1_15' title='bbox 187 440 460 497; x_wconf 78' lang='lat' dir='ltr'>collegium,</span> <span class='ocrx_word' id='word_1_16' title='bbox 483 439 562 482; x_wconf 93' lang='lat' dir='ltr'><strong>vbi</strong></span> <span class='ocrx_word' id='word_1_17' title='bbox 581 438 645 482; x_wconf 90' lang='lat' dir='ltr'><strong>ita</strong></span> <span class='ocrx_word' id='word_1_18' title='bbox 665 437 845 483; x_wconf 89' lang='lat' dir='ltr'><strong>videtur</strong></span> <span class='ocrx_word' id='word_1_19' title='bbox 867 446 1051 494; x_wconf 90' lang='lat' dir='ltr'><strong>propter</strong></span> <span class='ocrx_word' id='word_1_20' title='bbox 1072 436 1309 479; x_wconf 90' lang='lat' dir='ltr'><strong>hominum</strong></span> <span class='ocrx_word' id='word_1_21' title='bbox 1330 436 1617 493; x_wconf 90' lang='lat' dir='ltr'><strong>dignitatem,</strong></span> <span class='ocrx_word' id='word_1_22' title='bbox 1642 438 1714 481; x_wconf 88' lang='lat' dir='ltr'><strong>vel</strong></span> <span class='ocrx_word' id='word_1_23' title='bbox 1742 436 1826 480; x_wconf 89' lang='lat' dir='ltr'><strong>ali-</strong></span> 
     </span>
     <span class='ocr_line' id='line_1_5' title="bbox 186 513 1825 577; baseline -0.003 -16"><span class='ocrx_word' id='word_1_24' title='bbox 186 515 767 577; x_wconf 76' lang='lat' dir='ltr'><strong>quandofamiliaritatem,</strong></span> <span class='ocrx_word' id='word_1_25' title='bbox 791 515 930 558; x_wconf 91' lang='lat' dir='ltr'><strong>modo</strong></span> <span class='ocrx_word' id='word_1_26' title='bbox 950 528 1131 570; x_wconf 85' lang='lat' dir='ltr'><strong>semper</strong></span> <span class='ocrx_word' id='word_1_27' title='bbox 1158 513 1264 557; x_wconf 88' lang='lat' dir='ltr'><strong>inde</strong></span> <span class='ocrx_word' id='word_1_28' title='bbox 1300 515 1479 556; x_wconf 88' lang='lat' dir='ltr'><strong>fructus</strong></span> <span class='ocrx_word' id='word_1_29' title='bbox 1506 514 1668 568; x_wconf 89' lang='lat' dir='ltr'><strong>aliquis</strong></span> <span class='ocrx_word' id='word_1_30' title='bbox 1697 514 1825 570; x_wconf 87' lang='lat' dir='ltr'><strong>spiri-</strong></span> 
     </span>
     <span class='ocr_line' id='line_1_6' title="bbox 198 590 1827 650; baseline -0.002 -12"><span class='ocrx_word' id='word_1_31' title='bbox 198 594 336 639; x_wconf 89' lang='lat' dir='ltr'><strong>tualis</strong></span> <span class='ocrx_word' id='word_1_32' title='bbox 356 600 582 650; x_wconf 82' lang='lat' dir='ltr'><strong>speretur.</strong></span> <span class='ocrx_word' id='word_1_33' title='bbox 605 593 663 635; x_wconf 80' lang='lat' dir='ltr'><strong>Et</strong></span> <span class='ocrx_word' id='word_1_34' title='bbox 683 591 730 635; x_wconf 92' lang='lat' dir='ltr'><strong>id</strong></span> <span class='ocrx_word' id='word_1_35' title='bbox 751 591 934 648; x_wconf 88' lang='lat' dir='ltr'><strong>quidem</strong></span> <span class='ocrx_word' id='word_1_36' title='bbox 956 590 1057 634; x_wconf 90' lang='lat' dir='ltr'><strong>fieri</strong></span> <span class='ocrx_word' id='word_1_37' title='bbox 1078 605 1172 634; x_wconf 91' lang='lat' dir='ltr'><strong>non</strong></span> <span class='ocrx_word' id='word_1_38' title='bbox 1193 591 1309 633; x_wconf 92' lang='lat' dir='ltr'><strong>solet</strong></span> <span class='ocrx_word' id='word_1_39' title='bbox 1330 590 1560 647; x_wconf 86' lang='lat' dir='ltr'><strong>priuatim,</strong></span> <span class='ocrx_word' id='word_1_40' title='bbox 1579 591 1660 634; x_wconf 85' lang='lat' dir='ltr'><strong>sed</strong></span> <span class='ocrx_word' id='word_1_41' title='bbox 1677 591 1733 634; x_wconf 92' lang='lat' dir='ltr'><strong>ad</strong></span> <span class='ocrx_word' id='word_1_42' title='bbox 1755 606 1827 635; x_wconf 89' lang='lat' dir='ltr'><strong>re-</strong></span> 
     </span>
     <span class='ocr_line' id='line_1_7' title="bbox 178 656 1828 726; baseline -0.003 -11"><span class='ocrx_word' id='word_1_43' title='bbox 178 656 456 722; x_wconf 40' lang='lat' dir='ltr'><strong>fectorium,</strong></span> <span class='ocrx_word' id='word_1_44' title='bbox 487 668 751 726; x_wconf 90' lang='lat' dir='ltr'><strong>praesertim</strong></span> <span class='ocrx_word' id='word_1_45' title='bbox 786 682 892 711; x_wconf 91' lang='lat' dir='ltr'><strong>cum</strong></span> <span class='ocrx_word' id='word_1_46' title='bbox 920 667 1084 723; x_wconf 86' lang='lat' dir='ltr'><strong>aliquis</strong></span> <span class='ocrx_word' id='word_1_47' title='bbox 1111 668 1164 710; x_wconf 89' lang='lat' dir='ltr'><strong>fit</strong></span> <span class='ocrx_word' id='word_1_48' title='bbox 1190 667 1410 724; x_wconf 89' lang='lat' dir='ltr'><strong>magister</strong></span> <span class='ocrx_word' id='word_1_49' title='bbox 1439 667 1515 711; x_wconf 85' lang='lat' dir='ltr'><strong>vel</strong></span> <span class='ocrx_word' id='word_1_50' title='bbox 1550 668 1725 720; x_wconf 89' lang='lat' dir='ltr'><strong>doctor,</strong></span> <span class='ocrx_word' id='word_1_51' title='bbox 1756 669 1828 712; x_wconf 89' lang='lat' dir='ltr'><strong>vel</strong></span> 
     </span>
     <span class='ocr_line' id='line_1_8' title="bbox 190 744 1830 805; baseline -0.002 -13"><span class='ocrx_word' id='word_1_52' title='bbox 190 755 357 792; x_wconf 78' lang='lat' dir='ltr'><strong>cantat</strong></span> <span class='ocrx_word' id='word_1_53' title='bbox 376 747 566 805; x_wconf 84' lang='lat' dir='ltr'>primam</span> <span class='ocrx_word' id='word_1_54' title='bbox 587 745 790 799; x_wconf 89' lang='lat' dir='ltr'><strong>missam;</strong></span> <span class='ocrx_word' id='word_1_55' title='bbox 814 760 918 788; x_wconf 88' lang='lat' dir='ltr'><strong>nam</strong></span> <span class='ocrx_word' id='word_1_56' title='bbox 945 744 1002 788; x_wconf 89' lang='lat' dir='ltr'><strong>iis</strong></span> <span class='ocrx_word' id='word_1_57' title='bbox 1027 744 1191 788; x_wconf 86' lang='lat' dir='ltr'><strong>diebus</strong></span> <span class='ocrx_word' id='word_1_58' title='bbox 1226 745 1342 787; x_wconf 92' lang='lat' dir='ltr'><strong>solet</strong></span> <span class='ocrx_word' id='word_1_59' title='bbox 1368 745 1506 800; x_wconf 91' lang='lat' dir='ltr'><strong>paulo</strong></span> <span class='ocrx_word' id='word_1_60' title='bbox 1532 744 1724 800; x_wconf 89' lang='lat' dir='ltr'><strong>amplius</strong></span> <span class='ocrx_word' id='word_1_61' title='bbox 1746 747 1830 788; x_wconf 92' lang='lat' dir='ltr'><strong>ob-</strong></span> 
     </span>
     <span class='ocr_line' id='line_1_9' title="bbox 178 821 1830 885; baseline -0.003 -15"><span class='ocrx_word' id='word_1_62' title='bbox 178 825 318 885; x_wconf 56' lang='lat' dir='ltr'><strong>‚sonii</strong></span> <span class='ocrx_word' id='word_1_63' title='bbox 338 823 503 882; x_wconf 91' lang='lat' dir='ltr'><strong>apponi</strong></span> <span class='ocrx_word' id='word_1_64' title='bbox 525 822 757 866; x_wconf 90' lang='lat' dir='ltr'><strong>fratribus.</strong></span> <span class='ocrx_word' id='word_1_65' title='bbox 782 824 850 866; x_wconf 90' lang='lat' dir='ltr'><strong>Ita</strong></span> <span class='ocrx_word' id='word_1_66' title='bbox 866 828 1017 865; x_wconf 84' lang='lat' dir='ltr'><strong>autem</strong></span> <span class='ocrx_word' id='word_1_67' title='bbox 1041 821 1340 878; x_wconf 84' lang='lat' dir='ltr'><strong>intelligimus</strong></span> <span class='ocrx_word' id='word_1_68' title='bbox 1355 821 1452 866; x_wconf 88' lang='lat' dir='ltr'><strong>fieri</strong></span> <span class='ocrx_word' id='word_1_69' title='bbox 1470 836 1572 864; x_wconf 94' lang='lat' dir='ltr'><strong>raro</strong></span> <span class='ocrx_word' id='word_1_70' title='bbox 1589 829 1635 866; x_wconf 89' lang='lat' dir='ltr'><strong>et</strong></span> <span class='ocrx_word' id='word_1_71' title='bbox 1652 822 1830 878; x_wconf 90' lang='lat' dir='ltr'><strong>magnis</strong></span> 
     </span>
     <span class='ocr_line' id='line_1_10' title="bbox 190 896 1831 956; baseline -0.003 -9"><span class='ocrx_word' id='word_1_72' title='bbox 190 917 260 947; x_wconf 73' lang='lat' dir='ltr'><strong>ex</strong></span> <span class='ocrx_word' id='word_1_73' title='bbox 279 900 446 954; x_wconf 87' lang='lat' dir='ltr'><strong>causis,</strong></span> <span class='ocrx_word' id='word_1_74' title='bbox 477 896 728 956; x_wconf 77' lang='lat' dir='ltr'><strong>quaecum</strong></span> <span class='ocrx_word' id='word_1_75' title='bbox 754 899 819 942; x_wconf 93' lang='lat' dir='ltr'><strong>ita</strong></span> <span class='ocrx_word' id='word_1_76' title='bbox 846 898 954 951; x_wconf 90' lang='lat' dir='ltr'><strong>sint,</strong></span> <span class='ocrx_word' id='word_1_77' title='bbox 983 898 1153 955; x_wconf 87' lang='lat' dir='ltr'><strong>poterit</strong></span> <span class='ocrx_word' id='word_1_78' title='bbox 1179 899 1339 942; x_wconf 88' lang='lat' dir='ltr'><strong>eadem</strong></span> <span class='ocrx_word' id='word_1_79' title='bbox 1362 904 1525 938; x_wconf 70' lang='grc' dir='ltr'>ἐπιείκεια</span> <span class='ocrx_word' id='word_1_80' title='bbox 1551 898 1599 940; x_wconf 83' lang='grc' dir='ltr'><strong>ἰῃ</strong></span> <span class='ocrx_word' id='word_1_81' title='bbox 1627 899 1831 955; x_wconf 86' lang='lat' dir='ltr'><strong>collegiis</strong></span> 
     </span>
     <span class='ocr_line' id='line_1_11' title="bbox 190 974 1832 1032; baseline -0.003 -9"><span class='ocrx_word' id='word_1_82' title='bbox 190 977 477 1024; x_wconf 85' lang='lat' dir='ltr'><strong>Germaniae</strong></span> <span class='ocrx_word' id='word_1_83' title='bbox 499 976 722 1032; x_wconf 86' lang='lat' dir='ltr'><strong>vsurpari,</strong></span> <span class='ocrx_word' id='word_1_84' title='bbox 746 977 884 1018; x_wconf 90' lang='lat' dir='ltr'><strong>modo</strong></span> <span class='ocrx_word' id='word_1_85' title='bbox 904 974 1028 1018; x_wconf 91' lang='lat' dir='ltr'><strong>omni</strong></span> <span class='ocrx_word' id='word_1_86' title='bbox 1043 975 1199 1020; x_wconf 88' lang='lat' dir='ltr'><strong>studio</strong></span> <span class='ocrx_word' id='word_1_87' title='bbox 1216 975 1449 1020; x_wconf 89' lang='lat' dir='ltr'><strong>euitentur</strong></span> <span class='ocrx_word' id='word_1_88' title='bbox 1464 975 1624 1019; x_wconf 90' lang='lat' dir='ltr'><strong>solitae</strong></span> <span class='ocrx_word' id='word_1_89' title='bbox 1646 990 1832 1032; x_wconf 90' lang='lat' dir='ltr'><strong>compo-</strong></span> 
     </span>
     <span class='ocr_line' id='line_1_12' title="bbox 203 1053 418 1099; baseline 0 -1"><span class='ocrx_word' id='word_1_90' title='bbox 203 1053 418 1099; x_wconf 86' lang='lat' dir='ltr'><strong>tationes.</strong></span> 
     </span>
    </p>

    <p class='ocr_par' dir='ltr' id='par_1_4' title="bbox 157 1128 1841 1727">
     <span class='ocr_line' id='line_1_13' title="bbox 291 1128 1836 1186; baseline -0.003 -10"><span class='ocrx_word' id='word_1_91' title='bbox 291 1129 523 1176; x_wconf 70' lang='lat' dir='ltr'><strong>Adjicitur</strong></span> <span class='ocrx_word' id='word_1_92' title='bbox 541 1137 695 1175; x_wconf 91' lang='lat' dir='ltr'><strong>autem</strong></span> <span class='ocrx_word' id='word_1_93' title='bbox 716 1130 775 1172; x_wconf 88' lang='lat' dir='ltr'><strong>ad</strong></span> <span class='ocrx_word' id='word_1_94' title='bbox 797 1129 1003 1185; x_wconf 86' lang='lat' dir='ltr'><strong>regulam</strong></span> <span class='ocrx_word' id='word_1_95' title='bbox 1025 1143 1084 1172; x_wconf 89' lang='lat' dir='ltr'><strong>ne</strong></span> <span class='ocrx_word' id='word_1_96' title='bbox 1105 1128 1265 1182; x_wconf 88' lang='lat' dir='ltr'><strong>nostri,</strong></span> <span class='ocrx_word' id='word_1_97' title='bbox 1289 1128 1389 1174; x_wconf 89' lang='lat' dir='ltr'><strong>sine</strong></span> <span class='ocrx_word' id='word_1_98' title='bbox 1410 1143 1579 1186; x_wconf 88' lang='lat' dir='ltr'><strong>magna</strong></span> <span class='ocrx_word' id='word_1_99' title='bbox 1600 1143 1740 1174; x_wconf 89' lang='lat' dir='ltr'><strong>causa</strong></span> <span class='ocrx_word' id='word_1_100' title='bbox 1762 1131 1836 1176; x_wconf 89' lang='lat' dir='ltr'><strong>vel</strong></span> 
     </span>
     <span class='ocr_line' id='line_1_14' title="bbox 194 1206 1837 1266; baseline -0.002 -13"><span class='ocrx_word' id='word_1_101' title='bbox 194 1223 288 1266; x_wconf 75' lang='lat' dir='ltr'><strong>spe</strong></span> <span class='ocrx_word' id='word_1_102' title='bbox 306 1209 501 1260; x_wconf 83' lang='lat' dir='ltr'><strong>fructus,</strong></span> <span class='ocrx_word' id='word_1_103' title='bbox 524 1207 777 1263; x_wconf 88' lang='lat' dir='ltr'><strong>prandeant</strong></span> <span class='ocrx_word' id='word_1_104' title='bbox 799 1206 921 1262; x_wconf 93' lang='lat' dir='ltr'><strong>apud</strong></span> <span class='ocrx_word' id='word_1_105' title='bbox 947 1212 1143 1250; x_wconf 83' lang='lat' dir='ltr'><strong>exteros.</strong></span> <span class='ocrx_word' id='word_1_106' title='bbox 1175 1206 1278 1249; x_wconf 92' lang='lat' dir='ltr'><strong>Hoc</strong></span> <span class='ocrx_word' id='word_1_107' title='bbox 1307 1219 1416 1249; x_wconf 89' lang='lat' dir='ltr'><strong>vero</strong></span> <span class='ocrx_word' id='word_1_108' title='bbox 1443 1206 1566 1262; x_wconf 91' lang='lat' dir='ltr'><strong>apud</strong></span> <span class='ocrx_word' id='word_1_109' title='bbox 1593 1221 1837 1263; x_wconf 90' lang='lat' dir='ltr'><strong>germanos</strong></span> 
     </span>
     <span class='ocr_line' id='line_1_15' title="bbox 199 1282 1838 1340; baseline -0.002 -11"><span class='ocrx_word' id='word_1_110' title='bbox 199 1284 388 1330; x_wconf 85' lang='lat' dir='ltr'><strong>maioris</strong></span> <span class='ocrx_word' id='word_1_111' title='bbox 408 1292 479 1328; x_wconf 91' lang='lat' dir='ltr'><strong>est</strong></span> <span class='ocrx_word' id='word_1_112' title='bbox 508 1282 716 1340; x_wconf 90' lang='lat' dir='ltr'><strong>periculi,</strong></span> <span class='ocrx_word' id='word_1_113' title='bbox 740 1291 928 1340; x_wconf 88' lang='lat' dir='ltr'><strong>propter</strong></span> <span class='ocrx_word' id='word_1_114' title='bbox 958 1282 1180 1340; x_wconf 87' lang='lat' dir='ltr'><strong>largiores</strong></span> <span class='ocrx_word' id='word_1_115' title='bbox 1199 1283 1576 1339; x_wconf 89' lang='lat' dir='ltr'><strong>compotationes,</strong></span> <span class='ocrx_word' id='word_1_116' title='bbox 1602 1298 1717 1339; x_wconf 89' lang='lat' dir='ltr'><strong>quas</strong></span> <span class='ocrx_word' id='word_1_117' title='bbox 1738 1284 1838 1328; x_wconf 87' lang='lat' dir='ltr'><strong>eui-</strong></span> 
     </span>
     <span class='ocr_line' id='line_1_16' title="bbox 207 1359 1838 1417; baseline -0.001 -11"><span class='ocrx_word' id='word_1_118' title='bbox 207 1370 306 1408; x_wconf 83' lang='lat' dir='ltr'><strong>tare</strong></span> <span class='ocrx_word' id='word_1_119' title='bbox 331 1361 645 1405; x_wconf 90' lang='lat' dir='ltr'><strong>difficillimum</strong></span> <span class='ocrx_word' id='word_1_120' title='bbox 681 1367 768 1414; x_wconf 88' lang='lat' dir='ltr'><strong>est,</strong></span> <span class='ocrx_word' id='word_1_121' title='bbox 798 1359 935 1403; x_wconf 89' lang='lat' dir='ltr'><strong>etiam</strong></span> <span class='ocrx_word' id='word_1_122' title='bbox 962 1361 1085 1417; x_wconf 91' lang='lat' dir='ltr'><strong>apud</strong></span> <span class='ocrx_word' id='word_1_123' title='bbox 1112 1362 1328 1403; x_wconf 90' lang='lat' dir='ltr'><strong>honestos</strong></span> <span class='ocrx_word' id='word_1_124' title='bbox 1363 1359 1648 1404; x_wconf 89' lang='lat' dir='ltr'><strong>inuitatores.</strong></span> <span class='ocrx_word' id='word_1_125' title='bbox 1685 1361 1838 1405; x_wconf 91' lang='lat' dir='ltr'><strong>Huius</strong></span> 
     </span>
     <span class='ocr_line' id='line_1_17' title="bbox 157 1436 1838 1496; baseline -0.004 -13"><span class='ocrx_word' id='word_1_126' title='bbox 157 1455 160 1459; x_wconf 93' lang='lat'>·</span> <span class='ocrx_word' id='word_1_127' title='bbox 197 1438 352 1496; x_wconf 71' lang='lat' dir='ltr'><strong>igitur</strong></span> <span class='ocrx_word' id='word_1_128' title='bbox 370 1439 558 1495; x_wconf 88' lang='lat' dir='ltr'><strong>regulae</strong></span> <span class='ocrx_word' id='word_1_129' title='bbox 573 1437 797 1481; x_wconf 89' lang='lat' dir='ltr'><strong>difficilior</strong></span> <span class='ocrx_word' id='word_1_130' title='bbox 818 1437 903 1480; x_wconf 89' lang='lat' dir='ltr'><strong>erit</strong></span> <span class='ocrx_word' id='word_1_131' title='bbox 925 1436 1239 1494; x_wconf 88' lang='lat' dir='ltr'><strong>interpretatio</strong></span> <span class='ocrx_word' id='word_1_132' title='bbox 1260 1452 1341 1482; x_wconf 90' lang='lat' dir='ltr'><strong>seu</strong></span> <span class='ocrx_word' id='word_1_133' title='bbox 1362 1444 1538 1488; x_wconf 68' lang='grc' dir='ltr'><strong>ἐπιείκεια;</strong></span> <span class='ocrx_word' id='word_1_134' title='bbox 1561 1446 1608 1482; x_wconf 79' lang='lat' dir='ltr'><strong>et</strong></span> <span class='ocrx_word' id='word_1_135' title='bbox 1630 1438 1717 1482; x_wconf 83' lang='lat' dir='ltr'><strong>nisi</strong></span> <span class='ocrx_word' id='word_1_136' title='bbox 1741 1453 1838 1482; x_wconf 85' lang='lat' dir='ltr'><strong>mo-</strong></span> 
     </span>
     <span class='ocr_line' id='line_1_18' title="bbox 200 1513 1841 1572; baseline -0.001 -12"><span class='ocrx_word' id='word_1_137' title='bbox 200 1517 367 1562; x_wconf 87' lang='lat' dir='ltr'><strong>·derate</strong></span> <span class='ocrx_word' id='word_1_138' title='bbox 393 1513 535 1559; x_wconf 89' lang='lat' dir='ltr'><strong>nostri</strong></span> <span class='ocrx_word' id='word_1_139' title='bbox 557 1515 803 1560; x_wconf 92' lang='lat' dir='ltr'><strong>credantur</strong></span> <span class='ocrx_word' id='word_1_140' title='bbox 824 1514 1096 1572; x_wconf 80' lang='lat' dir='ltr'><strong>excipiendi,</strong></span> <span class='ocrx_word' id='word_1_141' title='bbox 1128 1514 1392 1571; x_wconf 87' lang='lat' dir='ltr'><strong>praesertim</strong></span> <span class='ocrx_word' id='word_1_142' title='bbox 1415 1515 1769 1572; x_wconf 88' lang='lat' dir='ltr'><strong>compotatione,</strong></span> <span class='ocrx_word' id='word_1_143' title='bbox 1795 1525 1841 1559; x_wconf 90' lang='lat' dir='ltr'><strong>et</strong></span> 
     </span>
     <span class='ocr_line' id='line_1_19' title="bbox 203 1582 1840 1651; baseline -0.001 -14"><span class='ocrx_word' id='word_1_144' title='bbox 203 1607 379 1651; x_wconf 87' lang='lat' dir='ltr'><strong>magna</strong></span> <span class='ocrx_word' id='word_1_145' title='bbox 407 1591 557 1636; x_wconf 89' lang='lat' dir='ltr'><strong>subsit</strong></span> <span class='ocrx_word' id='word_1_146' title='bbox 584 1606 723 1635; x_wconf 88' lang='lat' dir='ltr'><strong>causa</strong></span> <span class='ocrx_word' id='word_1_147' title='bbox 753 1590 827 1636; x_wconf 90' lang='lat' dir='ltr'><strong>vel</strong></span> <span class='ocrx_word' id='word_1_148' title='bbox 854 1582 959 1648; x_wconf 78' lang='lat' dir='ltr'><strong>spes</strong></span> <span class='ocrx_word' id='word_1_149' title='bbox 988 1592 1182 1644; x_wconf 83' lang='lat' dir='ltr'><strong>fructus,</strong></span> <span class='ocrx_word' id='word_1_150' title='bbox 1212 1606 1306 1635; x_wconf 92' lang='lat' dir='ltr'><strong>non</strong></span> <span class='ocrx_word' id='word_1_151' title='bbox 1336 1605 1503 1636; x_wconf 90' lang='lat' dir='ltr'><strong>censeo</strong></span> <span class='ocrx_word' id='word_1_152' title='bbox 1533 1594 1840 1649; x_wconf 88' lang='lat' dir='ltr'><strong>vsurpandam</strong></span> 
     </span>
     <span class='ocr_line' id='line_1_20' title="bbox 169 1659 860 1727; baseline -0.004 -12"><span class='ocrx_word' id='word_1_153' title='bbox 169 1659 174 1727; x_wconf 44' lang='lat' dir='ltr'>f</span> <span class='ocrx_word' id='word_1_154' title='bbox 199 1668 596 1727; x_wconf 77' lang='lat' dir='ltr'><strong>dispensationem</strong></span> <span class='ocrx_word' id='word_1_155' title='bbox 617 1669 664 1712; x_wconf 90' lang='lat' dir='ltr'><strong>in</strong></span> <span class='ocrx_word' id='word_1_156' title='bbox 686 1669 776 1712; x_wconf 92' lang='lat' dir='ltr'><strong>hac</strong></span> <span class='ocrx_word' id='word_1_157' title='bbox 795 1683 860 1712; x_wconf 88' lang='lat' dir='ltr'><strong>re.</strong></span> 
     </span>
    </p>

    <p class='ocr_par' dir='ltr' id='par_1_5' title="bbox 205 1746 1843 2034">
     <span class='ocr_line' id='line_1_21' title="bbox 300 1746 1839 1803; baseline 0 -12"><span class='ocrx_word' id='word_1_158' title='bbox 300 1746 392 1792; x_wconf 89' lang='lat' dir='ltr'><strong>Vbi</strong></span> <span class='ocrx_word' id='word_1_159' title='bbox 412 1746 591 1803; x_wconf 84' lang='lat' dir='ltr'><strong>capitur</strong></span> <span class='ocrx_word' id='word_1_160' title='bbox 611 1746 884 1803; x_wconf 86' lang='lat' dir='ltr'><strong>vespertina,</strong></span> <span class='ocrx_word' id='word_1_161' title='bbox 910 1754 960 1789; x_wconf 94' lang='lat' dir='ltr'><strong>vt</strong></span> <span class='ocrx_word' id='word_1_162' title='bbox 979 1746 1160 1799; x_wconf 89' lang='lat' dir='ltr'><strong>dicitur,</strong></span> <span class='ocrx_word' id='word_1_163' title='bbox 1186 1747 1382 1798; x_wconf 89' lang='lat' dir='ltr'><strong>collatio,</strong></span> <span class='ocrx_word' id='word_1_164' title='bbox 1407 1761 1499 1803; x_wconf 92' lang='lat' dir='ltr'><strong>quo</strong></span> <span class='ocrx_word' id='word_1_165' title='bbox 1521 1747 1595 1792; x_wconf 90' lang='lat' dir='ltr'><strong>die</strong></span> <span class='ocrx_word' id='word_1_166' title='bbox 1622 1756 1692 1792; x_wconf 89' lang='lat' dir='ltr'><strong>est</strong></span> <span class='ocrx_word' id='word_1_167' title='bbox 1727 1748 1839 1793; x_wconf 83' lang='lat' dir='ltr'><strong>ieiu-</strong></span> 
     </span>
     <span class='ocr_line' id='line_1_22' title="bbox 212 1822 1843 1880; baseline -0.002 -11"><span class='ocrx_word' id='word_1_168' title='bbox 212 1824 357 1875; x_wconf 80' lang='lat' dir='ltr'><strong>nium,</strong></span> <span class='ocrx_word' id='word_1_169' title='bbox 380 1822 814 1868; x_wconf 83' lang='lat' dir='ltr'><strong>benedictionemet</strong></span> <span class='ocrx_word' id='word_1_170' title='bbox 836 1822 1087 1880; x_wconf 89' lang='lat' dir='ltr'><strong>gratiarum</strong></span> <span class='ocrx_word' id='word_1_171' title='bbox 1119 1823 1343 1868; x_wconf 88' lang='lat' dir='ltr'><strong>actionem</strong></span> <span class='ocrx_word' id='word_1_172' title='bbox 1366 1824 1527 1867; x_wconf 90' lang='lat' dir='ltr'><strong>dicunt</strong></span> <span class='ocrx_word' id='word_1_173' title='bbox 1548 1826 1711 1869; x_wconf 86' lang='lat' dir='ltr'><strong>fratres</strong></span> <span class='ocrx_word' id='word_1_174' title='bbox 1734 1828 1843 1869; x_wconf 89' lang='lat' dir='ltr'><strong>sub-</strong></span> 
     </span>
     <span class='ocr_line' id='line_1_23' title="bbox 215 1899 1838 1957; baseline 0.001 -12"><span class='ocrx_word' id='word_1_175' title='bbox 215 1901 352 1947; x_wconf 90' lang='lat' dir='ltr'><strong>misse</strong></span> <span class='ocrx_word' id='word_1_176' title='bbox 371 1908 419 1946; x_wconf 91' lang='lat' dir='ltr'><strong>et</strong></span> <span class='ocrx_word' id='word_1_177' title='bbox 437 1899 655 1952; x_wconf 87' lang='lat' dir='ltr'><strong>breuiter,</strong></span> <span class='ocrx_word' id='word_1_178' title='bbox 678 1908 726 1944; x_wconf 92' lang='lat' dir='ltr'><strong>et</strong></span> <span class='ocrx_word' id='word_1_179' title='bbox 745 1914 799 1943; x_wconf 85' lang='lat' dir='ltr'><strong>ea</strong></span> <span class='ocrx_word' id='word_1_180' title='bbox 814 1907 965 1956; x_wconf 91' lang='lat' dir='ltr'><strong>potest</strong></span> <span class='ocrx_word' id='word_1_181' title='bbox 992 1914 1109 1952; x_wconf 90' lang='lat' dir='ltr'><strong>esse,</strong></span> <span class='ocrx_word' id='word_1_182' title='bbox 1134 1899 1225 1943; x_wconf 92' lang='lat' dir='ltr'><strong>imo</strong></span> <span class='ocrx_word' id='word_1_183' title='bbox 1246 1902 1378 1953; x_wconf 90' lang='lat' dir='ltr'><strong>solet,</strong></span> <span class='ocrx_word' id='word_1_184' title='bbox 1403 1915 1538 1957; x_wconf 85' lang='lat' dir='ltr'><strong>quarn</strong></span> <span class='ocrx_word' id='word_1_185' title='bbox 1567 1903 1742 1947; x_wconf 87' lang='lat' dir='ltr'><strong>solebat</strong></span> <span class='ocrx_word' id='word_1_186' title='bbox 1764 1904 1838 1946; x_wconf 90' lang='lat' dir='ltr'><strong>ad-</strong></span> 
     </span>
     <span class='ocr_line' id='line_1_24' title="bbox 205 1977 692 2034; baseline -0.006 -11"><span class='ocrx_word' id='word_1_187' title='bbox 205 1978 372 2024; x_wconf 79' lang='lat' dir='ltr'><strong>hibere</strong></span> <span class='ocrx_word' id='word_1_188' title='bbox 393 1979 446 2022; x_wconf 88' lang='lat' dir='ltr'><strong>P.</strong></span> <span class='ocrx_word' id='word_1_189' title='bbox 471 1977 692 2034; x_wconf 85' lang='lat' dir='ltr'><strong>Ignatius.</strong></span> 
     </span>
    </p>

    <p class='ocr_par' dir='ltr' id='par_1_6' title="bbox 169 2046 1846 2266">
     <span class='ocr_line' id='line_1_25' title="bbox 169 2046 1845 2114; baseline 0.002 -16"><span class='ocrx_word' id='word_1_190' title='bbox 169 2055 177 2059; x_wconf 65' lang='grc'><strong>“</strong></span> <span class='ocrx_word' id='word_1_191' title='bbox 297 2046 613 2114; x_wconf 71' lang='grc' dir='ltr'>]ιιι·ειίῃεηωῐη</span> <span class='ocrx_word' id='word_1_192' title='bbox 635 2061 862 2097; x_wconf 89' lang='lat' dir='ltr'><strong>rectorum</strong></span> <span class='ocrx_word' id='word_1_193' title='bbox 884 2068 976 2097; x_wconf 90' lang='lat' dir='ltr'><strong>non</strong></span> <span class='ocrx_word' id='word_1_194' title='bbox 998 2062 1069 2098; x_wconf 91' lang='lat' dir='ltr'><strong>est</strong></span> <span class='ocrx_word' id='word_1_195' title='bbox 1090 2055 1396 2098; x_wconf 89' lang='lat' dir='ltr'><strong>necessarium</strong></span> <span class='ocrx_word' id='word_1_196' title='bbox 1419 2055 1465 2098; x_wconf 92' lang='lat' dir='ltr'><strong>in</strong></span> <span class='ocrx_word' id='word_1_197' title='bbox 1493 2057 1699 2113; x_wconf 85' lang='lat' dir='ltr'><strong>collegiis</strong></span> <span class='ocrx_word' id='word_1_198' title='bbox 1727 2058 1845 2101; x_wconf 87' lang='lat' dir='ltr'><strong>Ger-</strong></span> 
     </span>
     <span class='ocr_line' id='line_1_26' title="bbox 207 2130 1846 2189; baseline 0.001 -14"><span class='ocrx_word' id='word_1_199' title='bbox 207 2131 408 2184; x_wconf 88' lang='lat' dir='ltr'><strong>·maniae,</strong></span> <span class='ocrx_word' id='word_1_200' title='bbox 431 2131 555 2186; x_wconf 89' lang='lat' dir='ltr'><strong>quod</strong></span> <span class='ocrx_word' id='word_1_201' title='bbox 581 2130 751 2186; x_wconf 90' lang='lat' dir='ltr'><strong>aliquid</strong></span> <span class='ocrx_word' id='word_1_202' title='bbox 777 2130 953 2174; x_wconf 88' lang='lat' dir='ltr'><strong>dederit</strong></span> <span class='ocrx_word' id='word_1_203' title='bbox 982 2132 1084 2187; x_wconf 90' lang='lat' dir='ltr'><strong>plus</strong></span> <span class='ocrx_word' id='word_1_204' title='bbox 1109 2131 1266 2174; x_wconf 91' lang='lat' dir='ltr'><strong>domui</strong></span> <span class='ocrx_word' id='word_1_205' title='bbox 1294 2133 1527 2188; x_wconf 88' lang='lat' dir='ltr'><strong>professae</strong></span> <span class='ocrx_word' id='word_1_206' title='bbox 1549 2148 1684 2189; x_wconf 90' lang='lat' dir='ltr'><strong>quam</strong></span> <span class='ocrx_word' id='word_1_207' title='bbox 1716 2149 1846 2178; x_wconf 90' lang='lat' dir='ltr'><strong>acce-</strong></span> 
     </span>
     <span class='ocr_line' id='line_1_27' title="bbox 218 2207 1846 2266; baseline 0.002 -14"><span class='ocrx_word' id='word_1_208' title='bbox 218 2207 350 2265; x_wconf 88' lang='lat' dir='ltr'><strong>perit,</strong></span> <span class='ocrx_word' id='word_1_209' title='bbox 375 2215 613 2265; x_wconf 90' lang='lat' dir='ltr'><strong>propterea</strong></span> <span class='ocrx_word' id='word_1_210' title='bbox 634 2208 756 2264; x_wconf 93' lang='lat' dir='ltr'><strong>quod</strong></span> <span class='ocrx_word' id='word_1_211' title='bbox 777 2223 868 2251; x_wconf 91' lang='lat' dir='ltr'><strong>non</strong></span> <span class='ocrx_word' id='word_1_212' title='bbox 890 2215 999 2251; x_wconf 88' lang='lat' dir='ltr'><strong>sunt</strong></span> <span class='ocrx_word' id='word_1_213' title='bbox 1020 2208 1095 2251; x_wconf 91' lang='lat' dir='ltr'><strong>hic</strong></span> <span class='ocrx_word' id='word_1_214' title='bbox 1121 2223 1175 2251; x_wconf 89' lang='lat' dir='ltr'><strong>ea</strong></span> <span class='ocrx_word' id='word_1_215' title='bbox 1204 2209 1483 2261; x_wconf 90' lang='lat' dir='ltr'><strong>commertia,</strong></span> <span class='ocrx_word' id='word_1_216' title='bbox 1509 2225 1625 2266; x_wconf 87' lang='lat' dir='ltr'><strong>quae</strong></span> <span class='ocrx_word' id='word_1_217' title='bbox 1659 2212 1846 2256; x_wconf 87' lang='lat' dir='ltr'><strong>Romae.</strong></span> 
     </span>
    </p>

    <p class='ocr_par' dir='ltr' id='par_1_7' title="bbox 207 2284 1849 2416">
     <span class='ocr_line' id='line_1_28' title="bbox 306 2284 1849 2337; baseline 0.001 -8"><span class='ocrx_word' id='word_1_218' title='bbox 306 2286 412 2329; x_wconf 91' lang='lat' dir='ltr'><strong>Non</strong></span> <span class='ocrx_word' id='word_1_219' title='bbox 434 2285 572 2337; x_wconf 86' lang='lat' dir='ltr'><strong>habet</strong></span> <span class='ocrx_word' id='word_1_220' title='bbox 593 2284 798 2329; x_wconf 84' lang='lat' dir='ltr'><strong>Societas</strong></span> <span class='ocrx_word' id='word_1_221' title='bbox 821 2285 1080 2328; x_wconf 88' lang='lat' dir='ltr'><strong>facultatem</strong></span> <span class='ocrx_word' id='word_1_222' title='bbox 1104 2286 1370 2330; x_wconf 88' lang='lat' dir='ltr'><strong>absoluendi</strong></span> <span class='ocrx_word' id='word_1_223' title='bbox 1393 2301 1418 2329; x_wconf 89' lang='lat' dir='ltr'><strong>a</strong></span> <span class='ocrx_word' id='word_1_224' title='bbox 1436 2287 1619 2331; x_wconf 87' lang='lat' dir='ltr'><strong>casibus</strong></span> <span class='ocrx_word' id='word_1_225' title='bbox 1642 2303 1849 2332; x_wconf 75' lang='lat' dir='ltr'><strong>reserua-</strong></span> 
     </span>
     <span class='ocr_line' id='line_1_29' title="bbox 207 2361 1848 2416; baseline 0.001 -9"><span class='ocrx_word' id='word_1_226' title='bbox 207 2362 278 2407; x_wconf 41' lang='lat' dir='ltr'><strong>*tis</strong></span> <span class='ocrx_word' id='word_1_227' title='bbox 290 2362 340 2406; x_wconf 79' lang='lat' dir='ltr'><strong>iu</strong></span> <span class='ocrx_word' id='word_1_228' title='bbox 355 2377 525 2406; x_wconf 86' lang='lat' dir='ltr'><strong>coenae</strong></span> <span class='ocrx_word' id='word_1_229' title='bbox 545 2361 728 2406; x_wconf 89' lang='lat' dir='ltr'><strong>Domini</strong></span> <span class='ocrx_word' id='word_1_230' title='bbox 746 2362 884 2414; x_wconf 90' lang='lat' dir='ltr'><strong>bulla,</strong></span> <span class='ocrx_word' id='word_1_231' title='bbox 901 2361 989 2405; x_wconf 87' lang='lat' dir='ltr'><strong>nisi</strong></span> <span class='ocrx_word' id='word_1_232' title='bbox 1006 2369 1180 2406; x_wconf 88' lang='lat' dir='ltr'><strong>tantum</strong></span> <span class='ocrx_word' id='word_1_233' title='bbox 1199 2363 1256 2405; x_wconf 93' lang='lat' dir='ltr'><strong>ab</strong></span> <span class='ocrx_word' id='word_1_234' title='bbox 1273 2363 1466 2416; x_wconf 88' lang='lat' dir='ltr'><strong>haeresi,</strong></span> <span class='ocrx_word' id='word_1_235' title='bbox 1482 2372 1528 2408; x_wconf 90' lang='lat' dir='ltr'><strong>et</strong></span> <span class='ocrx_word' id='word_1_236' title='bbox 1544 2367 1848 2408; x_wconf 83' lang='lat' dir='ltr'><strong>excommuni-</strong></span> 
     </span>
    </p>
   </div>
   <div class='ocr_carea' id='block_1_4' title="bbox 83 2438 1851 2495">
    <p class='ocr_par' dir='ltr' id='par_1_8' title="bbox 83 2438 1851 2502">
     <span class='ocr_line' id='line_1_30' title="bbox 83 2438 1851 2495; baseline 0 -12"><span class='ocrx_word' id='word_1_237' title='bbox 83 2454 130 2483; x_wconf 40' lang='lat' dir='ltr'><strong>‘tn</strong></span> <span class='ocrx_word' id='word_1_238' title='bbox 219 2439 399 2483; x_wconf 89' lang='lat' dir='ltr'><strong>catione</strong></span> <span class='ocrx_word' id='word_1_239' title='bbox 419 2439 668 2483; x_wconf 88' lang='lat' dir='ltr'><strong>resultante</strong></span> <span class='ocrx_word' id='word_1_240' title='bbox 688 2446 872 2495; x_wconf 88' lang='lat' dir='ltr'><strong>propter</strong></span> <span class='ocrx_word' id='word_1_241' title='bbox 892 2438 1131 2482; x_wconf 87' lang='lat' dir='ltr'><strong>lectionem</strong></span> <span class='ocrx_word' id='word_1_242' title='bbox 1155 2438 1371 2482; x_wconf 87' lang='lat' dir='ltr'><strong>librorum</strong></span> <span class='ocrx_word' id='word_1_243' title='bbox 1395 2441 1745 2493; x_wconf 80' lang='lat' dir='ltr'><strong>haereticorum3</strong></span> <span class='ocrx_word' id='word_1_244' title='bbox 1772 2444 1851 2485; x_wconf 83' lang='lat' dir='ltr'><strong>sed</strong></span> 
     </span>
    </p>
   </div>
   <div class='ocr_carea' id='block_1_5' title="bbox 101 2511 1854 2880">
    <p class='ocr_par' dir='ltr' id='par_1_9' title="bbox 93 2511 1853 2802">
     <span class='ocr_line' id='line_1_31' title="bbox 211 2511 1850 2591; baseline 0 -31"><span class='ocrx_word' id='word_1_245' title='bbox 211 2511 340 2591; x_wconf 57' lang='lat' dir='ltr'><strong>lianc</strong></span> <span class='ocrx_word' id='word_1_246' title='bbox 359 2516 627 2559; x_wconf 82' lang='lat' dir='ltr'><strong>facultatem</strong></span> <span class='ocrx_word' id='word_1_247' title='bbox 649 2515 791 2558; x_wconf 90' lang='lat' dir='ltr'><strong>satius</strong></span> <span class='ocrx_word' id='word_1_248' title='bbox 812 2522 883 2559; x_wconf 91' lang='lat' dir='ltr'><strong>est</strong></span> <span class='ocrx_word' id='word_1_249' title='bbox 903 2522 954 2558; x_wconf 93' lang='lat' dir='ltr'><strong>vt</strong></span> <span class='ocrx_word' id='word_1_250' title='bbox 975 2514 1059 2558; x_wconf 88' lang='lat' dir='ltr'><strong>soli</strong></span> <span class='ocrx_word' id='word_1_251' title='bbox 1082 2516 1281 2559; x_wconf 84' lang='lat' dir='ltr'><strong>habeant</strong></span> <span class='ocrx_word' id='word_1_252' title='bbox 1308 2525 1524 2569; x_wconf 87' lang='lat' dir='ltr'><strong>rectores,</strong></span> <span class='ocrx_word' id='word_1_253' title='bbox 1551 2519 1673 2572; x_wconf 86' lang='lat' dir='ltr'><strong>quod</strong></span> <span class='ocrx_word' id='word_1_254' title='bbox 1706 2519 1850 2574; x_wconf 83' lang='lat' dir='ltr'><strong>magis</strong></span> 
     </span>
     <span class='ocr_line' id='line_1_32' title="bbox 209 2591 1847 2639; baseline 0.001 -3"><span class='ocrx_word' id='word_1_255' title='bbox 209 2593 281 2636; x_wconf 59' lang='lat' dir='ltr'><strong>sit</strong></span> <span class='ocrx_word' id='word_1_256' title='bbox 301 2591 547 2637; x_wconf 89' lang='lat' dir='ltr'><strong>verisimile</strong></span> <span class='ocrx_word' id='word_1_257' title='bbox 568 2591 668 2635; x_wconf 88' lang='lat' dir='ltr'><strong>illos</strong></span> <span class='ocrx_word' id='word_1_258' title='bbox 689 2592 943 2635; x_wconf 90' lang='lat' dir='ltr'><strong>consultius</strong></span> <span class='ocrx_word' id='word_1_259' title='bbox 964 2606 1066 2637; x_wconf 89' lang='lat' dir='ltr'><strong>esse</strong></span> <span class='ocrx_word' id='word_1_260' title='bbox 1086 2600 1270 2636; x_wconf 89' lang='lat' dir='ltr'><strong>acturos</strong></span> <span class='ocrx_word' id='word_1_261' title='bbox 1291 2593 1337 2635; x_wconf 90' lang='lat' dir='ltr'><strong>in</strong></span> <span class='ocrx_word' id='word_1_262' title='bbox 1366 2593 1588 2637; x_wconf 84' lang='lat' dir='ltr'><strong>eiusmodi</strong></span> <span class='ocrx_word' id='word_1_263' title='bbox 1618 2596 1847 2639; x_wconf 85' lang='lat' dir='ltr'><strong>facultate:</strong></span> 
     </span>
     <span class='ocr_line' id='line_1_33' title="bbox 112 2668 1853 2727; baseline -0.001 -14.022"><span class='ocrx_word' id='word_1_264' title='bbox 112 2718 114 2722; x_wconf 70' lang='lat'>‚</span> <span class='ocrx_word' id='word_1_265' title='bbox 222 2677 438 2727; x_wconf 89' lang='lat' dir='ltr'><strong>poterunt</strong></span> <span class='ocrx_word' id='word_1_266' title='bbox 460 2669 534 2712; x_wconf 87' lang='lat' dir='ltr'><strong>alii</strong></span> <span class='ocrx_word' id='word_1_267' title='bbox 555 2668 818 2716; x_wconf 80' lang='lat' dir='ltr'><strong>sacerdotes</strong></span> <span class='ocrx_word' id='word_1_268' title='bbox 838 2670 959 2712; x_wconf 89' lang='lat' dir='ltr'><strong>hanc</strong></span> <span class='ocrx_word' id='word_1_269' title='bbox 990 2670 1252 2714; x_wconf 86' lang='lat' dir='ltr'><strong>facultatem</strong></span> <span class='ocrx_word' id='word_1_270' title='bbox 1283 2671 1467 2723; x_wconf 88' lang='lat' dir='ltr'><strong>habere,</strong></span> <span class='ocrx_word' id='word_1_271' title='bbox 1493 2672 1573 2714; x_wconf 88' lang='lat' dir='ltr'><strong>sed</strong></span> <span class='ocrx_word' id='word_1_272' title='bbox 1603 2672 1853 2715; x_wconf 56' lang='lat' dir='ltr'><strong>ex‘iudicio</strong></span> 
     </span>
     <span class='ocr_line' id='line_1_34' title="bbox 187 2735 467 2792; baseline -0.019 2.37"><span class='ocrx_word' id='word_1_273' title='bbox 187 2735 189 2737; x_wconf 28' lang='lat'><strong><em>¹</em></strong></span> <span class='ocrx_word' id='word_1_274' title='bbox 212 2755 467 2792; x_wconf 71' lang='lat' dir='ltr'><strong>rectorum.</strong></span> 
     </span>
    </p>

    <p class='ocr_par' dir='ltr' id='par_1_10' title="bbox 101 2812 1854 2880">
     <span class='ocr_line' id='line_1_35' title="bbox 101 2812 1854 2880; baseline 0.001 -13"><span class='ocrx_word' id='word_1_275' title='bbox 101 2812 107 2820; x_wconf 50' lang='lat'><em>⁶</em></span> <span class='ocrx_word' id='word_1_276' title='bbox 311 2823 509 2867; x_wconf 89' lang='lat' dir='ltr'><strong>Curetur</strong></span> <span class='ocrx_word' id='word_1_277' title='bbox 541 2831 591 2866; x_wconf 90' lang='lat' dir='ltr'><strong>vt</strong></span> <span class='ocrx_word' id='word_1_278' title='bbox 619 2822 781 2878; x_wconf 89' lang='lat' dir='ltr'><strong>aliquis</strong></span> <span class='ocrx_word' id='word_1_279' title='bbox 817 2823 1061 2879; x_wconf 89' lang='lat' dir='ltr'><strong>aliquando</strong></span> <span class='ocrx_word' id='word_1_280' title='bbox 1086 2824 1382 2867; x_wconf 86' lang='lat' dir='ltr'><strong>concionetur</strong></span> <span class='ocrx_word' id='word_1_281' title='bbox 1411 2824 1453 2866; x_wconf 88' lang='lat' dir='ltr'><strong>in</strong></span> <span class='ocrx_word' id='word_1_282' title='bbox 1495 2826 1660 2880; x_wconf 81' lang='lat' dir='ltr'><strong>templo</strong></span> <span class='ocrx_word' id='word_1_283' title='bbox 1698 2826 1854 2868; x_wconf 84' lang='lat' dir='ltr'><strong>maiori</strong></span> 
     </span>
    </p>
   </div>
   <div class='ocr_carea' id='block_1_6' title="bbox 100 2881 500 2948">
    <p class='ocr_par' dir='ltr' id='par_1_11' title="bbox 100 2881 500 2957">
     <span class='ocr_line' id='line_1_36' title="bbox 100 2881 500 2948; baseline 0 -6"><span class='ocrx_word' id='word_1_284' title='bbox 100 2881 133 2894; x_wconf 35' lang='grc' dir='ltr'><strong>Ἰ</strong></span> <span class='ocrx_word' id='word_1_285' title='bbox 183 2919 191 2948; x_wconf 82' lang='grc'>;</span> <span class='ocrx_word' id='word_1_286' title='bbox 214 2899 500 2944; x_wconf 72' lang='lat' dir='ltr'><strong>alternatim.</strong></span> 
     </span>
    </p>
   </div>
   <div class='ocr_carea' id='block_1_7' title="bbox 0 964 180 3470">
    <p class='ocr_par' dir='ltr' id='par_1_12' title="bbox 0 964 180 3470">
     <span class='ocr_line' id='line_1_37' title="bbox 0 964 180 3470; baseline 0 0"><span class='ocrx_word' id='word_1_287' title='bbox 0 964 180 3470; x_wconf 95' lang='lat' dir='ltr'><strong> </strong></span> 
     </span>
    </p>
   </div>
   <div class='ocr_carea' id='block_1_8' title="bbox 246 2975 1858 3110">
    <p class='ocr_par' dir='ltr' id='par_1_13' title="bbox 246 2975 1858 3110">
     <span class='ocr_line' id='line_1_38' title="bbox 246 2975 1306 3038; baseline 0.002 -20"><span class='ocrx_word' id='word_1_288' title='bbox 246 3035 248 3038; x_wconf 16' lang='lat' dir='ltr'>v</span> <span class='ocrx_word' id='word_1_289' title='bbox 314 2977 365 3018; x_wconf 86' lang='lat' dir='ltr'><strong>In</strong></span> <span class='ocrx_word' id='word_1_290' title='bbox 388 2975 594 3032; x_wconf 87' lang='lat' dir='ltr'><strong>collegiis</strong></span> <span class='ocrx_word' id='word_1_291' title='bbox 614 2990 672 3019; x_wconf 90' lang='lat' dir='ltr'><strong>ne</strong></span> <span class='ocrx_word' id='word_1_292' title='bbox 689 2976 867 3019; x_wconf 92' lang='lat' dir='ltr'><strong>alantur</strong></span> <span class='ocrx_word' id='word_1_293' title='bbox 888 2991 999 3020; x_wconf 90' lang='lat' dir='ltr'><strong>aues</strong></span> <span class='ocrx_word' id='word_1_294' title='bbox 1020 2978 1306 3022; x_wconf 87' lang='lat' dir='ltr'><strong>cantatrices.</strong></span> 
     </span>
     <span class='ocr_line' id='line_1_39' title="bbox 316 3051 1858 3110; baseline 0.002 -15"><span class='ocrx_word' id='word_1_295' title='bbox 316 3053 385 3095; x_wconf 84' lang='lat' dir='ltr'><strong>Ex</strong></span> <span class='ocrx_word' id='word_1_296' title='bbox 407 3051 483 3095; x_wconf 91' lang='lat' dir='ltr'><strong>illa</strong></span> <span class='ocrx_word' id='word_1_297' title='bbox 504 3052 819 3105; x_wconf 82' lang='lat' dir='ltr'><strong>instructione,</strong></span> <span class='ocrx_word' id='word_1_298' title='bbox 843 3067 977 3108; x_wconf 90' lang='lat' dir='ltr'><strong>quam</strong></span> <span class='ocrx_word' id='word_1_299' title='bbox 1004 3054 1056 3098; x_wconf 90' lang='lat' dir='ltr'><strong>P.</strong></span> <span class='ocrx_word' id='word_1_300' title='bbox 1083 3055 1256 3098; x_wconf 84' lang='lat' dir='ltr'><strong>Natalis</strong></span> <span class='ocrx_word' id='word_1_301' title='bbox 1280 3055 1459 3109; x_wconf 87' lang='lat' dir='ltr'><strong>reliquit</strong></span> <span class='ocrx_word' id='word_1_302' title='bbox 1480 3055 1536 3097; x_wconf 92' lang='lat' dir='ltr'><strong>ad</strong></span> <span class='ocrx_word' id='word_1_303' title='bbox 1561 3055 1858 3110; x_wconf 83' lang='lat' dir='ltr'><strong>gubernatio-</strong></span> 
     </span>
    </p>
   </div>
  </div>
 </body>
</html>
