2098 3470
562 246 838 283 Meteonem-A
862 249 1112 279 Pnovmcuuz
1132 241 1474 285 RHENANAE—sz
1712 240 1783 286 317

200 351 289 394 bus
310 356 357 395 et
377 348 476 392 aliis
498 349 651 402 rebus,
675 360 793 404 quae
815 345 1028 389 uidentur
1049 343 1195 400 accipi
1218 358 1244 387 a
1266 343 1432 387 nostris
1455 358 1547 387 non
1569 359 1719 400 posse,
1745 344 1835 388 nisi

202 428 459 472 referantur
479 426 537 469 ad
552 439 708 468 eorum
729 421 977 467 ministeria
999 421 1071 465 vel
1094 420 1367 474 functiones3
1393 435 1475 477 pro
1493 420 1547 463 iis
1568 421 1839 466 instituetur

203 503 389 548 nomine
412 502 595 558 collegii
616 500 773 545 Trium
807 501 1091 544 Coronarum
1120 505 1402 554 procurator,
1426 498 1503 553 qui
1534 499 1621 541 hoc
1651 498 1837 542 nomine

203 580 359 637 exigat
379 594 434 624 ea
455 578 606 622 omnia
628 578 950 628 emolumenta,
976 589 1093 631 quae
1119 573 1287 618 nostris
1307 575 1539 627 cederent,
1564 590 1617 618 ea
1639 577 1759 632 lege,
1785 586 1836 619 ut

204 657 265 703 sit
284 657 560 714 pauperibus
582 654 923 706 distributurus,
948 667 1039 696 non
1062 651 1193 695 nobis
1209 652 1283 695 vel
1298 651 1495 708 collegio
1511 660 1685 695 nostro.
1708 655 1836 697 Haec

207 749 320 780 uero
342 733 456 778 ratio
476 734 534 778 ad
555 739 735 789 tempus
760 737 937 774 tantum
965 729 1259 786 permittitur,
1290 729 1438 774 donec
1467 730 1599 786 plena
1628 730 1839 775 libertate

207 811 436 868 possimus
457 811 589 867 plane
609 809 674 852 nil
690 811 851 852 horum
869 807 1092 863 accipere,
1112 815 1158 850 et
1174 806 1285 850 illud
1303 814 1458 863 aperte
1474 807 1695 862 profiteri,
1715 809 1838 862 quod

206 887 339 933 breui
362 902 467 932 cum
488 886 636 944 gratia
655 885 844 930 Domini
867 886 963 928 fore
984 899 1238 941 speramus.

297 965 436 1021 Quod
457 965 591 1021 paulo
618 963 828 1020 superius
849 962 1021 1006 dictum
1049 961 1266 1018 oportuit,
1300 975 1404 1004 cum
1427 970 1534 1004 sunt
1562 961 1702 1017 aliqui
1725 961 1836 1005 reci—

209 1041 365 1099 piendi
386 1041 432 1085 in
455 1041 730 1093 Societatem
752 1039 932 1093 nouitii,
956 1039 1002 1082 in
1029 1037 1118 1082 illis
1147 1046 1360 1082 accurate
1387 1046 1496 1081 sunt
1523 1039 1846 1083 obseruandae

210 1119 399 1176 regulae
420 1114 756 1170 examinatoris,
782 1115 949 1173 quibus
975 1116 1253 1172 adiungatur
1274 1115 1513 1159 instructio
1534 1124 1567 1167 ³,
1594 1131 1730 1172 quam
1755 1130 1847 1172 ego

211 1195 318 1240 dedi
338 1210 423 1252 pro
450 1194 773 1246 examinatore,
797 1207 854 1237 ex
887 1193 1054 1249 quibus
1085 1192 1312 1236 constabit
1339 1194 1725 1248 quemadmodum
1755 1193 1846 1236 sint

213 1271 499 1318 examinandi
519 1271 663 1314 nostri
684 1278 730 1316 et
752 1269 1016 1314 continendi
1038 1269 1084 1312 in
1106 1269 1249 1326 prima
1276 1269 1561 1326 probatione,
1582 1277 1631 1314 et
1653 1270 1759 1314 inde
1790 1271 1849 1313 ad

213 1349 466 1393 secundam
489 1347 804 1404 probationem
828 1354 874 1390 et
900 1361 1187 1391 communem
1216 1361 1320 1390 cum
1351 1347 1568 1391 fratribus
1604 1347 1851 1390 habitatio-

213 1439 319 1469 nem
339 1424 580 1469 educendi.

303 1503 533 1546 Accurate
554 1501 703 1544 danda
720 1508 790 1546 est
806 1515 959 1558 opera,
986 1509 1037 1544 ut
1057 1501 1200 1545 nostri
1229 1502 1608 1547 consuetudinem
1642 1515 1734 1545 non
1766 1504 1838 1545 ha·
1891 1521 1896 1525 ·

215 1581 355 1624 beant
370 1593 475 1622 cum
498 1578 897 1631 commensalibus3
918 1586 965 1622 et
986 1586 1137 1623 tamen
1161 1593 1340 1635 semper
1361 1586 1496 1623 erunt
1517 1579 1656 1635 aliqui
1685 1595 1741 1624 ex
1769 1594 1858 1622 no-

216 1656 324 1700 stris
343 1655 631 1713 designandi,
658 1656 735 1711 qui
757 1655 933 1712 possint
953 1670 1058 1699 cum
1087 1655 1175 1699 illis
1204 1656 1392 1709 versari,
1424 1670 1617 1712 quorum
1657 1671 1857 1701 consue²

218 1734 330 1777 tudo
355 1732 444 1776 illis
464 1733 622 1789 -possit
658 1747 759 1777 esse
790 1732 930 1785 utilis,
960 1740 1007 1776 et
1034 1733 1202 1776 nostris
1233 1733 1413 1777 illorum
1442 1749 1534 1777 non
1572 1734 1762 1777 inutilis.
1804 1734 1856 1779 Si

217 1810 296 1867 qui
315 1825 372 1854 ex
393 1810 560 1854 nostris
582 1809 965 1854 commensalibus
996 1804 1070 1853 izel
1099 1809 1314 1854 fratribus
1341 1810 1386 1853 in
1419 1810 1563 1854 literis
1589 1812 1663 1855 vel
1692 1811 1855 1868 spiritu

219 1887 629 1944 non-proficerent,
659 1894 722 1939 et,
762 1888 907 1945 multo
940 1887 1091 1930 studio
1122 1902 1225 1931 cum
1260 1887 1502 1944 disciplina
1534 1889 1736 1945 probati,
1764 1904 1859 1932 non

219 1964 396 2021 possint
419 1965 476 2007 ad
498 1963 730 2009 meliorem
756 1965 935 2020 frugem
974 1965 1248 2020 promoueri,
1274 1965 1304 2008 ii
1332 1974 1486 2009 essent
1514 1965 1774 2010 remittendi
1800 1967 1859 2010 ad

221 2055 346 2095 suos,
370 2041 418 2084 in
440 2040 606 2097 quibus
627 2040 911 2085 remittendis
933 2042 1057 2084 nulla
1079 2056 1267 2098 prorsus
1287 2050 1410 2087 esset
1436 2043 1698 2095 difficultas,
1723 2043 1761 2086 si
1794 2044 1856 2086 si-

222 2118 315 2162 mul
338 2117 603 2162 uiderentur
625 2117 643 2143 b
663 2118 886 2174 proficere
918 2133 1007 2161 non
1037 2133 1186 2174 posse,
1210 2127 1257 2162 et
1285 2118 1384 2162 aliis
1407 2127 1641 2176 praeterea
1664 2127 1818 2164 essent
1843 2127 1859 2144 Ε

221 2195 496 2239 offendiculo
504 2232 514 2241 .

315 2273 413 2316 Erit
434 2274 705 2327 curandum,
726 2280 792 2325 ut,
812 2272 889 2328 qui
906 2287 997 2316 non
1017 2273 1224 2318 fecerunt
1247 2274 1478 2326 exercitia,
1499 2274 1529 2317 ii
1546 2274 1714 2318 faciant
1730 2275 1824 2317 bini
1842 2274 1861 2299 ἀ

223 2351 298 2395 vel
320 2350 455 2396 etiarn
483 2349 670 2406 singuli,
710 2350 748 2393 si
775 2365 867 2393 non
896 2350 1065 2403 omnia,
1091 2351 1251 2394 saltem
1279 2350 1470 2407 primam
1510 2353 1860 2405 hebdomadam,

223 2435 271 2472 et
291 2428 511 2473 nonnulla
537 2442 594 2471 ex
622 2429 842 2481 secunda,
866 2429 1039 2483 absque
1066 2427 1386 2480 electionibuS,
1417 2438 1463 2472 et
1499 2430 1698 2473 habeant
1727 2444 1860 2471 suum

226 2519 479 2557 secessum,
510 2512 557 2548 et
584 2519 676 2548 non
704 2512 1035 2548 conuersentur
1061 2519 1166 2548 cum
1204 2505 1319 2559 aliis,
1352 2520 1443 2561 quo
1482 2513 1683 2561 tempore
1723 2513 1864 2561 agent

227 2581 314 2625 ista
334 2581 565 2626 exercitia.
591 2582 832 2626 Praeterea
855 2589 1041 2639 possent
1063 2581 1242 2636 aliquae
1264 2582 1654 2638 peregrinationes
1672 2581 1861 2624 concedi

228 2659 347 2703 intra
363 2673 532 2703 annum
551 2658 686 2710 binis,
706 2673 899 2714 quorum
917 2659 1030 2702 alter
1047 2660 1206 2702 saltem
1223 2667 1360 2714 esset,
1382 2659 1456 2702 cui
1475 2667 1633 2714 posset
1655 2659 1865 2714 superior

230 2737 475 2780 confidere.
517 2738 712 2780 Pos'sent
739 2735 875 2779 etiarn
912 2750 1240 2791 nonnunquam
1278 2736 1395 2778 mitti
1435 2737 1490 2778 ad
1520 2735 1861 2779 inseruiendum

231 2812 548 2858 xenodochiis.
582 2812 805 2857 Breuiter:
845 2820 1029 2869 possent
1066 2828 1122 2857 ex
1159 2813 1246 2855 illis
1274 2812 1717 2864 mortificationibus,
1750 2827 1869 2868 quas

228 2904 321 2947 ego
347 2890 395 2932 in
426 2890 686 2946 catalogum
725 2889 918 2945 conjeci,
950 2890 1023 2932 illa
1061 2890 1269 2945 usurpari
1306 2891 1558 2942 commode,
1593 2903 1709 2944 quae
1740 2889 1867 2932 uide-

229 2968 403 3010 buntur
425 2966 647 3023 superiori
663 2966 797 3010 utiles
808 3001 817 3008 .

302 3065 320 3082 a
369 3055 442 3090 ΜΞ.
464 3054 718 3090 constructio.
770 3057 835 3082 -b
855 3055 932 3091 Ms.
955 3057 1177 3091 videretur.
1230 3066 1292 3084 ..c
1314 3057 1383 3091 Ms.
1405 3059 1512 3091 esset.
1569 3057 1631 3083 -d
1660 3055 1732 3091 Ms.
1753 3055 1868 3091 bina.
