2098 3470
10 782 26 789 Ι.
0 394 28 759 *ζ’*ΨΠἯῖΟῧἿὮΨἺ-ἳῐ
7 360 26 384 ³¹¹
10 341 14 347 ·
2 323 3 326 ⁴
13 158 16 163 2

31 724 33 726 .
39 699 41 701 ,
30 499 35 505 -
27 407 34 422 ··
56 288 59 290 ι
53 255 59 261 ›.
30 119 71 239 *huss-*21¹5
43 95 60 105 Ι,
55 66 70 86 ’ί

84 256 87 263 -
79 167 94 179 ,τ
102 149 111 155 r
79 94 91 106 :⁴
87 60 114 71 ἱ

787 247 1228 292 Supptsuenrun-zs
1707 248 1774 294 871

186 363 307 402 rum,
331 355 381 392 vt
404 349 528 405 quod
558 347 734 392 inuitus
755 347 971 401 faciebas,
996 349 1155 392 volens
1181 363 1234 392 ac
1256 350 1419 394 lubens
1442 358 1641 406 praestes
1663 359 1702 403 ⁸,
1737 356 1826 398 243

188 440 308 483 quae
328 433 408 470 tua
427 425 674 482 singularis
695 432 764 470 est
787 425 932 481 pietas
954 432 1092 481 atque
1115 425 1252 468 animi
1276 426 1340 468 tui
1363 428 1546 470 candor.
1584 427 1707 471 Audi
1739 428 1825 485 igi-

188 510 279 556 tur,
305 504 446 547 Pater
467 501 545 555 mi,
569 508 615 547 et
631 501 806 545 inclina
827 515 983 545 aurem
1014 509 1137 545 tuam
1160 510 1379 557 quantum
1403 512 1547 559 potes,
1567 505 1639 549 vel
1661 506 1820 558 abiice‚

186 580 261 625 vel
297 579 570 624 obliuiscere
606 578 787 623 interim
825 577 1099 635 principium
1128 578 1255 632 illud,
1285 581 1405 624 vnde
1441 583 1556 624 hanc
1584 596 1822 629 censuram

186 657 322 700 video
370 656 626 706 emersisse,
663 655 787 711 quod
840 654 922 698 tibi
974 655 1178 699 fortassis
1224 671 1281 699 ex
1318 657 1415 701 aliis
1442 658 1826 714 disputationibus

185 739 382 783 ἀναισθήτως
410 732 431 759 b
451 732 664 789 inhaesit.¹
687 733 780 778 Sed
809 732 1024 789 quidnam
1054 733 1166 775 illud
1189 742 1258 776 est
1286 734 1571 790 principium:
1598 750 1698 780 esse
1719 751 1823 779 con-

188 819 260 855 tra
281 825 435 856 sacras
455 811 646 862 litteras,
677 810 798 866 quod
829 809 907 852 vni
937 810 1123 855 scholae
1150 809 1156 866 Ι
1183 810 1380 862 videtur,
1410 813 1482 856 vel
1509 812 1824 868 religiosorum

187 883 353 938 ordini,
377 897 481 927 cum
504 882 646 926 sacris
668 881 863 942 [litteris]
883 884 1112 938 pugnare?
1134 884 1239 926 Non
1261 891 1330 926 est
1353 883 1432 936 ita,
1459 886 1594 927 Pater
1613 884 1824 928 doctissi-

186 975 280 1014 me,
298 974 391 1004 non
407 966 494 1004 est.
508 960 626 1002 Nam
643 958 779 1002 etiam
797 959 836 1002 si
854 966 1009 1002 nostra
1026 966 1175 1003 aetate
1193 975 1218 1003 e
1236 959 1368 1003 vobis
1387 961 1566 1004 credam
1585 962 1826 1017 plerosque

186 1051 350 1083 omnes
385 1035 500 1080 nihil
537 1035 773 1092 ambigere
798 1037 856 1079 de
885 1035 1078 1092 virginis
1104 1041 1269 1078 οεοτόκου
1299 1036 1469 1080 illibata
1508 1030 1822 1094 conceptione,

189 1113 413 1171 superiori
430 1121 579 1156 tamen
599 1119 748 1156 aetate
770 1120 987 1156 constans
1003 1112 1089 1156 fuit
1113 1114 1251 1156 vestri
1269 1114 1439 1156 ordinis
1458 1115 1683 1159 sententia
1701 1115 1826 1172 [con—

190 1189 344 1248 traria]
368 1198 399 1234 ⁰.
425 1190 533 1234 Fuit
560 1197 713 1234 autem
735 1197 916 1234 vestrae
946 1189 1200 1234 sententiae
1221 1190 1483 1246 primarium
1506 1200 1827 1248 argumentum

191 1282 295 1313 esse
316 1274 476 1311 contra
496 1281 650 1311 sacras
670 1267 840 1319 literas,
866 1267 904 1309 si
925 1267 1159 1310 communi
1187 1267 1486 1323 generatione
1514 1271 1648 1312 homo
1670 1285 1727 1313 ex
1749 1271 1827 1312 ho-

190 1345 316 1391 mine
337 1353 600 1402 generetur,
625 1359 711 1388 nec
732 1343 955 1401 originale
976 1352 1214 1400 peccatum
1239 1347 1496 1391 contrahat.
1520 1347 1624 1389 Non
1642 1355 1790 1391 tamen
1806 1348 1826 1372 ‘¹

191 1426 305 1469 2⁴51·
325 1421 623 1466 obtinuerunt
645 1429 799 1478 patres
821 1420 959 1465 vestri
983 1421 1056 1464 vel
1079 1421 1371 1478 peruicerunt
1392 1430 1632 1479 propterea
1660 1423 1705 1465 id
1727 1438 1828 1467 esse

191 1506 355 1543 contra
376 1513 530 1543 sacras
551 1498 757 1556 [litteras]
782 1499 906 1555 quod
926 1497 990 1541 ita
1012 1497 1096 1554 ipsi
1120 1498 1390 1543 iudicarent.

281 1651 369 1698 Pol.
397 1652 602 1710 244v(1).
630 1651 747 1695 Vide
775 1651 821 1696 in
850 1651 944 1695 vita
965 1650 1056 1705 Xfi,
1088 1652 1214 1708 quod
1242 1652 1359 1695 sacri
1381 1653 1593 1698 doctores
1615 1653 1733 1697 idem
1756 1653 1827 1696 di-

191 1737 298 1774 cant
318 1743 372 1773 ac
393 1744 493 1773 nos:
518 1728 582 1773 ita
603 1729 798 1774 ecclesia
819 1743 903 1785 per
918 1729 1268 1773 concionatores
1284 1728 1497 1786 explicat:
1519 1730 1557 1773 si
1575 1745 1668 1773 non
1686 1745 1828 1786 appa-

192 1806 283 1850 ruit
302 1807 465 1864 primo,
489 1807 611 1862 quod
633 1820 725 1849 non
746 1805 857 1849 dicit
878 1805 1189 1863 euangelium;
1221 1821 1334 1863 ergo
1363 1821 1456 1850 non
1477 1807 1686 1863 apparuit
1717 1807 1827 1850 sim-

190 1883 383 1942 pliciter,
407 1884 532 1940 quod
553 1882 668 1926 nihil
690 1882 816 1926 dicit.
842 1884 935 1926 Iam
966 1883 1042 1926 hic
1069 1883 1190 1927 serio
1219 1891 1235 1909 θ
1266 1883 1364 1928 sine
1396 1884 1631 1927 intellectu
1659 1886 1695 1936 ¹,
1727 1892 1820 1928 etc.

190 1961 330 2018 Quod
349 1960 388 2004 si
409 1960 635 2017 apparuit,
660 1974 745 2002 cur
767 1974 862 2003 non
886 1960 1052 2016 primo?
1082 1961 1199 2004 Nam
1229 1975 1364 2016 quem
1397 1962 1549 2004 locum
1582 1960 1646 2004 illi
1682 1961 1831 2004 dabis?

202 2059 212 2065 ’
259 2070 292 2096 α’
325 2069 398 2114 qui
408 2071 590 2116 praestes
606 2079 695 2114 ms.;
715 2067 786 2103 sed
809 2068 881 2114 qui
904 2068 1144 2115 superfluum
1163 2067 1334 2105 videtur.
1354 2070 1494 2104 Totam
1512 2070 1611 2105 hanc
1629 2069 1831 2116 periodum

188 2127 345 2175 saepius
358 2127 584 2164 emendavit
597 2133 746 2171 auctor3
762 2132 804 2163 et
819 2126 978 2163 tandem
997 2129 1204 2164 obscuram
1218 2129 1391 2176 reliquit.
1446 2151 1466 2154 —
1492 2132 1510 2157 b
1537 2129 1614 2165 Sic.
1633 2130 1748 2165 Forte
1765 2141 1831 2164 vo-

189 2186 263 2223 luit
280 2186 453 2222 scribere
469 2187 689 2229 ἀνασκήτως,
709 2197 787 2234 quo
805 2198 925 2222 sensu
939 2187 1157 2233 Plutarch.,
1171 2188 1287 2233 Mon,
1303 2200 1340 2234 p.
1359 2197 1438 2229 112,
1457 2189 1520 2234 D.,
1539 2188 1605 2223 ait:
1625 2189 1823 2230 ἀνασκήτως

187 2245 400 2292 &zazius-nt.
456 2254 516 2274 -ο
545 2245 658 2282 Licet
686 2246 762 2282 hoe
791 2247 902 2282 verb.
934 2246 1112 2282 omiserit
1143 2247 1250 2293 Nat,
1284 2253 1414 2283 tamen
1445 2246 1703 2294 supplendum
1737 2246 1831 2282 illud

190 2315 280 2340 esse
297 2303 468 2341 videtur.
521 2305 586 2332 —d
611 2303 723 2349 Quae
738 2311 972 2352 sequuntur,
986 2316 1064 2341 non
1082 2305 1261 2341 ordinate
1279 2306 1473 2341 habentur
1492 2306 1531 2341 in
1549 2305 1698 2350 codice,
1717 2312 1830 2352 prout

190 2374 240 2398 ex
258 2361 437 2399 foliorum
453 2363 683 2399 recensione
702 2370 877 2410 apparet.
894 2364 1037 2412 Aliqua
1056 2371 1214 2401 exstant
1232 2364 1271 2400 in
1291 2365 1384 2400 folio
1403 2371 1580 2411 separato
1599 2365 1758 2399 minoris
1775 2363 1829 2398 di-

190 2421 419 2468 mensionis,
434 2422 474 2458 in
493 2424 550 2468 4.ο
566 2422 719 2459 scilicet
731 2422 949 2468 dimidiato,
964 2424 1093 2459 omnia
1107 2430 1239 2459 autem
1254 2424 1405 2459 Natalis
1421 2436 1548 2466 manu,
1569 2423 1634 2470 qui
1653 2424 1748 2457 haec
1767 2422 1829 2457 ad-

194 2481 364 2517 versaria
379 2480 599 2517 inordinata
616 2487 657 2517 et
674 2481 906 2529 imperfecta
922 2482 1095 2530 reliquit.
1115 2483 1233 2519 Binas
1252 2485 1425 2530 pagellas
1446 2483 1603 2518 minoris
1621 2482 1830 2517 dimensio-

189 2540 250 2576 nis
264 2539 428 2576 seorsim
445 2540 547 2576 intra
564 2541 728 2577 uncinos
746 2542 919 2578 numeris
942 2550 1034 2587 1—4
1052 2542 1267 2588 signamus.
1319 2554 1382 2570 —e
1409 2541 1585 2579 Obscure
1604 2548 1824 2576 exaratum.

265 2637 276 2658 ¹
326 2635 437 2683 Haec
453 2634 502 2670 ad
526 2635 704 2672 libellum
729 2635 1008 2672 exercitiorum
1036 2636 1077 2674 S.
1106 2637 1235 2682 Ignati
1260 2637 1494 2681 referuntur,
1516 2636 1582 2671 ubi
1602 2636 1672 2671 «D.
1695 2636 1743 2671 N.
1763 2637 1826 2681 Je-

184 2693 377 2731 ·suchristi
394 2694 604 2741 mysteria»
627 2694 669 2730 in
686 2696 830 2730 breves
849 2694 1124 2731 meditationes
1142 2695 1364 2742 distributa,
1386 2702 1474 2742 post
1491 2701 1665 2741 quartam
1684 2694 1830 2729 hebdo-

193 2753 344 2789 madam
363 2752 540 2800 exhibet3
559 2759 599 2789 et
626 2753 666 2790 in
689 2754 837 2791 Christi
861 2755 1149 2790 resurrectione
1174 2756 1273 2790 hanc
1296 2754 1665 2800 contemplationem
1690 2765 1825 2800 propo-

190 2812 263 2848 nit:
282 2811 479 2848 «Primum
496 2813 677 2860 apparuit
696 2813 887 2849 Dominus
906 2813 1020 2848 Matri
1040 2825 1135 2848 suae
1149 2819 1355 2861 postquam
1371 2812 1597 2857 resurrexit,
1618 2824 1706 2847 cum
1720 2812 1825 2847 dicat

190 2870 392 2918 Scriptura
407 2870 512 2919 quod
529 2871 710 2918 apparuit
727 2872 875 2908 multis.
897 2872 1008 2907 Licet
1027 2872 1131 2907 enim
1152 2872 1380 2908 nominatim
1400 2873 1504 2907 illam
1523 2883 1598 2906 non
1618 2872 1827 2917 exprimat,

191 2929 232 2966 id
248 2930 363 2966 nobis
379 2934 512 2966 tamen
534 2930 720 2978 relinquit
750 2942 820 2977 pro
850 2936 973 2976 certo,
1006 2936 1187 2978 tanquam
1220 2931 1463 2967 intellectum
1494 2930 1742 2971 habentibus:
1774 2942 1823 2965 ne

190 2988 364 3036 alioquin
381 2988 466 3025 iure
486 2988 689 3025 audiamus
707 2989 816 3025 illud÷
840 2988 999 3036 (Adhuc
1016 2992 1052 3025 et
1066 3001 1134 3025 vos
1156 2991 1242 3026 sine
1261 2991 1461 3026 intellectu
1483 2990 1595 3024 estis?
1618 2989 1824 3034 muru„

189 3048 279 3090 XV,
301 3048 400 3095 16.])
