2098 3470
357 258 428 303 706
831 259 984 296 PA'rms
1010 260 1254 296 HlssRONYMI
1280 259 1428 295 NADAL

312 359 391 403 tati
415 361 690 416 exemplum,
716 368 764 403 vt
785 361 863 416 qui
900 362 1104 418 superior
1131 368 1219 414 est,
1249 362 1467 406 honorem
1506 361 1630 404 illum
1659 376 1759 406 esse
1793 370 1938 420 putet,

310 444 356 480 et
379 451 471 480 non
494 436 645 493 potius
668 436 947 481 functionem
970 437 1239 482 humilitatis
1256 445 1302 480 et
1325 438 1574 482 seruitutis.
1601 438 1730 492 Item,
1749 439 1786 483 si
1810 447 1938 496 putet

308 514 393 556 sibi
416 513 627 556 iniuriam
657 514 753 559 fieri
782 522 831 557 vt
859 514 1007 558 officio
1037 521 1295 566 moueatur,
1322 528 1373 557 ac
1396 516 1640 558 contendat
1662 524 1707 560 et
1734 523 1864 561 curet
1890 515 1936 559 in

309 590 578 647 magistratu
602 605 880 647 permanere.

393 670 466 713 212
500 668 727 711 Externae
749 668 1133 712 contradictiones
1155 669 1355 711 fuerunt.

393 747 656 800 Antequam
679 745 884 790 Societas
906 745 1267 797 confirmaretur,
1293 745 1500 788 Venetiis
1520 745 1715 788 excitata
1742 754 1812 790 est
1827 761 1934 790 con-

307 820 516 864 tradictio
546 836 572 863 a
603 823 738 865 P-etro
775 822 995 873 Carraffa,
1027 820 1103 876 qui
1134 820 1219 863 fuit
1249 822 1419 864 Paulus
1448 834 1491 875 4.
1525 823 1638 865 Nam
1678 821 1791 866 aliae
1829 838 1934 866 nar-

306 906 463 940 rantur
485 913 511 941 a
532 898 855 943 commentario
878 898 1132 953 aliquorum
1154 906 1389 954 gestorum
1410 900 1464 943 P.
1485 899 1664 955 Ignatii.

395 973 501 1017 Alia
524 975 631 1017 item
654 981 759 1018 ante
780 974 1023 1019 Societatis
1041 975 1428 1018 confirmationem
1451 974 1538 1018 fuit
1565 977 1821 1030 Mudarrae,
1850 979 1933 1020 Pa-

303 1051 471 1094 schasii
493 1058 540 1095 et
563 1053 797 1104 Barrerae,
828 1051 1076 1094 aulicorum
1108 1065 1319 1095 romanae
1346 1051 1499 1095 curiae
1537 1051 1874 1108 hispanicorum
1903 1055 1932 1098 ¹.

393 1128 509 1172 Dein
543 1127 785 1171 cardinalis
816 1126 1133 1179 Guidaccioni,
1159 1127 1232 1170 cui
1260 1128 1547 1172 commiserat
1578 1129 1748 1173 Paulus
1771 1129 1933 1173 tertius

303 1205 541 1261 negotium
563 1204 918 1248 confirmationis
936 1219 1055 1248 anno
1078 1215 1204 1259 1540.

392 1283 635 1327 Praeterea
659 1283 751 1326 fere
773 1282 907 1324 simul
930 1280 1147 1334 Mathiae,
1172 1281 1250 1337 qui
1273 1290 1369 1326 erat
1396 1282 1732 1326 veredariorum
1756 1283 1924 1339 praefe-

300 1366 403 1402 ctus
427 1359 559 1402 Pauli
582 1359 719 1412 tertii,
746 1359 990 1411 Rossellae,
1010 1366 1056 1402 et
1073 1358 1335 1402 Barberani.

388 1435 492 1479 Alia
536 1436 621 1479 fuit
657 1436 846 1494 Joannis
888 1451 914 1478 a
956 1437 1179 1487 Mercato,
1205 1433 1302 1491 'qui
1343 1443 1548 1491 praeerat
1588 1437 1930 1482 catechumenis

297 1527 416 1556 anno
444 1524 571 1568 1552.
1082 1514 1090 1520 '

385 1591 582 1633 Rursum
606 1605 725 1633 anno
756 1591 881 1645 1564,
909 1589 994 1632 fuit
1015 1589 1211 1633 excitata
1233 1591 1289 1632 ab
1312 1589 1558 1634 Caesarino
1580 1590 1612 1632 ¹².

384 1668 589 1710 Fuerunt
612 1669 698 1710 hae
719 1666 901 1722 quidem
925 1666 1219 1719 Vniuersales,
1246 1673 1294 1708 vt
1316 1680 1432 1722 quae
1462 1666 1696 1723 negotium
1727 1667 1925 1712 facesse-

236 1734 239 1737 ’
296 1745 406 1786 bant
429 1751 587 1788 contra
609 1744 869 1800 generalem
891 1751 937 1787 et
961 1745 1120 1787 Patres
1143 1757 1371 1787 romanos.
1808 1792 1810 1796 v

354 1847 358 1851 -
382 1817 455 1868 213
485 1823 691 1866 Fuerunt
719 1828 764 1864 et
793 1821 906 1865 aliae
933 1835 1114 1863 rursum
1145 1820 1439 1873 vniuersales,
1465 1820 1579 1864 Cani
1608 1820 1654 1863 in
1684 1820 1923 1877 Hispania,

294 1899 529 1943 Sorbonae
550 1898 777 1943 Lutetiae.
803 1898 934 1942 Aliae
956 1897 1137 1954 quidem
1164 1898 1407 1940 nonnullae
1438 1898 1620 1942 fuerunt
1650 1905 1815 1950 motae,
1843 1899 1933 1942 sedv

293 1991 409 2031 quae
431 1990 487 2019 ex
510 1974 634 2018 falsis
656 1975 913 2018 rumoribus
936 1975 1120 2018 fuerunt
1141 1975 1277 2030 paulo
1294 1974 1480 2030 negotio
1498 1974 1742 2033 extinctae.

382 2054 437 2095 Et
477 2053 564 2096 hae
600 2051 783 2107 quidem
814 2058 1025 2107 poterunt
1053 2050 1283 2094 Chronico
1319 2050 1472 2102 inseri;
1503 2050 1619 2094 aliae
1656 2051 1702 2094 in
1734 2051 1920 2095 secretis

291 2129 647 2174 commentariis.

379 2208 552 2251 Sensus
575 2214 624 2249 vt
645 2207 833 2249 adeatur
862 2207 919 2248 ad
957 2205 1118 2248 missae
1156 2204 1444 2259 sacrificium,
1477 2212 1572 2248 tum
1599 2206 1657 2248 ad
1685 2219 1919 2250 sacrosan-

290 2291 409 2327 ctam
432 2283 751 2328 eucharistiam
774 2282 1074 2326 confidenter.
1108 2283 1227 2325 Nam
1255 2281 1404 2324 aditur
1433 2281 1645 2325 Christus
1673 2282 1917 2339 gloriosus,

289 2363 416 2405 Deus
439 2361 741 2417 omnipotens,
760 2374 840 2416 per
862 2374 1084 2402 summam
1107 2358 1486 2411 obsecrationem,
1507 2359 1636 2415 quasi
1657 2374 1738 2415 per
1760 2366 1919 2403 actua-

287 2439 377 2482 lem
400 2437 676 2482 oblationem
697 2437 742 2479 in
766 2450 917 2488 cruce,
943 2443 992 2478 vt
1020 2436 1067 2478 in
1089 2435 1330 2488 sacrificio,
1356 2442 1401 2477 et
1423 2450 1503 2491 per
1532 2450 1687 2480 veram
1708 2443 1915 2488 mortem,

287 2523 336 2557 vt
358 2515 403 2557 in
426 2521 726 2558 sacramento.
754 2515 885 2565 Nam,
911 2520 960 2555 vt
983 2513 1028 2555 in
1058 2512 1280 2556 sacrificio
1308 2513 1512 2564 offertur,
1544 2512 1672 2567 quasi
1701 2520 1917 2556 renouata
1956 2535 1962 2544 =

286 2592 513 2648 passione,
539 2593 706 2647 Xpus.;
731 2590 778 2632 in
802 2597 1102 2642 sacramento,
1127 2588 1256 2644 quasi
1288 2603 1407 2632 mors
1433 2603 1555 2641 vera,
1579 2589 1708 2644 quasi
1747 2604 1793 2633 re
1819 2589 1916 2645 ipsa

285 2676 643 2725 repraesentata:
669 2675 911 2722 Vtrumque
939 2667 984 2708 in
1014 2665 1439 2710 commemoratione
1468 2680 1574 2709 vera
1602 2673 1648 2708 et
1674 2665 1847 2709 efficaci
1870 2667 1914 2708 in

284 2745 439 2789 sensili
461 2745 596 2801 signo
612 2743 847 2800 diuinitus.

355 2888 364 2907 ¹
416 2887 477 2921 De
501 2886 562 2921 his
586 2884 731 2931 Ignatii
754 2883 1101 2919 calumniatoribus
1125 2882 1280 2930 saepius
1306 2883 1345 2918 in
1363 2883 1544 2919 Monum.
1564 2883 1716 2931 Ignat„
1742 2895 1816 2922 ser.
1846 2885 1912 2930 IV,

282 2951 387 2980 tomo
406 2945 438 2991 Ι,
457 2955 584 2980 sermo
603 2949 677 2980 est.
697 2942 948 2978 Paschasium
967 2948 1112 2986 autern,
1128 2942 1190 2977 hic
1206 2941 1462 2985 nominatum,
1478 2941 1614 2978 nullibi
1631 2942 1726 2978 alias
1740 2942 1911 2989 reperire

280 3004 493 3051 potuimus.

350 3064 364 3086 ²
415 3063 516 3099 Vide
534 3074 664 3110 supra,
685 3073 775 3109 pag.
800 3061 865 3106 148
881 3066 920 3096 et
938 3073 1046 3108 seqq.
