2098 3470
305 233 327 268 6
330 242 374 278 52
778 234 935 272 Parius
959 236 1205 271 ΗιειωΝΥΜι
1232 236 1383 272 ΝΔῡΑῐ,

254 333 587 387 consolatione,
612 341 657 376 et
680 334 809 389 quasi
831 335 1088 379 deriuatum
1113 344 1130 361 ³
1152 336 1198 378 in
1228 350 1311 379 nos
1339 336 1492 380 nescio
1515 337 1624 392 quid
1646 336 1766 381 illius
1787 353 1895 395 gra-

258 410 347 454 tiae
369 410 610 454 sensimus.
635 412 773 466 Quod
797 411 938 473 igitur
959 412 1251 468 priuilegium
1277 413 1401 455 Patri
1430 413 1608 469 Ignatio
1634 415 1803 458 factum
1826 415 1895 459 in-

258 485 522 543 telligimus,
548 487 666 530 idem
690 488 772 530 toti
794 489 1010 533 Societati
1033 503 1301 532 concessum
1323 504 1424 534 esse
1445 490 1692 543 eredimus,
1718 498 1764 536 et
1788 506 1894 548 gra-

258 563 366 606 tiam
404 563 621 607 orationis
658 564 779 608 illius
815 573 861 608 et
899 564 1298 620 contemplationis
1335 565 1382 608 in
1414 566 1644 611 Societate
1681 567 1896 612 omnibus

255 641 387 683 nobis
408 648 611 697 paratam
639 656 741 686 esse
777 642 1067 693 confidimus,
1100 656 1293 698 eamque
1325 656 1430 685 cum
1465 643 1707 687 uocatione
1740 652 1897 688 nostra

254 717 547 761 coniunctam
568 732 669 763 esse
691 719 1013 763 confitemur...
1717 709 1721 712 Δ

343 794 610 850 Superiores
638 805 789 838 autem
829 802 967 849 atque
1004 793 1221 837 orationis
1248 796 1508 850 praefectus
1537 797 1657 839 hane
1681 797 1895 842 modera*

254 870 423 913 tionem
451 871 715 923 adhibeant,
741 885 875 926 quarn
904 870 1074 913 scimus
1104 874 1254 915 Prem.
1282 872 1510 929 ignatium
1533 873 1746 917 habuisse
1764 874 1896 918 fami-

251 947 424 999 liarem,
449 955 494 990 et
516 947 711 990 instituti
733 948 975 993 Societatis
996 948 1192 991 dicimus
1214 949 1456 1005 propriam,
1484 957 1534 992 ut
1555 949 1593 992 si
1617 964 1752 1006 quem
1774 950 1893 994 iudi-

251 1032 356 1068 cent
378 1024 424 1067 in
446 1024 645 1068 Domino
663 1026 782 1068 bono
805 1025 965 1080 spiritu
989 1025 1035 1067 in
1059 1025 1263 1070 oratione
1285 1026 1516 1082 progredi,
1543 1026 1606 1069 illi
1629 1027 1740 1070 nihil
1762 1042 1894 1084 prae-

249 1100 469 1153 scribant,
495 1101 605 1144 nihil
634 1102 759 1144 illum
796 1102 1100 1158 interpellent,
1126 1102 1236 1158 quin
1274 1103 1427 1159 potius
1464 1103 1590 1146 illum
1621 1104 1894 1148 confirment

247 1167 387 1233 atque
409 1178 626 1230 animent,
658 1187 706 1221 vt
744 1179 1061 1235 progrediatur
1100 1179 1146 1221 in
1174 1179 1372 1223 Domino
1404 1179 1607 1224 suauiter
1629 1180 1812 1236 quidem
1840 1195 1893 1224 ac

250 1254 443 1308 fortiter3
468 1255 537 1298 sin
561 1255 646 1298 erit
664 1255 842 1311 aliquis,
869 1255 946 1311 qui
971 1257 1043 1299 uel
1066 1270 1155 1299 non
1181 1256 1402 1312 proficiat,
1428 1257 1502 1300 uel
1533 1271 1624 1300 non
1646 1258 1764 1300 bene
1784 1271 1893 1313 pro-

247 1331 502 1388 grediatur,
527 1333 598 1376 uel
620 1332 832 1376 illusione
855 1332 1006 1388 aliqua
1028 1334 1240 1387 dueatur,
1261 1334 1333 1378 uel
1351 1348 1521 1386 errore,
1542 1348 1646 1377 eum
1664 1334 1722 1377 ad
1739 1349 1894 1378 ueram

248 1407 465 1452 orationis
503 1409 623 1452 uiam
663 1424 714 1452 ac
751 1424 1046 1465 progressum
1083 1409 1316 1453 enitantur
1356 1410 1575 1454 reducere
1617 1410 1662 1453 in
1706 1410 1893 1454 Christo

248 1488 419 1543 Jesu...
1089 1495 1092 1499 '
1692 1539 1696 1542 ἢ

417 1564 569 1619 quoad
591 1563 689 1608 eius
722 1564 819 1608 fieri
852 1563 1011 1620 possit,
1037 1555 1189 1607 omnia
1212 1563 1526 1620 transigantur
1563 1564 1893 1621 perfectissime

247 1648 292 1684 et
315 1641 372 1683 ad
394 1641 531 1683 finem
554 1648 759 1683 nostrum
798 1640 1131 1696 appositissime
1165 1643 1193 1686 ¹.
1234 1642 1413 1684 Horum
1453 1655 1562 1684 uero
1593 1640 1816 1694 omnium,
1841 1648 1893 1683 ut

247 1717 386 1760 totius
418 1716 613 1760 instituti
637 1717 857 1760 rationem
879 1718 1098 1761 reddebat
1123 1720 1258 1762 Pater
1295 1717 1502 1774 Ignatius
1539 1717 1889 1770 illustrationem

247 1794 368 1837 illam
401 1794 612 1838 eximiam
652 1794 816 1839 mentis
852 1810 977 1847 suae,
1003 1809 1139 1850 quam
1162 1795 1383 1851 singulari
1407 1795 1494 1839 Dei
1525 1794 1810 1851 benignitate
1836 1809 1892 1838 ac

246 1885 414 1927 magno
435 1871 620 1935 diuinae
641 1872 816 1928 gratiae
839 1872 1082 1928 priuilegio
1111 1871 1286 1927 accepit
1315 1872 1373 1915 ad
1402 1871 1530 1914 initia
1557 1886 1668 1915 suae
1696 1885 1891 1915 conuer-

245 1948 385 1991 sionis
407 1936 663 2000 Manresae,
688 1949 812 2004 quod
834 1949 1049 2005 oppidum
1079 1956 1148 1991 est
1170 1948 1217 1991 in
1244 1948 1575 1992 Tarraconensi
1603 1947 1622 1973 ¹³
1650 1948 1889 2004 Hispania;

245 2039 301 2068 ex
323 2024 399 2068 illa
416 2025 535 2069 enim
558 2026 677 2078 luce,
697 2041 753 2069 ex
772 2025 847 2068 illo
863 2025 1101 2081 principio,
1123 2039 1179 2068 ex
1195 2024 1271 2068 illo
1289 2025 1472 2070 diuinae
1489 2024 1788 2081 benignitatis
1803 2024 1892 2082 pri·

246 2101 432 2158 uilegio,
457 2104 569 2147 haec
598 2103 692 2154 lux,
718 2103 865 2158 gratia
904 2105 1034 2156 haec,
1075 2117 1212 2158 quarn
1245 2102 1293 2145 in
1329 2101 1559 2147 Societate
1597 2101 1823 2146 sentimus
1844 2109 1891 2145 et

242 2179 575 2235 amplectimur,
599 2193 716 2234 quae
738 2194 823 2222 nos
845 2179 1068 2224 exhilarat
1083 2172 1134 2221 ‘in
1159 2178 1319 2235 spiritu
1343 2178 1508 2222 mentis
1538 2185 1740 2230 nostrae,
1768 2192 1888 2233 quae

244 2270 327 2298 nos
348 2257 610 2299 consolatur
645 2263 783 2311 atque
819 2256 1005 2309 animat,
1046 2271 1103 2299 ex
1125 2256 1202 2298 illo
1240 2255 1425 2310 inquam
1462 2254 1704 2311 principio,
1729 2268 1787 2297 ex
1810 2253 1887 2297 illa

244 2333 347 2376 luce
368 2346 421 2375 ac
443 2333 591 2389 gratia
613 2347 639 2375 a
655 2332 1008 2377 clementissimo
1027 2334 1163 2375 Patre
1181 2331 1368 2375 coelesti
1386 2331 1432 2374 in
1451 2331 1714 2375 uniuersam
1732 2330 1887 2375 Socie-

243 2417 403 2464 tatem,
424 2424 674 2465 omnesque
695 2409 794 2452 eius
816 2416 965 2465 partes
983 2417 1119 2464 atque
1149 2409 1194 2451 in
1218 2407 1368 2451 omnia
1398 2406 1648 2451 ministeria
1677 2406 1889 2450 deriuata

239 2493 309 2528 est
331 2494 468 2542 atque
489 2486 675 2529 inducta
697 2487 730 2539 Ξ;
756 2487 872 2528 hanc
895 2485 1089 2542 gratiam
1114 2485 1228 2528 ratio
1246 2498 1425 2540 semper
1442 2490 1567 2527 reeta
1584 2483 1886 2539 consequitur

315 2664 332 2679 a
382 2653 615 2688 deriuntam
635 2663 705 2688 ms.
758 2653 824 2678 —b
858 2652 1147 2687 Terraconensi
1167 2662 1238 2686 ms.

314 2802 322 2821 ¹
377 2801 490 2837 Prius
508 2802 741 2848 loquebatur
759 2800 808 2835 de
828 2801 1085 2846 poenitentiis
1103 2806 1143 2835 et
1161 2797 1480 2835 afflictationibus
1505 2796 1554 2832 ad
1573 2807 1747 2846 normam
1765 2794 1888 2832 nostri

244 2860 417 2896 instituti
434 2859 695 2897 moderandis,

311 2924 324 2942 ἢ
378 2920 437 2954 Ex
474 2921 547 2955 hoc
576 2920 662 2955 loco
693 2924 734 2954 et
762 2918 851 2954 aliis
882 2918 1093 2963 similibus,
1120 2930 1142 2953 a
1174 2917 1305 2953 Natali
1330 2916 1444 2952 nobis
1470 2915 1640 2965 relictis,
1671 2915 1887 2950 revelatam

242 2979 365 3014 fuisse
395 2984 532 3014 sancto
562 2978 714 3024 Ignatio
745 2977 872 3013 ideam
907 2976 1116 3012 Societatis
1147 2983 1187 3012 et
1218 2976 1380 3011 formam
1399 2973 1522 3010 nostri
1548 2967 1730 3009 instituti
1747 2972 1889 3019 probat

245 3038 292 3073 Ρ.
320 3039 526 3081 As’rRAm,
546 3037 750 3078 Historia,
771 3037 803 3081 1,
826 3044 908 3080 107.
