2098 3470
825 247 1005 284 NormA
1031 255 1222 284 conicum
1748 259 1789 296 15

194 351 260 409 5¹⁰
277 363 305 401 y
325 352 378 389 de
398 351 609 400 qualquier
627 362 828 389 manera.»
850 350 938 388 Fol.
957 359 1023 396 9v:
1047 349 1153 387 «Las
1172 361 1292 388 cosas
1310 362 1391 398 que
1412 363 1487 388 son
1506 351 1837 389 encomendadas

0 439 4 447 ·
27 432 29 439 ’
75 427 77 430 “
138 422 154 456 J
203 423 242 461 al
260 434 417 461 mesmo
438 411 637 468 Polanco,
649 433 769 460 como
788 421 1076 470 procurador.»
1105 426 1196 458 1.¹¹¹¹²
1213 421 1436 459 «Procurar
1450 423 1594 460 ciertas
1614 424 1833 472 gracias...»

202 500 325 534 20.¹¹¹¹³
347 494 432 532 «De
453 494 512 532 las
531 494 840 532 constitutiones
859 493 925 530 del
945 493 1030 531 Sto.
1049 492 1312 541 Sepulchro.»
1327 486 1576 540 Sequuntur,
1590 495 1630 531 in
1647 495 1750 533 foliis
1771 507 1836 535 10-

206 575 267 612 12,
294 566 335 604 hi
359 565 472 603 tituli:
506 564 655 604 «Otros
682 565 840 603 officios
868 575 949 612 que
978 575 1022 602 se
1048 569 1293 602 cometten...
1323 564 1348 600 a
1377 564 1767 604 Polanco...»—«De
1796 568 1835 605 lo

201 647 284 685 que
303 648 353 686 ay
373 648 425 674 en
445 648 541 674 casa
561 647 641 685 que
660 636 1019 685 proueer.»—«En
1038 635 1098 672 las
1118 646 1237 672 cosas
1261 635 1763 684 temporales.»-«Fuera
1784 639 1836 676 de

201 707 370 746 Roma.»
402 707 636 756 Sequuntur
661 706 764 745 tituli
796 707 1001 744 variorum
1034 707 1311 756 collegiorum.
1341 707 1439 744 Des.
1475 707 1541 746 fol.
1582 717 1638 754 13:
1677 721 1835 758 ampara

198 782 281 816 tres
310 779 335 816 ό
364 785 509 827 quatro
537 779 563 816 ό
589 778 714 817 mas.»
745 779 813 816 Ex
840 778 964 816 rebus
990 779 1030 815 in
1056 779 1136 815 hoc
1162 778 1384 815 memoriali
1405 780 1620 825 annotatis,
1641 780 1738 817 illud
1759 781 1835 818 sub

201 862 352 889 annum
387 858 486 897 1552
519 850 713 901 scriptum
741 849 864 887 fuisse
891 849 1064 895 videtur,
1094 854 1314 897 antequam
1342 850 1496 888 scilicet
1524 851 1835 889 constitutiones

199 927 316 960 extra
335 921 490 960 Urbem
506 921 868 971 promulgarentur.
902 907 906 910 ³

277 1003 316 1040 9.
374 992 548 1042 «Reglas
566 1003 665 1040 para
683 992 886 1029 exercitat
905 991 966 1029 los
986 991 1173 1029 subditos
1193 1003 1244 1029 en
1270 991 1308 1029 la
1335 991 1576 1030 obediencia
1596 1006 1621 1042 y
1642 999 1750 1032 otras
1770 1008 1833 1033 re-

197 1065 298 1115 ghs,
318 1064 372 1102 ad
396 1071 532 1111 1554.»
554 1063 640 1101 Sub
659 1064 738 1101 hoc
757 1063 874 1101 titulo
893 1063 1094 1101 habentur
1118 1064 1228 1101 varia
1252 1064 1420 1110 monita,
1440 1064 1493 1101 de
1521 1050 1689 1112 ratione,
1712 1078 1834 1114 quarn

198 1136 476 1174 moderatores
509 1146 671 1172 servare
704 1134 858 1172 debent
882 1146 980 1185 erga
1012 1135 1214 1181 subditos,
1233 1140 1275 1172 et
1298 1135 1338 1172 hi
1368 1147 1466 1185 erga
1490 1135 1591 1173 illos.
1619 1137 1835 1189 Habentur

198 1211 406 1256 praeterea
425 1206 591 1256 regulae
609 1205 848 1252 modestiae,
867 1218 950 1244 non
970 1207 1104 1255 prouti
1130 1211 1274 1255 postea
1300 1207 1543 1244 emendatae
1570 1208 1743 1255 fuerunt,
1761 1211 1833 1247 sed

197 1279 326 1327 prima
345 1290 441 1316 cura
460 1278 656 1328 digestae.
676 1278 759 1316 Inc.
783 1277 922 1316 «Cada
941 1283 1087 1324 rector,
1107 1278 1302 1324 ministre,
1323 1284 1500 1316 maestro
1516 1279 1570 1316 de
1583 1281 1831 1328 novicios...»

196 1348 293 1388 Des.
316 1361 406 1398 «my
434 1361 659 1398 supremos,
685 1362 711 1399 y
744 1361 864 1387 como
893 1350 1160 1398 superiores.»
1189 1350 1298 1387 Inter
1323 1350 1425 1388 haec
1451 1352 1604 1388 monita
1636 1351 1837 1390 habentur

195 1420 399 1468 quaedam
418 1426 559 1458 notatu
579 1421 716 1470 digna,
736 1420 886 1468 quibus
905 1421 970 1458 hic
994 1420 1134 1458 titulus
1161 1421 1369 1469 praefixus
1399 1421 1484 1459 fuit:
1508 1422 1660 1460 «Modo
1681 1423 1734 1460 de
1753 1429 1833 1461 tra-

194 1495 258 1530 tar
276 1492 302 1529 ό
321 1493 514 1541 negociar
532 1503 612 1530 con
633 1491 869 1546 qualquiera
890 1492 1087 1540 superior,
1113 1503 1194 1540 que
1220 1492 1310 1529 hizo
1336 1497 1503 1530 nuestro
1530 1493 1661 1530 Padre
1687 1495 1724 1531 el
1750 1494 1833 1531 De-

196 1561 375 1611 ciembre
395 1570 533 1610 1554.»
555 1563 639 1602 Ine.
662 1563 735 1600 «El
755 1574 836 1611 que
857 1564 909 1600 ha
928 1563 980 1600 de
1000 1568 1124 1603 tratar
1149 1574 1227 1601 con
1254 1575 1303 1601 su
1328 1565 1525 1612 superior,
1544 1570 1657 1614 traya
1683 1566 1741 1603 las
1762 1578 1832 1603 co-

123 1624 125 1627 ·
194 1645 260 1672 sas
278 1634 524 1685 digestas...»
545 1634 643 1672 Des.
671 1651 733 1672 .....
742 1635 952 1683 prouecho
979 1635 1158 1683 spiritual
1185 1634 1318 1672 delas
1344 1635 1511 1673 animas.
1542 1636 1691 1674 Finis.»
1715 1637 1831 1675 Haec

190 1706 414 1753 instructio,
432 1706 486 1744 ad
511 1706 690 1756 linguam
714 1706 889 1744 italicam
915 1718 1127 1753 conversa,
1153 1706 1328 1744 habetur
1347 1708 1387 1744 in
1414 1707 1559 1745 codice
1580 1707 1752 1746 Miscell.
1785 1709 1832 1746 de

194 1776 294 1814 Just.
316 1777 351 1823 J,
371 1789 410 1816 11.
430 1778 468 1815 6.
495 1778 560 1815 Ad
588 1778 742 1816 calcem
769 1779 889 1827 huJus
916 1778 1100 1827 opusculi
1121 1783 1184 1816 est
1207 1778 1511 1817 «Distributio...
1533 1791 1555 1816 a
1583 1779 1634 1817 1.⁰
1656 1780 1722 1817 die
1739 1781 1829 1828 Julii

196 1849 297 1898 1576
314 1860 388 1897 pro
407 1849 518 1887 uictu
538 1854 579 1886 et
604 1850 754 1887 amictu
778 1850 1051 1898 procuratoris
1075 1850 1277 1899 generalis
1303 1855 1344 1888 et
1369 1850 1544 1888 duorum
1570 1851 1826 1890 Sociorum.»

199 1919 432 1968 Sequuntur
457 1920 558 1958 aliae
580 1931 806 1969 expensae,
837 1921 993 1958 Romae
1017 1932 1042 1958 a
1070 1926 1334 1969 procuratore
1364 1921 1589 1968 faciendae,
1617 1928 1657 1959 et
1682 1923 1830 1960 tabella

195 1996 445 2029 scutatorum
464 2004 487 2029 a
508 1992 676 2042 singulis
695 1992 914 2040 provinciis
934 1993 987 2029 illi
1008 1993 1312 2038 solvendorum.

280 2073 338 2100 ιο.
397 2063 549 2100 «Modo
569 2063 623 2101 de
642 2068 766 2101 tratar
785 2063 822 2101 el
842 2064 1027 2112 superior
1045 2075 1124 2101 con
1144 2064 1205 2101 los
1226 2064 1378 2102 Padres
1398 2076 1423 2112 y
1445 2065 1706 2105 hermanos.»
1729 2065 1830 2103 Sunt

194 2134 396 2182 quaedam
416 2134 579 2184 regulae
599 2135 652 2172 de
671 2134 797 2172 modo
818 2134 1088 2184 gubernandi,
1109 2135 1337 2173 secundum
1357 2136 1556 2173 rationem
1571 2137 1739 2174 instituti
1755 2137 1824 2174 So-

191 2205 347 2244 cietatis
362 2206 474 2253 Jesu.
498 2205 615 2243 Initio
635 2206 750 2252 haec,
770 2205 926 2243 Natalis
945 2218 1081 2252 manu,
1101 2211 1240 2244 notata
1255 2206 1468 2244 habentur:
1488 2207 1573 2243 «R»
1598 2204 1827 2259 [Regulae?]

197 2275 277 2313 «I'»
306 2274 549 2328 [Ignatius?].
573 2277 657 2314 «L»
688 2275 888 2329 [Lainez?]
918 2277 1003 2315 Sex
1029 2277 1134 2315 soliis
1161 2279 1238 2315 hae
1259 2278 1423 2327 regulae
1445 2279 1715 2324 continentur,
1736 2284 1777 2316 et
1806 2291 1828 2315 a

190 2347 369 2396 Jimenez
388 2354 580 2386 exaratae
599 2348 763 2386 fuerunt
782 2354 823 2386 et
840 2360 864 2386 a
890 2348 1022 2386 Natali
1049 2349 1301 2394 emendatae,
1323 2354 1444 2397 prout
1463 2361 1544 2386 una
1564 2350 1690 2398 ipsius
1710 2355 1826 2387 auto-

191 2420 346 2468 grapha
378 2419 611 2457 emendatio
636 2420 816 2457 indicare
842 2420 1014 2466 videtur;
1041 2432 1136 2458 nam
1163 2420 1276 2466 aliae,
1303 2421 1442 2470 ignota
1468 2432 1591 2458 manu
1623 2426 1827 2466 exaratae,

191 2488 456 2538 reperiuntur.
478 2490 563 2530 Inc.
587 2501 649 2528 «1.
670 2490 907 2528 Acuerdese
934 2491 970 2528 el
997 2492 1253 2540 superior...»
1281 2491 1377 2528 Des.
1406 2499 1523 2538 «54...
1547 2492 1585 2528 10
1607 2503 1687 2539 que
1707 2492 1744 2528 le
1763 2503 1825 2529 re-

191 2560 317 2598 fieren
336 2562 398 2598 sin
417 2573 516 2612 gran
541 2567 716 2599 recato.»
748 2562 846 2599 Post
870 2562 1005 2610 aliqua
1030 2562 1125 2599 folia
1154 2574 1267 2610 pura,
1294 2562 1467 2600 habetur
1492 2563 1660 2600 alterum
1686 2574 1826 2600 exem—

193 2631 304 2680 plum
324 2633 559 2670 earumdem
592 2633 835 2683 regularum,
864 2633 917 2671 ab
952 2635 1093 2683 ignoto
1127 2633 1288 2671 librario
1314 2634 1522 2682 scriptum,
1547 2639 1640 2682 post
1674 2633 1826 2671 Natalis

192 2703 515 2750 emendationes,
535 2715 638 2752 quas
659 2705 827 2752 quidem
846 2704 1030 2742 librarius
1050 2704 1249 2743 adhibuit.

278 2784 293 2812 1
306 2785 336 2812 1.
394 2774 480 2812 «La
500 2775 627 2812 forma
648 2787 673 2824 y
694 2775 823 2812 orden
839 2787 920 2823 que
941 2775 1170 2825 guardaran
1191 2776 1252 2813 los
1272 2776 1511 2813 secretarios
1528 2775 1633 2812 dela
1648 2774 1824 2824 Compa-

193 2848 272 2891 fu'a,
297 2846 488 2883 mientras
514 2857 559 2883 se
592 2847 692 2883 haze
726 2846 763 2883 el
797 2846 933 2884 officio
965 2846 1032 2883 del
1060 2848 1315 2885 secretario.»
1350 2847 1499 2894 Supra,
1525 2847 1663 2896 ignota
1687 2859 1823 2893 manu,

189 2921 359 2954 exarata
379 2922 441 2954 est
459 2918 562 2954 haec
586 2917 806 2964 inscriptio:
825 2916 907 2954 ’«Ρ.
931 2917 1147 2955 Polanco.»
1175 2918 1258 2956 Inc.
1288 2928 1350 2955 «1.
1372 2918 1434 2954 En
1463 2918 1523 2954 los
1553 2917 1772 2955 sacrificios
1798 2931 1822 2967 y

192 2987 470 3025 oraciones...»
491 2987 592 3024 Des.
622 2988 741 3026 «mla.
764 2987 900 3025 buena
929 2988 1214 3036 expedicion.»
1243 2988 1346 3026 Tres
1374 2990 1544 3038 paginas
1570 2994 1727 3026 tantum
1749 2990 1819 3026 ha-

190 3058 272 3096 bet.
294 3058 339 3095 In
358 3058 416 3105 4²
436 3058 538 3095 haec
558 3058 675 3101 adest
694 3059 913 3107 inscriptio:
936 3059 1024 3096 «De
1044 3059 1179 3097 officio
1207 3060 1447 3097 secretarii.»
1474 3060 1620 3097 Manus
1646 3071 1735 3097 esse
1762 3060 1820 3096 vi-
