2098 3470
340 249 410 286 380
813 251 970 288 Parius
996 253 1241 289 Hnmonvm
1267 253 1422 290 NAnAL

382 353 598 409 Deligant
620 352 705 396 sibi
723 354 942 410 quosdam
960 368 985 396 e
1004 354 1231 407 Patribus,
1258 355 1328 398 vel
1350 354 1485 399 etiam
1509 354 1741 407 fratribus,
1761 355 1929 411 quibus

294 430 429 472 fidem
452 423 668 475 adhibere
689 444 742 474 ac
763 445 847 474 sua
869 432 1145 475 concredere
1167 439 1342 475 secreta
1363 431 1557 488 possint,
1589 446 1704 488 quos
1732 433 1931 478 habeant

291 506 706 560 coniunctissimos,
731 522 784 551 ac
813 515 989 552 secreto
1012 515 1199 551 vtantur
1228 523 1365 565 opera
1393 523 1565 561 eorum,
1597 523 1680 564 pro
1709 508 1932 566 cuiusque

295 583 529 635 facultate,
557 585 726 627 talento
753 593 896 640 atque
927 585 1178 639 habilitate,
1213 586 1270 628 ad
1291 585 1419 638 alios,
1454 585 1492 628 si
1515 586 1592 641 qui
1628 585 1925 638 occurrerint,

293 659 533 704 iuuandos.
562 662 730 704 Eorum
754 669 921 714 tamen,
949 663 1098 717 quoad
1121 662 1219 705 eius
1242 662 1339 706 fieri
1368 661 1548 718 poterit,
1583 661 1930 706 familiaritatem

292 737 579 781 dissimulent
601 738 910 794 prouidenter.
1687 787 1690 792 ,

381 815 590 858 Caueant
612 830 671 859 ne
693 823 921 858 rectorum
939 815 1257 860 auctoritatem
1275 815 1498 859 infirmam
1516 815 1713 860 efficiant
1736 815 1930 872 prouin-

290 891 447 942 ciales,
474 898 552 933 aut
575 891 798 944 minuant,
839 893 918 936 sed
950 892 1072 935 illam
1110 892 1340 935 stabiliant
1373 900 1509 947 atque
1546 892 1681 936 etiam
1703 900 1920 949 augeant,

296 969 445 1023 quoad
462 967 616 1012 licebit
638 976 683 1012 et
706 983 778 1012 res
800 969 1012 1025 patietur.

382 1046 451 1088 Ne
489 1052 677 1102 rogetur
709 1046 1014 1090 confessarius
1036 1047 1092 1090 de
1115 1061 1272 1090 eorum
1301 1045 1409 1098 vita,
1441 1059 1634 1102 quorum
1662 1046 1789 1090 audit
1811 1061 1924 1099 con·-

293 1122 527 1165 fessiones.
554 1123 671 1166 Nam
693 1123 730 1166 si
752 1123 860 1179 quid
884 1122 979 1164 vitii
1001 1123 1213 1179 attingat,
1240 1123 1312 1167 vel
1340 1122 1564 1178 opinionis
1592 1123 1817 1176 sinistrae,
1841 1139 1925 1180 pe-

290 1199 483 1241 riculum
507 1207 575 1242 est
597 1214 655 1243 ne
676 1199 985 1256 integritatem
1009 1200 1157 1243 laedat
1179 1199 1333 1256 sigilli,
1358 1200 1431 1244 vel
1459 1199 1590 1243 facile
1612 1215 1706 1243 non
1734 1201 1927 1257 effugiet

291 1275 469 1318 illorum
481 1275 793 1328 offensionem,
815 1277 870 1319 de
889 1275 1054 1331 quibus
1073 1276 1132 1320 38
1150 1276 1408 1332 respondet:
1429 1276 1499 1320 sin
1516 1276 1630 1319 nihil
1646 1276 1769 1320 aliud
1785 1291 1922 1334 quam

291 1352 394 1395 illos
415 1353 585 1405 laudet,
612 1352 741 1396 facile
771 1352 1053 1409 intelligetur
1080 1367 1174 1396 non
1212 1353 1404 1395 multum
1438 1354 1608 1397 habere
1630 1353 1922 1398 authoritatis

288 1430 389 1474 eius
412 1430 602 1484 dictum,
622 1430 699 1487 qui
720 1431 777 1474 de
796 1431 1040 1473 uirtutibus
1060 1437 1209 1487 potest
1227 1431 1515 1486 respondere,
1540 1444 1631 1473 non
1649 1431 1706 1475 de
1728 1430 1864 1474 vitiis.

379 1508 520 1563 Quod
542 1515 718 1552 secreto
740 1509 797 1551 de
815 1508 1028 1550 Patribus
1050 1508 1123 1551 vel
1147 1506 1360 1550 fratribus
1382 1507 1686 1551 intellexerint
1713 1507 1923 1564 superio-

290 1599 377 1637 res,
403 1585 450 1627 in
473 1584 526 1628 iis
549 1591 728 1629 secreto
749 1593 766 1610 ³
788 1586 897 1628 dent
915 1599 1112 1640 operam,
1135 1593 1182 1626 vt
1198 1597 1277 1627 eos
1294 1583 1470 1636 iuuent,
1491 1598 1576 1627 nec
1594 1583 1788 1637 illorum,
1810 1599 1928 1641 quae

291 1668 469 1706 secreto
492 1668 676 1715 norunt,
702 1661 871 1717 aliquid
894 1676 1000 1717 prae
1023 1676 1071 1705 se
1094 1663 1243 1704 ferant
1266 1660 1461 1703 interim.

380 1739 518 1794 Quod
540 1739 578 1781 si
600 1738 646 1781 id
674 1753 766 1781 non
797 1739 1046 1794 prodesset,
1078 1738 1280 1794 legitime
1303 1737 1320 1763 b
1349 1738 1405 1781 ad
1437 1738 1523 1781 alia
1546 1737 1744 1781 remedia
1766 1751 1929 1794 proce*

290 1816 497 1860 dendum
516 1815 616 1868 erit,
641 1817 697 1859 de
719 1816 885 1871 quibus
908 1815 1014 1858 alibi
1038 1823 1107 1858 est
1126 1815 1355 1858 traditum.

379 1887 617 1930 Habeatur
643 1901 727 1943 pro
749 1886 937 1930 crimine
965 1886 1238 1943 grauissimo
1261 1887 1326 1943 (ut
1354 1887 1437 1939 est)
1461 1900 1744 1930 murmurare
1767 1886 1824 1930 de
1845 1901 1925 1929 sum

291 1964 482 2019 periore:
509 1971 554 2008 et
583 1963 766 2019 quidem
791 1978 924 2007 casus
947 1963 1033 2008 iste
1065 1964 1368 2008 reseruandus
1396 1971 1481 2015 est,
1507 1970 1552 2007 et
1582 1978 1672 2006 vna
1701 1979 1756 2007 ex
1779 1962 1930 2006 causis

288 2048 569 2097 quapropter
591 2040 772 2085 excludi
795 2041 896 2096 quis
918 2057 943 2084 a
967 2041 1195 2085 Societate
1218 2041 1374 2096 possit,
1396 2048 1442 2083 et
1464 2041 1643 2093 debeat,
1663 2040 1927 2096 praesertim

290 2117 331 2162 si
353 2118 618 2161 scandalum
640 2118 746 2162 inde
769 2118 867 2160 aliis
890 2119 1033 2171 fieret3
1061 2132 1201 2173 quare
1222 2124 1486 2160 constanter
1508 2124 1577 2160 est
1594 2117 1926 2173 extirpandum.

381 2195 556 2238 Curent
578 2194 896 2251 prouinciales,
923 2210 979 2239 ne
1002 2194 1241 2250 quisquam
1265 2195 1320 2237 de
1343 2193 1551 2237 instituto
1574 2193 1821 2250 regulisue,
1849 2201 1929 2238 aut

287 2273 347 2315 de
369 2272 602 2328 superiore
624 2271 841 2315 iudicium
860 2272 974 2314 ferat
997 2286 1049 2314 ac
1068 2278 1231 2315 tractet
1249 2271 1321 2314 vel
1343 2270 1559 2328 disputet,
1585 2264 1766 2314 sinistre
1788 2269 1923 2313 dubi-

294 2351 448 2402 tando,
475 2349 663 2402 scilicet,
690 2349 761 2393 vel
778 2349 835 2393 39
858 2349 1041 2391 omnino
1063 2348 1108 2391 in
1127 2349 1288 2391 malam
1313 2347 1509 2403 aliquam
1526 2356 1718 2404 partem:
1744 2346 1775 2389 ii
1797 2361 1921 2399 vero,

291 2426 456 2482 quibus
494 2427 606 2469 tales
642 2425 690 2468 in
711 2433 907 2469 mentem
945 2425 1154 2468 venirent
1191 2423 1507 2480 cogitationes,
1548 2425 1635 2467 hoc
1673 2422 1822 2480 ipsum
1844 2437 1928 2479 pro

285 2504 419 2560 graui
443 2509 656 2559 reputent
679 2501 929 2547 tentatione
951 2503 1173 2544 aduersus
1194 2500 1496 2554 vocationem,
1521 2508 1600 2543 aut
1617 2506 1743 2544 certe
1764 2506 1925 2543 contra

286 2580 388 2625 eius
409 2580 743 2633 executionem3
769 2593 881 2635 quas
903 2579 940 2622 si
964 2578 1154 2622 vicerint
1176 2578 1334 2620 diuino
1357 2577 1541 2629 auxilio,
1574 2578 1672 2621 Deo
1695 2577 1804 2621 dent
1822 2577 1928 2633 glo-

291 2657 402 2701 riam
426 2658 482 2700 de
505 2656 709 2710 victoria,
734 2655 804 2700 sin
826 2663 1020 2712 pergent
1049 2670 1150 2699 esse
1178 2655 1410 2706 molestae,
1442 2654 1498 2697 de
1528 2653 1616 2696 illis
1645 2654 1842 2698 referent
1864 2653 1922 2696 ad

291 2734 590 2790 superiorem,
610 2749 692 2778 seu
711 2733 1011 2785 consiliarios,
1031 2746 1284 2788 eorumque
1301 2738 1422 2776 stent
1439 2738 1455 2756 0
1471 2730 1740 2775 sententiae.
1762 2730 1923 2773 Caete-

290 2826 391 2853 rum
415 2826 520 2854 cum
541 2811 737 2868 primum
759 2809 1048 2866 prouincialis
1071 2809 1143 2853 vel
1165 2809 1448 2851 consultores
1470 2806 1640 2862 aliquid
1657 2805 1929 2849 huiusmodi

288 2888 686 2944 deprehenderint,
712 2886 973 2944 praesertim
997 2887 1217 2929 aduersus
1239 2884 1499 2927 institutum
1523 2891 1567 2927 et
1590 2882 1833 2928 Societatis
1855 2897 1933 2926 re-

363 3070 380 3086 a
398 3070 505 3095 secro
525 3070 602 3094 ms.
657 3059 724 3085 —b
751 3057 931 3104 letigime
951 3067 1022 3090 ms.
1077 3064 1140 3082 —c
1167 3057 1240 3090 stet
1259 3065 1331 3089 ms.
