2098 3470
538 270 816 308 Mortuum-ra
840 277 1099 307 rnovmcmz
1122 268 1405 304 Rmzmmss-
1415 277 1461 313 54
1513 267 1523 284 ·
1698 264 1764 311 331

174 386 314 429 quem
336 386 626 416 communem
642 371 854 415 omnibus
873 370 976 414 libri
992 370 1038 413 in
1059 369 1255 427 singulis
1283 369 1577 414 facultatibus
1605 383 1816 413 commu-—

172 465 260 496 nes
279 458 327 494 et
347 449 592 494 necessarii
613 448 896 492 scholasticis
916 447 1083 491 nostris
1099 446 1332 491 fratribus:
1352 446 1427 490 alii
1445 461 1602 491 omnes
1620 448 1813 490 conclu-

175 527 343 571 dantur
359 526 407 569 in
422 527 604 582 aliquod
620 525 897 577 cubiculum,
917 524 1052 568 cuius
1068 525 1245 567 clauem
1266 524 1434 568 habeat
1451 523 1810 576 bibliotecarius,

174 610 223 648 et
242 603 501 660 ingressum
522 603 743 647 concedat
770 617 827 645 ex
854 601 1107 658 prescripto
1143 600 1347 653 rectoris,
1388 599 1558 656 quibus
1584 600 1816 649 videbitur

174 681 514 725 concedendus.

264 757 571 802 Subminister
591 756 703 800 nulli
724 757 801 801 det
820 755 1117 813 penitentiam
1139 755 1225 798 nisi
1246 770 1303 799 ex
1324 754 1642 798 commissione
1672 769 1807 811 supe·

172 833 320 886 rioris,
345 835 468 891 quod
488 848 590 877 cum
615 832 911 886 faciet‚·dicat
931 833 1100 878 diserte
1115 846 1166 878 se
1186 847 1244 876 ex
1264 831 1582 876 commissione
1604 831 1810 888 superio-

173 909 237 954 ris
256 909 304 953 id
326 911 490 955 facere.

260 987 436 1032 Diebus
456 987 627 1040 ieiunii,
651 986 730 1043 qui
750 987 1007 1031 inseruiunt
1033 994 1080 1030 et
1101 987 1263 1043 legunt
1284 985 1456 1042 primae
1483 1000 1685 1038 mensae,
1712 1001 1809 1029 non

169 1072 351 1108 sumant
371 1064 668 1117 ientaculum3
694 1065 815 1120 quod
836 1063 874 1106 si
896 1063 1106 1108 videatur
1126 1077 1286 1120 graue,
1317 1064 1531 1113 obseruet
1558 1062 1807 1119 diligenter

170 1140 392 1194 minister,
414 1147 464 1183 vt
485 1131 737 1184 succedant
758 1140 843 1184 sibi
865 1148 1025 1184 mutuo
1047 1139 1245 1183 vicissim
1266 1154 1425 1183 omnes
1447 1140 1506 1183 ad
1531 1139 1609 1183 illa
1630 1140 1804 1183 munia.

258 1218 398 1262 Nullo
418 1218 525 1262 anni
546 1225 748 1275 tempore
764 1217 1089 1262 intermittatur
1103 1216 1370 1261 exercitium
1394 1217 1647 1273 corporale,
1668 1217 1806 1260 etiam

168 1294 306 1351 plena
325 1294 491 1339 hieme.

256 1371 310 1414 In
332 1371 407 1416 die
442 1371 814 1416 Circumcisionis
849 1385 1008 1416 omnes
1044 1371 1208 1415 fratres
1244 1385 1335 1414 non
1358 1371 1570 1415 omittant
1598 1385 1799 1414 commu-

172 1462 342 1493 meare.

255 1527 365 1570 Non
385 1526 620 1570 omittatur
640 1525 717 1570 illa
738 1527 1023 1571 consuetudo
1043 1525 1332 1570 sortitionum
1354 1533 1633 1578 sanctorum,
1658 1533 1704 1570 et
1725 1526 1807 1568 de-

165 1610 275 1647 uote
295 1603 392 1649 fiat.

256 1677 408 1725 Omne
444 1680 646 1724 studium
667 1688 713 1724 et
749 1680 988 1737 diligentia
1014 1680 1284 1724 adhibeatur
1312 1681 1435 1736 apud
1474 1681 1778 1725 reuerendissi

165 1771 308 1810 mum,
331 1764 382 1800 vt
403 1765 581 1801 ematur
601 1759 764 1801 domus
786 1757 1019 1814 angularis
1041 1757 1262 1802 cemiterii
1282 1757 1410 1800 iuxta
1430 1757 1694 1814 collegium.

253 1819 540 1880 Obseruetur
567 1843 618 1878 vt
651 1835 828 1887 fratres,
868 1833 1125 1878 immediate
1161 1842 1405 1890 antequam
1442 1834 1802 1886 communicent,

164 1912 362 1955 habeant
383 1912 683 1968 quadrantem
703 1913 860 1964 horae,
884 1925 977 1966 quo
999 1920 1147 1954 orent:
1178 1912 1447 1956 tantundem
1475 1913 1675 1956 habeant
1698 1922 1802 1968 post

163 1988 555 2034 communionem.

250 2067 515 2122 Antequam
554 2066 715 2109 fratres
750 2073 975 2110 renonent
1010 2073 1134 2118 vota,
1158 2073 1290 2111 curet
1317 2066 1615 2122 prouincialis
1646 2081 1726 2123 per
1749 2081 1801 2110 se

163 2144 234 2187 vel
257 2158 337 2200 per
357 2142 495 2187 aliurn
517 2150 567 2185 vt
589 2143 890 2188 emendentur
906 2143 1090 2199 scripta,
1109 2158 1135 2186 e
1150 2143 1317 2199 quibus
1339 2150 1446 2187 vota
1463 2143 1672 2196 recitant,
1695 2158 1800 2186 nam

161 2221 312 2265 solent
338 2220 503 2264 variari
524 2219 707 2276 alioqui.

253 2298 421 2342 Nullus
441 2304 658 2341 externus
678 2297 914 2349 inuitetur‚
945 2311 1030 2342 nec
1052 2298 1110 2340 ad
1131 2297 1368 2354 primitias,
1401 2312 1485 2341 nec
1509 2299 1564 2341 ad
1587 2306 1797 2341 votorum

161 2374 523 2428 renouationem3
548 2382 595 2419 et
616 2382 770 2418 tamen
785 2374 939 2418 licebit
960 2374 1204 2431 aliquando
1225 2375 1421 2431 aliquem
1451 2384 1690 2419 externum
1714 2377 1796 2418 ad-

161 2451 346 2495 modum
367 2450 632 2496 familiarem
654 2459 701 2496 et
721 2452 912 2508 dignum
934 2466 990 2496 eo
1011 2451 1176 2504 officio,
1205 2459 1251 2496 et
1273 2453 1394 2496 vnde
1415 2452 1586 2507 aliquid
1618 2453 1797 2494 fructus

159 2527 407 2585 spiritualis
427 2536 650 2585 speretur,
674 2528 869 2572 inuitare
890 2529 1025 2573 etiam
1046 2528 1094 2572 in
1116 2529 1372 2584 refectorio,
1392 2531 1472 2572 sed
1495 2545 1613 2573 raro.

249 2606 320 2650 Ne
348 2604 604 2648 inuitentur
630 2605 824 2662 amplius
844 2605 1134 2650 conuictores
1162 2606 1219 2649 ad
1247 2607 1437 2649 classem
1469 2606 1793 2660 theologicam.

78 2731 105 2744 '⁴
248 2683 367 2726 Cum
388 2681 648 2726 venerimus
669 2697 697 2725 a
718 2682 1096 2726 reuerendissimo
1123 2685 1153 2737 ¹,
1177 2682 1263 2726 erit
1291 2682 1532 2727 dicendum
1566 2682 1641 2724 vbi
1672 2683 1796 2724 laua-

54 2763 104 2827 ζ,
156 2772 287 2802 crum
308 2758 368 2802 sit
389 2759 647 2803 locandum.

230 2904 240 2924 ¹
289 2901 352 2938 Cf.
370 2902 497 2948 Epist.
520 2901 569 2937 P.
589 2901 741 2944 Natant,
760 2901 833 2947 111,
848 2900 931 2947 337,
952 2901 1038 2946 390,
1057 2902 1124 2937 ubi
1155 2913 1283 2938 sermo
1313 2908 1374 2937 est
1404 2901 1452 2937 de
1471 2902 1612 2936 itinere
1638 2901 1794 2936 Natalis

119 2982 122 2986 -
156 2960 554 3006 Aschaffenburgum‚
572 2960 621 2995 ad
638 2959 887 3015 inyisendum
906 2961 1036 2997 R.m¹¹¹1¹
1060 2961 1395 3008 archiepiscopum
1415 2966 1454 2995 et
1475 2962 1686 2995 electorem
1709 2972 1790 2995 mo-

54 3042 85 3058 ι,
117 3070 123 3075 .
149 3020 359 3064 guntinum
378 3019 583 3055 Danielem
598 3018 831 3055 Brendekab
850 3020 1070 3066 Homburg‚
1088 3026 1129 3055 et
1145 3031 1235 3056 cum
1253 3031 1300 3056 eo
1323 3020 1372 3055 de
1391 3020 1548 3066 collegii
1568 3019 1790 3065 moguntini

61 3087 82 3130 {Q
155 3077 384 3115 fundatione
400 3077 699 3125 colloquendum
710 3106 718 3113 .
