<?xml version="1.0" encoding="UTF-8"?>
<!DOCTYPE html PUBLIC "-//W3C//DTD XHTML 1.0 Transitional//EN"
    "http://www.w3.org/TR/xhtml1/DTD/xhtml1-transitional.dtd">
<html xmlns="http://www.w3.org/1999/xhtml" xml:lang="en" lang="en">
 <head>
  <title>
</title>
<meta http-equiv="Content-Type" content="text/html;charset=utf-8" />
  <meta name='ocr-system' content='tesseract 3.04.00' />
  <meta name='ocr-capabilities' content='ocr_page ocr_carea ocr_par ocr_line ocrx_word'/>
</head>
<body>
  <div class='ocr_page' id='page_1' title='image "./epistolaephieron04nadauoft_0377.png"; bbox 0 0 2098 3470; ppageno 0'>
   <div class='ocr_carea' id='block_1_1' title="bbox 0 0 858 71">
    <p class='ocr_par' dir='ltr' id='par_1_1' title="bbox 0 0 858 71">
     <span class='ocr_line' id='line_1_1' title="bbox 0 0 858 39; baseline -0.003 -21"><span class='ocrx_word' id='word_1_1' title='bbox 0 0 320 39; x_wconf 41' lang='lat' dir='ltr'>Wfflzffpprt</span> <span class='ocrx_word' id='word_1_2' title='bbox 337 0 452 23; x_wconf 39' lang='lat'>,25:³55</span> <span class='ocrx_word' id='word_1_3' title='bbox 483 0 532 19; x_wconf 48' lang='lat'>³2·</span> <span class='ocrx_word' id='word_1_4' title='bbox 676 10 679 11; x_wconf 21' lang='grc' dir='ltr'><em>ν</em></span> <span class='ocrx_word' id='word_1_5' title='bbox 735 0 742 3; x_wconf 58' lang='grc'><em>“</em></span> <span class='ocrx_word' id='word_1_6' title='bbox 850 0 858 13; x_wconf 67' lang='grc' dir='ltr'><em>τ</em></span> 
     </span>
     <span class='ocr_line' id='line_1_2' title="bbox 28 38 367 71; baseline -0.009 -2"><span class='ocrx_word' id='word_1_7' title='bbox 28 38 73 69; x_wconf 59' lang='lat'>25·</span> <span class='ocrx_word' id='word_1_8' title='bbox 120 51 137 65; x_wconf 57' lang='lat' dir='ltr'>r</span> <span class='ocrx_word' id='word_1_9' title='bbox 179 45 254 71; x_wconf 70' lang='lat' dir='ltr'>.:ja</span> <span class='ocrx_word' id='word_1_10' title='bbox 363 39 367 46; x_wconf 82' lang='grc'><em>’</em></span> 
     </span>
    </p>
   </div>
   <div class='ocr_carea' id='block_1_2' title="bbox 0 1662 86 3470">
    <p class='ocr_par' dir='ltr' id='par_1_2' title="bbox 0 1662 86 3470">
     <span class='ocr_line' id='line_1_3' title="bbox 0 1662 86 3470; baseline 0 0"><span class='ocrx_word' id='word_1_11' title='bbox 0 1662 86 3470; x_wconf 95' lang='lat' dir='ltr'> </span> 
     </span>
    </p>
   </div>
   <div class='ocr_carea' id='block_1_3' title="bbox 536 267 1790 314">
    <p class='ocr_par' dir='ltr' id='par_1_3' title="bbox 536 267 1790 314">
     <span class='ocr_line' id='line_1_4' title="bbox 536 267 1790 314; baseline -0.003 -6"><span class='ocrx_word' id='word_1_12' title='bbox 536 271 812 308; x_wconf 65' lang='lat' dir='ltr'>Montium-ra</span> <span class='ocrx_word' id='word_1_13' title='bbox 835 278 1095 310; x_wconf 68' lang='lat' dir='ltr'>Pnovmcm:</span> <span class='ocrx_word' id='word_1_14' title='bbox 1119 270 1461 314; x_wconf 66' lang='lat' dir='ltr'>numme—57</span> <span class='ocrx_word' id='word_1_15' title='bbox 1722 267 1790 314; x_wconf 87' lang='lat'>351</span> 
     </span>
    </p>
   </div>
   <div class='ocr_carea' id='block_1_4' title="bbox 195 366 1840 2967">
    <p class='ocr_par' dir='ltr' id='par_1_4' title="bbox 201 366 1838 508">
     <span class='ocr_line' id='line_1_5' title="bbox 201 366 1838 431; baseline -0.002 -13"><span class='ocrx_word' id='word_1_16' title='bbox 201 366 284 431; x_wconf 85' lang='lat' dir='ltr'>qui</span> <span class='ocrx_word' id='word_1_17' title='bbox 304 381 414 419; x_wconf 90' lang='lat' dir='ltr'>sunt</span> <span class='ocrx_word' id='word_1_18' title='bbox 433 373 620 431; x_wconf 85' lang='lat' dir='ltr'>linguae</span> <span class='ocrx_word' id='word_1_19' title='bbox 640 372 832 431; x_wconf 79' lang='lat' dir='ltr'>gallicae</span> <span class='ocrx_word' id='word_1_20' title='bbox 852 371 899 415; x_wconf 92' lang='lat' dir='ltr'>in</span> <span class='ocrx_word' id='word_1_21' title='bbox 916 371 1127 428; x_wconf 81' lang='lat' dir='ltr'>collegio,</span> <span class='ocrx_word' id='word_1_22' title='bbox 1148 386 1206 416; x_wconf 90' lang='lat' dir='ltr'>ne</span> <span class='ocrx_word' id='word_1_23' title='bbox 1221 371 1344 414; x_wconf 89' lang='lat' dir='ltr'>illam</span> <span class='ocrx_word' id='word_1_24' title='bbox 1361 370 1599 414; x_wconf 84' lang='lat' dir='ltr'>dediscant</span> <span class='ocrx_word' id='word_1_25' title='bbox 1615 370 1838 428; x_wconf 88' lang='lat' dir='ltr'>linguam,</span> 
     </span>
     <span class='ocr_line' id='line_1_6' title="bbox 203 448 1179 508; baseline -0.004 -12"><span class='ocrx_word' id='word_1_26' title='bbox 203 451 287 496; x_wconf 88' lang='lat' dir='ltr'>sed</span> <span class='ocrx_word' id='word_1_27' title='bbox 307 451 458 508; x_wconf 90' lang='lat' dir='ltr'>potius</span> <span class='ocrx_word' id='word_1_28' title='bbox 479 450 601 495; x_wconf 90' lang='lat' dir='ltr'>illam</span> <span class='ocrx_word' id='word_1_29' title='bbox 623 457 788 494; x_wconf 88' lang='lat' dir='ltr'>ornent</span> <span class='ocrx_word' id='word_1_30' title='bbox 809 457 856 494; x_wconf 88' lang='lat' dir='ltr'>et</span> <span class='ocrx_word' id='word_1_31' title='bbox 876 448 1065 505; x_wconf 88' lang='lat' dir='ltr'>poliant,</span> <span class='ocrx_word' id='word_1_32' title='bbox 1090 455 1179 494; x_wconf 92' lang='lat' dir='ltr'>etc.</span> 
     </span>
    </p>

    <p class='ocr_par' dir='ltr' id='par_1_5' title="bbox 202 524 1840 738">
     <span class='ocr_line' id='line_1_7' title="bbox 230 524 1838 584; baseline -0.002 -11"><span class='ocrx_word' id='word_1_33' title='bbox 230 554 235 560; x_wconf 87' lang='lat'>·</span> <span class='ocrx_word' id='word_1_34' title='bbox 294 529 366 573; x_wconf 88' lang='lat' dir='ltr'>Ne</span> <span class='ocrx_word' id='word_1_35' title='bbox 386 527 616 584; x_wconf 88' lang='lat' dir='ltr'>permittat</span> <span class='ocrx_word' id='word_1_36' title='bbox 636 533 802 579; x_wconf 87' lang='lat' dir='ltr'>rector,</span> <span class='ocrx_word' id='word_1_37' title='bbox 827 526 950 582; x_wconf 91' lang='lat' dir='ltr'>quod</span> <span class='ocrx_word' id='word_1_38' title='bbox 981 526 1117 570; x_wconf 86' lang='lat' dir='ltr'>faciet</span> <span class='ocrx_word' id='word_1_39' title='bbox 1143 540 1225 581; x_wconf 90' lang='lat' dir='ltr'>per</span> <span class='ocrx_word' id='word_1_40' title='bbox 1251 524 1489 569; x_wconf 87' lang='lat' dir='ltr'>sacristam</span> <span class='ocrx_word' id='word_1_41' title='bbox 1518 525 1593 568; x_wconf 91' lang='lat' dir='ltr'>uel</span> <span class='ocrx_word' id='word_1_42' title='bbox 1621 526 1838 569; x_wconf 80' lang='lat' dir='ltr'>obserua-</span> 
     </span>
     <span class='ocr_line' id='line_1_8' title="bbox 205 601 1840 661; baseline -0.001 -12"><span class='ocrx_word' id='word_1_43' title='bbox 205 607 352 649; x_wconf 82' lang='lat' dir='ltr'>torem</span> <span class='ocrx_word' id='word_1_44' title='bbox 374 605 588 661; x_wconf 88' lang='lat' dir='ltr'>aliquem,</span> <span class='ocrx_word' id='word_1_45' title='bbox 609 610 660 646; x_wconf 93' lang='lat' dir='ltr'>vt</span> <span class='ocrx_word' id='word_1_46' title='bbox 681 603 1012 648; x_wconf 87' lang='lat' dir='ltr'>commensales</span> <span class='ocrx_word' id='word_1_47' title='bbox 1034 603 1171 660; x_wconf 92' lang='lat' dir='ltr'>(quod</span> <span class='ocrx_word' id='word_1_48' title='bbox 1199 601 1442 658; x_wconf 83' lang='lat' dir='ltr'>faciebant)</span> <span class='ocrx_word' id='word_1_49' title='bbox 1471 610 1694 658; x_wconf 89' lang='lat' dir='ltr'>reponant</span> <span class='ocrx_word' id='word_1_50' title='bbox 1723 602 1840 659; x_wconf 87' lang='lat' dir='ltr'>pilea</span> 
     </span>
     <span class='ocr_line' id='line_1_9' title="bbox 202 679 1201 738; baseline -0.004 -12"><span class='ocrx_word' id='word_1_51' title='bbox 202 695 289 726; x_wconf 82' lang='lat' dir='ltr'>sua</span> <span class='ocrx_word' id='word_1_52' title='bbox 310 695 447 738; x_wconf 88' lang='lat' dir='ltr'>super</span> <span class='ocrx_word' id='word_1_53' title='bbox 469 681 642 735; x_wconf 89' lang='lat' dir='ltr'>altaria,</span> <span class='ocrx_word' id='word_1_54' title='bbox 666 680 740 725; x_wconf 89' lang='lat' dir='ltr'>vel</span> <span class='ocrx_word' id='word_1_55' title='bbox 762 679 871 737; x_wconf 91' lang='lat' dir='ltr'>ipsis</span> <span class='ocrx_word' id='word_1_56' title='bbox 891 679 1201 723; x_wconf 89' lang='lat' dir='ltr'>innitantur...</span> 
     </span>
    </p>

    <p class='ocr_par' dir='ltr' id='par_1_6' title="bbox 198 755 1840 1353">
     <span class='ocr_line' id='line_1_10' title="bbox 294 755 1839 814; baseline -0.002 -12"><span class='ocrx_word' id='word_1_57' title='bbox 294 758 389 814; x_wconf 77' lang='lat' dir='ltr'>Qui</span> <span class='ocrx_word' id='word_1_58' title='bbox 411 758 653 802; x_wconf 87' lang='lat' dir='ltr'>mittuntur</span> <span class='ocrx_word' id='word_1_59' title='bbox 673 758 731 800; x_wconf 93' lang='lat' dir='ltr'>ab</span> <span class='ocrx_word' id='word_1_60' title='bbox 752 771 844 799; x_wconf 92' lang='lat' dir='ltr'>vno</span> <span class='ocrx_word' id='word_1_61' title='bbox 865 756 1061 813; x_wconf 89' lang='lat' dir='ltr'>collegio</span> <span class='ocrx_word' id='word_1_62' title='bbox 1082 757 1141 800; x_wconf 93' lang='lat' dir='ltr'>ad</span> <span class='ocrx_word' id='word_1_63' title='bbox 1161 756 1301 808; x_wconf 87' lang='lat' dir='ltr'>aliud,</span> <span class='ocrx_word' id='word_1_64' title='bbox 1333 755 1573 799; x_wconf 78' lang='lat' dir='ltr'>mittantur</span> <span class='ocrx_word' id='word_1_65' title='bbox 1601 756 1839 800; x_wconf 91' lang='lat' dir='ltr'>mediocri-</span> 
     </span>
     <span class='ocr_line' id='line_1_11' title="bbox 203 831 1839 890; baseline -0.002 -11"><span class='ocrx_word' id='word_1_66' title='bbox 203 843 275 881; x_wconf 91' lang='lat' dir='ltr'>ter</span> <span class='ocrx_word' id='word_1_67' title='bbox 294 835 448 879; x_wconf 86' lang='lat' dir='ltr'>vestiti</span> <span class='ocrx_word' id='word_1_68' title='bbox 469 842 514 879; x_wconf 88' lang='lat' dir='ltr'>et</span> <span class='ocrx_word' id='word_1_69' title='bbox 535 837 743 879; x_wconf 89' lang='lat' dir='ltr'>honeste.</span> <span class='ocrx_word' id='word_1_70' title='bbox 775 834 912 890; x_wconf 78' lang='lat' dir='ltr'>Quod</span> <span class='ocrx_word' id='word_1_71' title='bbox 945 833 983 877; x_wconf 89' lang='lat' dir='ltr'>si</span> <span class='ocrx_word' id='word_1_72' title='bbox 1014 847 1160 877; x_wconf 91' lang='lat' dir='ltr'>nouas</span> <span class='ocrx_word' id='word_1_73' title='bbox 1193 831 1393 877; x_wconf 81' lang='lat' dir='ltr'>habeant</span> <span class='ocrx_word' id='word_1_74' title='bbox 1426 839 1595 885; x_wconf 88' lang='lat' dir='ltr'>vestes,</span> <span class='ocrx_word' id='word_1_75' title='bbox 1631 848 1722 876; x_wconf 89' lang='lat' dir='ltr'>non</span> <span class='ocrx_word' id='word_1_76' title='bbox 1756 833 1839 877; x_wconf 88' lang='lat' dir='ltr'>erit</span> 
     </span>
     <span class='ocr_line' id='line_1_12' title="bbox 204 910 1840 966; baseline -0.002 -10"><span class='ocrx_word' id='word_1_77' title='bbox 204 927 392 958; x_wconf 84' lang='lat' dir='ltr'>necesse</span> <span class='ocrx_word' id='word_1_78' title='bbox 412 927 517 956; x_wconf 91' lang='lat' dir='ltr'>cum</span> <span class='ocrx_word' id='word_1_79' title='bbox 537 911 626 955; x_wconf 88' lang='lat' dir='ltr'>illis</span> <span class='ocrx_word' id='word_1_80' title='bbox 647 925 727 956; x_wconf 90' lang='lat' dir='ltr'>eos</span> <span class='ocrx_word' id='word_1_81' title='bbox 747 910 883 963; x_wconf 88' lang='lat' dir='ltr'>mitti,</span> <span class='ocrx_word' id='word_1_82' title='bbox 907 912 988 955; x_wconf 89' lang='lat' dir='ltr'>sed</span> <span class='ocrx_word' id='word_1_83' title='bbox 1010 910 1263 955; x_wconf 88' lang='lat' dir='ltr'>mediocres</span> <span class='ocrx_word' id='word_1_84' title='bbox 1284 917 1477 966; x_wconf 88' lang='lat' dir='ltr'>possunt</span> <span class='ocrx_word' id='word_1_85' title='bbox 1494 910 1716 966; x_wconf 86' lang='lat' dir='ltr'>accipere:</span> <span class='ocrx_word' id='word_1_86' title='bbox 1741 918 1786 953; x_wconf 86' lang='lat' dir='ltr'>et</span> <span class='ocrx_word' id='word_1_87' title='bbox 1803 910 1840 954; x_wconf 87' lang='lat' dir='ltr'>si</span> 
     </span>
     <span class='ocr_line' id='line_1_13' title="bbox 198 987 1836 1041; baseline -0.002 -8"><span class='ocrx_word' id='word_1_88' title='bbox 198 990 321 1034; x_wconf 87' lang='lat' dir='ltr'>infra</span> <span class='ocrx_word' id='word_1_89' title='bbox 341 989 697 1034; x_wconf 89' lang='lat' dir='ltr'>mediocritatem</span> <span class='ocrx_word' id='word_1_90' title='bbox 720 997 874 1034; x_wconf 90' lang='lat' dir='ltr'>essent</span> <span class='ocrx_word' id='word_1_91' title='bbox 895 988 1064 1041; x_wconf 88' lang='lat' dir='ltr'>vestiti,</span> <span class='ocrx_word' id='word_1_92' title='bbox 1089 989 1147 1032; x_wconf 90' lang='lat' dir='ltr'>ad</span> <span class='ocrx_word' id='word_1_93' title='bbox 1174 987 1535 1033; x_wconf 87' lang='lat' dir='ltr'>mediocritatem</span> <span class='ocrx_word' id='word_1_94' title='bbox 1564 987 1836 1032; x_wconf 89' lang='lat' dir='ltr'>vestiantur.</span> 
     </span>
     <span class='ocr_line' id='line_1_14' title="bbox 206 1065 1836 1122; baseline -0.002 -11"><span class='ocrx_word' id='word_1_95' title='bbox 206 1068 310 1111; x_wconf 90' lang='lat' dir='ltr'>Hoc</span> <span class='ocrx_word' id='word_1_96' title='bbox 338 1074 489 1111; x_wconf 89' lang='lat' dir='ltr'>tamen</span> <span class='ocrx_word' id='word_1_97' title='bbox 518 1067 659 1110; x_wconf 89' lang='lat' dir='ltr'>habet</span> <span class='ocrx_word' id='word_1_98' title='bbox 686 1066 989 1118; x_wconf 89' lang='lat' dir='ltr'>consuetudo,</span> <span class='ocrx_word' id='word_1_99' title='bbox 1014 1073 1063 1108; x_wconf 91' lang='lat' dir='ltr'>vt</span> <span class='ocrx_word' id='word_1_100' title='bbox 1092 1065 1352 1122; x_wconf 85' lang='lat' dir='ltr'>superiores</span> <span class='ocrx_word' id='word_1_101' title='bbox 1380 1075 1532 1108; x_wconf 89' lang='lat' dir='ltr'>vestes</span> <span class='ocrx_word' id='word_1_102' title='bbox 1560 1065 1634 1109; x_wconf 89' lang='lat' dir='ltr'>vel</span> <span class='ocrx_word' id='word_1_103' title='bbox 1656 1065 1836 1117; x_wconf 86' lang='lat' dir='ltr'>talares,</span> 
     </span>
     <span class='ocr_line' id='line_1_15' title="bbox 204 1141 1839 1200; baseline -0.001 -12"><span class='ocrx_word' id='word_1_104' title='bbox 204 1143 304 1188; x_wconf 89' lang='lat' dir='ltr'>siue</span> <span class='ocrx_word' id='word_1_105' title='bbox 319 1143 622 1200; x_wconf 89' lang='lat' dir='ltr'>quotidianas,</span> <span class='ocrx_word' id='word_1_106' title='bbox 641 1143 740 1188; x_wconf 90' lang='lat' dir='ltr'>siue</span> <span class='ocrx_word' id='word_1_107' title='bbox 756 1141 1045 1195; x_wconf 87' lang='lat' dir='ltr'>domesticas,</span> <span class='ocrx_word' id='word_1_108' title='bbox 1061 1157 1119 1187; x_wconf 91' lang='lat' dir='ltr'>ne</span> <span class='ocrx_word' id='word_1_109' title='bbox 1135 1156 1292 1186; x_wconf 90' lang='lat' dir='ltr'>secum</span> <span class='ocrx_word' id='word_1_110' title='bbox 1312 1143 1476 1195; x_wconf 88' lang='lat' dir='ltr'>ferant;</span> <span class='ocrx_word' id='word_1_111' title='bbox 1489 1149 1537 1185; x_wconf 89' lang='lat' dir='ltr'>et</span> <span class='ocrx_word' id='word_1_112' title='bbox 1549 1142 1721 1186; x_wconf 89' lang='lat' dir='ltr'>debent</span> <span class='ocrx_word' id='word_1_113' title='bbox 1738 1155 1839 1186; x_wconf 86' lang='lat' dir='ltr'>esse</span> 
     </span>
     <span class='ocr_line' id='line_1_16' title="bbox 202 1218 1838 1276; baseline -0.002 -12"><span class='ocrx_word' id='word_1_114' title='bbox 202 1220 409 1266; x_wconf 88' lang='lat' dir='ltr'>contenti</span> <span class='ocrx_word' id='word_1_115' title='bbox 432 1221 661 1274; x_wconf 88' lang='lat' dir='ltr'>mantello;</span> <span class='ocrx_word' id='word_1_116' title='bbox 686 1227 732 1263; x_wconf 89' lang='lat' dir='ltr'>et</span> <span class='ocrx_word' id='word_1_117' title='bbox 752 1219 830 1276; x_wconf 91' lang='lat' dir='ltr'>qui</span> <span class='ocrx_word' id='word_1_118' title='bbox 853 1219 1030 1275; x_wconf 88' lang='lat' dir='ltr'>equites</span> <span class='ocrx_word' id='word_1_119' title='bbox 1051 1219 1416 1276; x_wconf 88' lang='lat' dir='ltr'>proficiscentur,</span> <span class='ocrx_word' id='word_1_120' title='bbox 1441 1218 1504 1261; x_wconf 92' lang='lat' dir='ltr'>illi</span> <span class='ocrx_word' id='word_1_121' title='bbox 1526 1232 1612 1262; x_wconf 88' lang='lat' dir='ltr'>nec</span> <span class='ocrx_word' id='word_1_122' title='bbox 1634 1219 1838 1275; x_wconf 90' lang='lat' dir='ltr'>gladium</span> 
     </span>
     <span class='ocr_line' id='line_1_17' title="bbox 205 1295 1540 1353; baseline -0.001 -12"><span class='ocrx_word' id='word_1_123' title='bbox 205 1311 292 1342; x_wconf 89' lang='lat' dir='ltr'>nec</span> <span class='ocrx_word' id='word_1_124' title='bbox 312 1298 526 1342; x_wconf 86' lang='lat' dir='ltr'>baculum</span> <span class='ocrx_word' id='word_1_125' title='bbox 549 1298 713 1341; x_wconf 87' lang='lat' dir='ltr'>ferant:</span> <span class='ocrx_word' id='word_1_126' title='bbox 739 1296 813 1352; x_wconf 92' lang='lat' dir='ltr'>qui</span> <span class='ocrx_word' id='word_1_127' title='bbox 837 1296 1029 1353; x_wconf 89' lang='lat' dir='ltr'>pedites,</span> <span class='ocrx_word' id='word_1_128' title='bbox 1053 1303 1247 1353; x_wconf 90' lang='lat' dir='ltr'>possunt</span> <span class='ocrx_word' id='word_1_129' title='bbox 1269 1296 1433 1339; x_wconf 93' lang='lat' dir='ltr'>baculo</span> <span class='ocrx_word' id='word_1_130' title='bbox 1457 1295 1540 1340; x_wconf 92' lang='lat' dir='ltr'>vti.</span> 
     </span>
    </p>

    <p class='ocr_par' dir='ltr' id='par_1_7' title="bbox 200 1373 1839 1660">
     <span class='ocr_line' id='line_1_18' title="bbox 290 1373 1839 1430; baseline -0.003 -11"><span class='ocrx_word' id='word_1_131' title='bbox 290 1375 361 1419; x_wconf 90' lang='lat' dir='ltr'>Ne</span> <span class='ocrx_word' id='word_1_132' title='bbox 399 1373 687 1430; x_wconf 86' lang='lat' dir='ltr'>permittatur</span> <span class='ocrx_word' id='word_1_133' title='bbox 722 1381 740 1399; x_wconf 75' lang='lat'>³</span> <span class='ocrx_word' id='word_1_134' title='bbox 777 1373 1076 1426; x_wconf 89' lang='lat' dir='ltr'>consuetudo,</span> <span class='ocrx_word' id='word_1_135' title='bbox 1116 1380 1166 1415; x_wconf 92' lang='lat' dir='ltr'>vt</span> <span class='ocrx_word' id='word_1_136' title='bbox 1202 1387 1307 1415; x_wconf 89' lang='lat' dir='ltr'>curn</span> <span class='ocrx_word' id='word_1_137' title='bbox 1344 1374 1437 1415; x_wconf 89' lang='lat' dir='ltr'>huc</span> <span class='ocrx_word' id='word_1_138' title='bbox 1474 1373 1532 1415; x_wconf 90' lang='lat' dir='ltr'>ad</span> <span class='ocrx_word' id='word_1_139' title='bbox 1569 1387 1653 1415; x_wconf 91' lang='lat' dir='ltr'>nos</span> <span class='ocrx_word' id='word_1_140' title='bbox 1695 1374 1839 1415; x_wconf 76' lang='lat' dir='ltr'>fertur</span> 
     </span>
     <span class='ocr_line' id='line_1_19' title="bbox 203 1449 1836 1507; baseline -0.001 -13"><span class='ocrx_word' id='word_1_141' title='bbox 203 1451 355 1496; x_wconf 88' lang='lat' dir='ltr'>oleum</span> <span class='ocrx_word' id='word_1_142' title='bbox 383 1450 627 1504; x_wconf 86' lang='lat' dir='ltr'>vnctionis,</span> <span class='ocrx_word' id='word_1_143' title='bbox 658 1449 924 1507; x_wconf 91' lang='lat' dir='ltr'>praesertim</span> <span class='ocrx_word' id='word_1_144' title='bbox 945 1463 1050 1493; x_wconf 93' lang='lat' dir='ltr'>cum</span> <span class='ocrx_word' id='word_1_145' title='bbox 1078 1450 1212 1493; x_wconf 89' lang='lat' dir='ltr'>simul</span> <span class='ocrx_word' id='word_1_146' title='bbox 1240 1450 1472 1493; x_wconf 85' lang='lat' dir='ltr'>adferatur</span> <span class='ocrx_word' id='word_1_147' title='bbox 1500 1457 1836 1493; x_wconf 89' lang='lat' dir='ltr'>sacramentum</span> 
     </span>
     <span class='ocr_line' id='line_1_20' title="bbox 200 1526 1838 1582; baseline -0.002 -10"><span class='ocrx_word' id='word_1_148' title='bbox 200 1527 522 1580; x_wconf 88' lang='lat' dir='ltr'>eucharistiae,</span> <span class='ocrx_word' id='word_1_149' title='bbox 546 1535 597 1570; x_wconf 90' lang='lat' dir='ltr'>vt</span> <span class='ocrx_word' id='word_1_150' title='bbox 618 1527 761 1570; x_wconf 88' lang='lat' dir='ltr'>nostri</span> <span class='ocrx_word' id='word_1_151' title='bbox 782 1528 1047 1582; x_wconf 86' lang='lat' dir='ltr'>frequentes</span> <span class='ocrx_word' id='word_1_152' title='bbox 1069 1526 1360 1580; x_wconf 89' lang='lat' dir='ltr'>comitentur,</span> <span class='ocrx_word' id='word_1_153' title='bbox 1385 1533 1431 1570; x_wconf 90' lang='lat' dir='ltr'>et</span> <span class='ocrx_word' id='word_1_154' title='bbox 1447 1526 1586 1570; x_wconf 89' lang='lat' dir='ltr'>etiam</span> <span class='ocrx_word' id='word_1_155' title='bbox 1603 1541 1838 1570; x_wconf 83' lang='lat' dir='ltr'>commen-</span> 
     </span>
     <span class='ocr_line' id='line_1_21' title="bbox 200 1604 490 1660; baseline -0.003 -12"><span class='ocrx_word' id='word_1_156' title='bbox 200 1605 320 1650; x_wconf 79' lang='lat' dir='ltr'>sales</span> <span class='ocrx_word' id='word_1_157' title='bbox 335 1604 490 1660; x_wconf 89' lang='lat' dir='ltr'>aliqui.</span> 
     </span>
    </p>

    <p class='ocr_par' dir='ltr' id='par_1_8' title="bbox 198 1680 1837 1802">
     <span class='ocr_line' id='line_1_22' title="bbox 291 1680 1837 1737; baseline -0.001 -13"><span class='ocrx_word' id='word_1_158' title='bbox 291 1681 473 1737; x_wconf 83' lang='lat' dir='ltr'>Quibus</span> <span class='ocrx_word' id='word_1_159' title='bbox 493 1682 626 1724; x_wconf 87' lang='lat' dir='ltr'>datur</span> <span class='ocrx_word' id='word_1_160' title='bbox 647 1680 942 1735; x_wconf 89' lang='lat' dir='ltr'>ientaculum,</span> <span class='ocrx_word' id='word_1_161' title='bbox 962 1680 1016 1724; x_wconf 89' lang='lat' dir='ltr'>iis</span> <span class='ocrx_word' id='word_1_162' title='bbox 1039 1694 1096 1724; x_wconf 92' lang='lat' dir='ltr'>ne</span> <span class='ocrx_word' id='word_1_163' title='bbox 1117 1680 1429 1737; x_wconf 89' lang='lat' dir='ltr'>prohibeatur,</span> <span class='ocrx_word' id='word_1_164' title='bbox 1449 1688 1498 1724; x_wconf 93' lang='lat' dir='ltr'>vt</span> <span class='ocrx_word' id='word_1_165' title='bbox 1519 1681 1632 1724; x_wconf 88' lang='lat' dir='ltr'>illud</span> <span class='ocrx_word' id='word_1_166' title='bbox 1653 1687 1837 1724; x_wconf 89' lang='lat' dir='ltr'>sumant</span> 
     </span>
     <span class='ocr_line' id='line_1_23' title="bbox 198 1758 524 1802; baseline 0 0"><span class='ocrx_word' id='word_1_167' title='bbox 198 1758 275 1802; x_wconf 88' lang='lat' dir='ltr'>die</span> <span class='ocrx_word' id='word_1_168' title='bbox 295 1758 524 1802; x_wconf 84' lang='lat' dir='ltr'>mercurii.</span> 
     </span>
    </p>

    <p class='ocr_par' dir='ltr' id='par_1_9' title="bbox 197 1834 1836 2122">
     <span class='ocr_line' id='line_1_24' title="bbox 231 1834 1835 1895; baseline -0.001 -16"><span class='ocrx_word' id='word_1_169' title='bbox 231 1857 235 1859; x_wconf 44' lang='lat'><strong><em>⁴</em></strong></span> <span class='ocrx_word' id='word_1_170' title='bbox 289 1835 545 1892; x_wconf 89' lang='lat' dir='ltr'>Diligenter</span> <span class='ocrx_word' id='word_1_171' title='bbox 572 1842 702 1879; x_wconf 88' lang='lat' dir='ltr'>curet</span> <span class='ocrx_word' id='word_1_172' title='bbox 730 1843 894 1887; x_wconf 88' lang='lat' dir='ltr'>rector,</span> <span class='ocrx_word' id='word_1_173' title='bbox 925 1834 1208 1895; x_wconf 84' lang='lat' dir='ltr'>vtceleriter</span> <span class='ocrx_word' id='word_1_174' title='bbox 1243 1842 1289 1880; x_wconf 92' lang='lat' dir='ltr'>et</span> <span class='ocrx_word' id='word_1_175' title='bbox 1316 1835 1554 1878; x_wconf 88' lang='lat' dir='ltr'>commode</span> <span class='ocrx_word' id='word_1_176' title='bbox 1581 1843 1835 1892; x_wconf 89' lang='lat' dir='ltr'>apponatur</span> 
     </span>
     <span class='ocr_line' id='line_1_25' title="bbox 197 1911 1836 1968; baseline -0.001 -13"><span class='ocrx_word' id='word_1_177' title='bbox 197 1911 330 1956; x_wconf 90' lang='lat' dir='ltr'>cibus</span> <span class='ocrx_word' id='word_1_178' title='bbox 350 1913 410 1956; x_wconf 92' lang='lat' dir='ltr'>ad</span> <span class='ocrx_word' id='word_1_179' title='bbox 430 1927 650 1965; x_wconf 88' lang='lat' dir='ltr'>mensam,</span> <span class='ocrx_word' id='word_1_180' title='bbox 675 1926 732 1955; x_wconf 91' lang='lat' dir='ltr'>ne</span> <span class='ocrx_word' id='word_1_181' title='bbox 754 1911 812 1955; x_wconf 90' lang='lat' dir='ltr'>sit</span> <span class='ocrx_word' id='word_1_182' title='bbox 834 1911 1006 1955; x_wconf 87' lang='lat' dir='ltr'>diutius</span> <span class='ocrx_word' id='word_1_183' title='bbox 1027 1913 1362 1968; x_wconf 87' lang='lat' dir='ltr'>expectandum</span> <span class='ocrx_word' id='word_1_184' title='bbox 1393 1912 1624 1965; x_wconf 84' lang='lat' dir='ltr'>fratribus,</span> <span class='ocrx_word' id='word_1_185' title='bbox 1656 1920 1702 1956; x_wconf 89' lang='lat' dir='ltr'>et</span> <span class='ocrx_word' id='word_1_186' title='bbox 1729 1927 1836 1968; x_wconf 88' lang='lat' dir='ltr'>por-</span> 
     </span>
     <span class='ocr_line' id='line_1_26' title="bbox 201 1989 1830 2046; baseline 0 -14"><span class='ocrx_word' id='word_1_187' title='bbox 201 1989 348 2033; x_wconf 88' lang='lat' dir='ltr'>tiones</span> <span class='ocrx_word' id='word_1_188' title='bbox 369 1990 480 2032; x_wconf 89' lang='lat' dir='ltr'>fiant</span> <span class='ocrx_word' id='word_1_189' title='bbox 500 1990 730 2046; x_wconf 88' lang='lat' dir='ltr'>aequales,</span> <span class='ocrx_word' id='word_1_190' title='bbox 757 1997 805 2032; x_wconf 86' lang='lat' dir='ltr'>vt</span> <span class='ocrx_word' id='word_1_191' title='bbox 826 2003 917 2032; x_wconf 90' lang='lat' dir='ltr'>non</span> <span class='ocrx_word' id='word_1_192' title='bbox 941 1989 1091 2033; x_wconf 92' lang='lat' dir='ltr'>minus</span> <span class='ocrx_word' id='word_1_193' title='bbox 1109 1989 1322 2042; x_wconf 87' lang='lat' dir='ltr'>habeant,</span> <span class='ocrx_word' id='word_1_194' title='bbox 1342 1989 1420 2046; x_wconf 91' lang='lat' dir='ltr'>qui</span> <span class='ocrx_word' id='word_1_195' title='bbox 1435 1989 1627 2034; x_wconf 91' lang='lat' dir='ltr'>veniunt</span> <span class='ocrx_word' id='word_1_196' title='bbox 1644 1990 1700 2032; x_wconf 92' lang='lat' dir='ltr'>ad</span> <span class='ocrx_word' id='word_1_197' title='bbox 1719 1997 1830 2041; x_wconf 50' lang='grc' dir='ltr'>ιω,</span> 
     </span>
     <span class='ocr_line' id='line_1_27' title="bbox 197 2065 1006 2122; baseline -0.001 -13"><span class='ocrx_word' id='word_1_198' title='bbox 197 2079 336 2122; x_wconf 89' lang='lat' dir='ltr'>quam</span> <span class='ocrx_word' id='word_1_199' title='bbox 358 2065 436 2121; x_wconf 91' lang='lat' dir='ltr'>qui</span> <span class='ocrx_word' id='word_1_200' title='bbox 458 2067 516 2109; x_wconf 92' lang='lat' dir='ltr'>ad</span> <span class='ocrx_word' id='word_1_201' title='bbox 536 2066 727 2122; x_wconf 90' lang='lat' dir='ltr'>primam</span> <span class='ocrx_word' id='word_1_202' title='bbox 748 2080 1006 2110; x_wconf 87' lang='lat' dir='ltr'>mensam...</span> 
     </span>
    </p>

    <p class='ocr_par' dir='ltr' id='par_1_10' title="bbox 196 2142 1835 2571">
     <span class='ocr_line' id='line_1_28' title="bbox 256 2142 1835 2200; baseline -0.001 -13"><span class='ocrx_word' id='word_1_203' title='bbox 256 2143 514 2187; x_wconf 78' lang='lat' dir='ltr'>&#39;Dominus</span> <span class='ocrx_word' id='word_1_204' title='bbox 534 2142 795 2187; x_wconf 89' lang='lat' dir='ltr'>licentiatus</span> <span class='ocrx_word' id='word_1_205' title='bbox 816 2142 927 2186; x_wconf 90' lang='lat' dir='ltr'>boni</span> <span class='ocrx_word' id='word_1_206' title='bbox 949 2143 1179 2187; x_wconf 89' lang='lat' dir='ltr'>consuluit</span> <span class='ocrx_word' id='word_1_207' title='bbox 1201 2150 1246 2188; x_wconf 91' lang='lat' dir='ltr'>et</span> <span class='ocrx_word' id='word_1_208' title='bbox 1268 2143 1494 2200; x_wconf 90' lang='lat' dir='ltr'>probauit,</span> <span class='ocrx_word' id='word_1_209' title='bbox 1530 2150 1579 2186; x_wconf 91' lang='lat' dir='ltr'>vt</span> <span class='ocrx_word' id='word_1_210' title='bbox 1601 2158 1693 2186; x_wconf 91' lang='lat' dir='ltr'>non</span> <span class='ocrx_word' id='word_1_211' title='bbox 1715 2142 1835 2186; x_wconf 91' lang='lat' dir='ltr'>inui-</span> 
     </span>
     <span class='ocr_line' id='line_1_29' title="bbox 200 2219 1832 2276; baseline -0.001 -13"><span class='ocrx_word' id='word_1_212' title='bbox 200 2226 355 2263; x_wconf 88' lang='lat' dir='ltr'>tentur</span> <span class='ocrx_word' id='word_1_213' title='bbox 376 2219 589 2264; x_wconf 87' lang='lat' dir='ltr'>mulieres</span> <span class='ocrx_word' id='word_1_214' title='bbox 611 2219 658 2262; x_wconf 89' lang='lat' dir='ltr'>in</span> <span class='ocrx_word' id='word_1_215' title='bbox 680 2219 779 2264; x_wconf 90' lang='lat' dir='ltr'>eius</span> <span class='ocrx_word' id='word_1_216' title='bbox 798 2220 954 2273; x_wconf 85' lang='lat' dir='ltr'>domo,</span> <span class='ocrx_word' id='word_1_217' title='bbox 986 2227 1033 2263; x_wconf 89' lang='lat' dir='ltr'>et</span> <span class='ocrx_word' id='word_1_218' title='bbox 1058 2222 1145 2263; x_wconf 89' lang='lat' dir='ltr'>hoc</span> <span class='ocrx_word' id='word_1_219' title='bbox 1173 2219 1404 2276; x_wconf 89' lang='lat' dir='ltr'>pollicitus</span> <span class='ocrx_word' id='word_1_220' title='bbox 1432 2227 1500 2264; x_wconf 86' lang='lat' dir='ltr'>est</span> <span class='ocrx_word' id='word_1_221' title='bbox 1528 2234 1578 2264; x_wconf 91' lang='lat' dir='ltr'>se</span> <span class='ocrx_word' id='word_1_222' title='bbox 1606 2221 1832 2263; x_wconf 87' lang='lat' dir='ltr'>facturum</span> 
     </span>
     <span class='ocr_line' id='line_1_30' title="bbox 198 2295 1831 2354; baseline -0.001 -14"><span class='ocrx_word' id='word_1_223' title='bbox 198 2311 279 2354; x_wconf 87' lang='lat' dir='ltr'>pro</span> <span class='ocrx_word' id='word_1_224' title='bbox 299 2296 398 2340; x_wconf 90' lang='lat' dir='ltr'>eius</span> <span class='ocrx_word' id='word_1_225' title='bbox 419 2295 703 2353; x_wconf 87' lang='lat' dir='ltr'>benignitate</span> <span class='ocrx_word' id='word_1_226' title='bbox 724 2304 771 2340; x_wconf 91' lang='lat' dir='ltr'>et</span> <span class='ocrx_word' id='word_1_227' title='bbox 792 2297 1011 2341; x_wconf 88' lang='lat' dir='ltr'>charitate</span> <span class='ocrx_word' id='word_1_228' title='bbox 1033 2311 1144 2354; x_wconf 87' lang='lat' dir='ltr'>erga</span> <span class='ocrx_word' id='word_1_229' title='bbox 1166 2311 1249 2341; x_wconf 89' lang='lat' dir='ltr'>nos</span> <span class='ocrx_word' id='word_1_230' title='bbox 1267 2305 1312 2341; x_wconf 92' lang='lat' dir='ltr'>et</span> <span class='ocrx_word' id='word_1_231' title='bbox 1334 2298 1629 2342; x_wconf 90' lang='lat' dir='ltr'>Societatem:</span> <span class='ocrx_word' id='word_1_232' title='bbox 1657 2305 1831 2340; x_wconf 84' lang='lat' dir='ltr'>tantum</span> 
     </span>
     <span class='ocr_line' id='line_1_31' title="bbox 198 2372 1833 2429; baseline -0.001 -13"><span class='ocrx_word' id='word_1_233' title='bbox 198 2372 311 2416; x_wconf 87' lang='lat' dir='ltr'>illud</span> <span class='ocrx_word' id='word_1_234' title='bbox 338 2372 542 2427; x_wconf 89' lang='lat' dir='ltr'>retinuit,</span> <span class='ocrx_word' id='word_1_235' title='bbox 572 2380 622 2415; x_wconf 93' lang='lat' dir='ltr'>vt</span> <span class='ocrx_word' id='word_1_236' title='bbox 649 2373 687 2416; x_wconf 91' lang='lat' dir='ltr'>si</span> <span class='ocrx_word' id='word_1_237' title='bbox 715 2373 898 2429; x_wconf 89' lang='lat' dir='ltr'>quando</span> <span class='ocrx_word' id='word_1_238' title='bbox 924 2372 1079 2417; x_wconf 90' lang='lat' dir='ltr'>veniat</span> <span class='ocrx_word' id='word_1_239' title='bbox 1107 2373 1294 2428; x_wconf 89' lang='lat' dir='ltr'>sororia,</span> <span class='ocrx_word' id='word_1_240' title='bbox 1324 2373 1371 2416; x_wconf 90' lang='lat' dir='ltr'>in</span> <span class='ocrx_word' id='word_1_241' title='bbox 1401 2373 1500 2418; x_wconf 91' lang='lat' dir='ltr'>eius</span> <span class='ocrx_word' id='word_1_242' title='bbox 1527 2374 1662 2416; x_wconf 90' lang='lat' dir='ltr'>domo</span> <span class='ocrx_word' id='word_1_243' title='bbox 1692 2373 1833 2429; x_wconf 90' lang='lat' dir='ltr'>possit</span> 
     </span>
     <span class='ocr_line' id='line_1_32' title="bbox 199 2449 1833 2506; baseline -0.001 -14"><span class='ocrx_word' id='word_1_244' title='bbox 199 2449 322 2494; x_wconf 90' lang='lat' dir='ltr'>illam</span> <span class='ocrx_word' id='word_1_245' title='bbox 342 2449 552 2494; x_wconf 90' lang='lat' dir='ltr'>inuitare:</span> <span class='ocrx_word' id='word_1_246' title='bbox 577 2457 623 2492; x_wconf 92' lang='lat' dir='ltr'>et</span> <span class='ocrx_word' id='word_1_247' title='bbox 645 2457 797 2495; x_wconf 87' lang='lat' dir='ltr'>tamen</span> <span class='ocrx_word' id='word_1_248' title='bbox 819 2449 856 2493; x_wconf 92' lang='lat' dir='ltr'>si</span> <span class='ocrx_word' id='word_1_249' title='bbox 878 2451 1061 2506; x_wconf 91' lang='lat' dir='ltr'>quando</span> <span class='ocrx_word' id='word_1_250' title='bbox 1082 2452 1194 2494; x_wconf 91' lang='lat' dir='ltr'>haec</span> <span class='ocrx_word' id='word_1_251' title='bbox 1222 2450 1393 2503; x_wconf 89' lang='lat' dir='ltr'>veniat,</span> <span class='ocrx_word' id='word_1_252' title='bbox 1425 2451 1578 2493; x_wconf 88' lang='lat' dir='ltr'>nullus</span> <span class='ocrx_word' id='word_1_253' title='bbox 1607 2466 1632 2494; x_wconf 87' lang='lat' dir='ltr'>e</span> <span class='ocrx_word' id='word_1_254' title='bbox 1664 2449 1833 2492; x_wconf 84' lang='lat' dir='ltr'>nostris</span> 
     </span>
     <span class='ocr_line' id='line_1_33' title="bbox 196 2526 903 2571; baseline 0.003 -3"><span class='ocrx_word' id='word_1_255' title='bbox 196 2526 351 2570; x_wconf 89' lang='lat' dir='ltr'>veniat</span> <span class='ocrx_word' id='word_1_256' title='bbox 370 2527 427 2570; x_wconf 94' lang='lat' dir='ltr'>ad</span> <span class='ocrx_word' id='word_1_257' title='bbox 449 2526 560 2570; x_wconf 91' lang='lat' dir='ltr'>illud</span> <span class='ocrx_word' id='word_1_258' title='bbox 582 2526 903 2571; x_wconf 90' lang='lat' dir='ltr'>conuiuium...</span> 
     </span>
    </p>

    <p class='ocr_par' dir='ltr' id='par_1_11' title="bbox 198 2602 1831 2725">
     <span class='ocr_line' id='line_1_34' title="bbox 286 2602 1831 2660; baseline -0.001 -14"><span class='ocrx_word' id='word_1_259' title='bbox 286 2604 453 2660; x_wconf 77' lang='lat' dir='ltr'>Quoad</span> <span class='ocrx_word' id='word_1_260' title='bbox 473 2603 571 2648; x_wconf 89' lang='lat' dir='ltr'>fieri</span> <span class='ocrx_word' id='word_1_261' title='bbox 597 2603 779 2660; x_wconf 88' lang='lat' dir='ltr'>poterit,</span> <span class='ocrx_word' id='word_1_262' title='bbox 810 2618 903 2647; x_wconf 90' lang='lat' dir='ltr'>non</span> <span class='ocrx_word' id='word_1_263' title='bbox 929 2604 1040 2647; x_wconf 90' lang='lat' dir='ltr'>fiant</span> <span class='ocrx_word' id='word_1_264' title='bbox 1070 2605 1331 2660; x_wconf 86' lang='lat' dir='ltr'>frequentes</span> <span class='ocrx_word' id='word_1_265' title='bbox 1361 2603 1635 2647; x_wconf 85' lang='lat' dir='ltr'>mutationes</span> <span class='ocrx_word' id='word_1_266' title='bbox 1658 2602 1831 2645; x_wconf 88' lang='lat' dir='ltr'>officia-</span> 
     </span>
     <span class='ocr_line' id='line_1_35' title="bbox 198 2679 694 2725; baseline 0.004 -3"><span class='ocrx_word' id='word_1_267' title='bbox 198 2679 307 2724; x_wconf 86' lang='lat' dir='ltr'>lium</span> <span class='ocrx_word' id='word_1_268' title='bbox 329 2680 694 2725; x_wconf 87' lang='lat' dir='ltr'>domesticorum.</span> 
     </span>
    </p>

    <p class='ocr_par' dir='ltr' id='par_1_12' title="bbox 195 2745 1831 2967">
     <span class='ocr_line' id='line_1_36' title="bbox 286 2745 1831 2813; baseline -0.003 -13"><span class='ocrx_word' id='word_1_269' title='bbox 286 2757 399 2800; x_wconf 85' lang='lat' dir='ltr'>Tres</span> <span class='ocrx_word' id='word_1_270' title='bbox 419 2745 594 2813; x_wconf 87' lang='lat' dir='ltr'>syndici</span> <span class='ocrx_word' id='word_1_271' title='bbox 617 2757 812 2802; x_wconf 90' lang='lat' dir='ltr'>habendi</span> <span class='ocrx_word' id='word_1_272' title='bbox 838 2765 962 2811; x_wconf 87' lang='lat' dir='ltr'>sunt;</span> <span class='ocrx_word' id='word_1_273' title='bbox 987 2772 1106 2801; x_wconf 89' lang='lat' dir='ltr'>vnus</span> <span class='ocrx_word' id='word_1_274' title='bbox 1130 2757 1414 2809; x_wconf 83' lang='lat' dir='ltr'>vniuersalis,</span> <span class='ocrx_word' id='word_1_275' title='bbox 1447 2756 1561 2799; x_wconf 89' lang='lat' dir='ltr'>alius</span> <span class='ocrx_word' id='word_1_276' title='bbox 1589 2755 1831 2811; x_wconf 90' lang='lat' dir='ltr'>particula-</span> 
     </span>
     <span class='ocr_line' id='line_1_37' title="bbox 199 2831 1830 2896; baseline -0.002 -20"><span class='ocrx_word' id='word_1_277' title='bbox 199 2832 260 2896; x_wconf 78' lang='lat' dir='ltr'>ris</span> <span class='ocrx_word' id='word_1_278' title='bbox 287 2833 634 2886; x_wconf 87' lang='lat' dir='ltr'>recreationum,</span> <span class='ocrx_word' id='word_1_279' title='bbox 676 2834 837 2878; x_wconf 90' lang='lat' dir='ltr'>tertius</span> <span class='ocrx_word' id='word_1_280' title='bbox 865 2835 1055 2878; x_wconf 89' lang='lat' dir='ltr'>fratrum</span> <span class='ocrx_word' id='word_1_281' title='bbox 1083 2835 1265 2890; x_wconf 90' lang='lat' dir='ltr'>quando</span> <span class='ocrx_word' id='word_1_282' title='bbox 1299 2842 1405 2877; x_wconf 90' lang='lat' dir='ltr'>sunt</span> <span class='ocrx_word' id='word_1_283' title='bbox 1443 2832 1487 2874; x_wconf 90' lang='lat' dir='ltr'>in</span> <span class='ocrx_word' id='word_1_284' title='bbox 1525 2831 1714 2884; x_wconf 87' lang='lat' dir='ltr'>scholis,</span> <span class='ocrx_word' id='word_1_285' title='bbox 1756 2832 1830 2875; x_wconf 87' lang='lat' dir='ltr'>uel</span> 
     </span>
     <span class='ocr_line' id='line_1_38' title="bbox 195 2909 1124 2967; baseline 0.002 -15"><span class='ocrx_word' id='word_1_286' title='bbox 195 2910 380 2964; x_wconf 91' lang='lat' dir='ltr'>quando</span> <span class='ocrx_word' id='word_1_287' title='bbox 401 2909 699 2966; x_wconf 88' lang='lat' dir='ltr'>egrediuntur</span> <span class='ocrx_word' id='word_1_288' title='bbox 720 2925 801 2967; x_wconf 92' lang='lat' dir='ltr'>pro</span> <span class='ocrx_word' id='word_1_289' title='bbox 830 2911 1124 2956; x_wconf 88' lang='lat' dir='ltr'>recreatione.</span> 
     </span>
    </p>
   </div>
   <div class='ocr_carea' id='block_1_5' title="bbox 212 3015 475 3022">
    <p class='ocr_par' dir='ltr' id='par_1_13' title="bbox 212 3015 475 3022">
     <span class='ocr_line' id='line_1_39' title="bbox 212 3015 475 3022; baseline 0 0"><span class='ocrx_word' id='word_1_290' title='bbox 212 3015 475 3022; x_wconf 95' lang='lat' dir='ltr'> </span> 
     </span>
    </p>
   </div>
   <div class='ocr_carea' id='block_1_6' title="bbox 269 3074 931 3123">
    <p class='ocr_par' dir='ltr' id='par_1_14' title="bbox 269 3074 931 3123">
     <span class='ocr_line' id='line_1_40' title="bbox 269 3074 931 3123; baseline 0.005 -13"><span class='ocrx_word' id='word_1_291' title='bbox 269 3086 288 3103; x_wconf 84' lang='lat' dir='ltr'>a</span> <span class='ocrx_word' id='word_1_292' title='bbox 335 3075 378 3111; x_wconf 89' lang='lat' dir='ltr'>Id</span> <span class='ocrx_word' id='word_1_293' title='bbox 394 3080 469 3113; x_wconf 86' lang='lat' dir='ltr'>est:</span> <span class='ocrx_word' id='word_1_294' title='bbox 488 3074 547 3111; x_wconf 89' lang='lat' dir='ltr'>Ne</span> <span class='ocrx_word' id='word_1_295' title='bbox 559 3077 931 3123; x_wconf 75' lang='lat' dir='ltr'>praetermittatur.</span> 
     </span>
    </p>
   </div>
  </div>
 </body>
</html>
