2098 3470
302 230 372 267 522
775 225 930 264 PATms
955 228 1200 265 Hmnouvm
1226 229 1375 266 NADAL

255 322 320 365 lui
342 325 508 380 poterit
537 326 793 383 aliquoties,
818 343 871 372 ac
899 330 1070 375 interea
1100 332 1351 375 curandum
1381 340 1450 376 est
1478 332 1636 376 sedulo
1663 340 1711 376 vt
1738 333 1883 378 eidem

257 402 584 455 persuadeatur
621 406 743 459 quod
770 407 827 448 ad
859 408 1182 463 perfectionem
1214 407 1427 452 maiorem
1455 416 1646 465 spectat.
1681 410 1818 465 Quod
1847 411 1883 454 si

257 477 354 520 fieri
393 480 575 523 tandem
608 495 662 523 ac
699 483 853 537 perfici
893 499 982 527 non
1017 485 1198 540 poterit,
1233 486 1289 529 ad
1321 492 1573 529 extremum
1610 486 1883 542 superiorem

257 554 382 600 adire
404 555 629 610 iubeatur,
655 572 740 601 nec
762 560 971 604 audiatur
994 562 1092 605 eius
1114 561 1340 605 confessio
1366 564 1394 604 ¹.

348 632 418 676 Sit
439 632 573 676 lectio
596 642 640 679 et
669 637 850 680 collatio
882 652 1068 681 casuum
1102 653 1183 694 pro
1221 638 1389 682 nostris
1421 639 1758 683 confessoribus
1795 639 1885 696 pri-

260 713 386 762 nata,
411 709 449 753 si
473 725 563 754 non
588 712 724 755 fuerit
744 714 941 769 publica,
961 724 1006 757 et
1028 714 1104 757 vbi
1127 723 1337 758 neutrum
1361 715 1458 758 fieri
1474 723 1492 740 ³
1513 716 1697 771 poterit,
1716 717 1886 759 habea-

262 791 335 827 tur
362 786 561 839 collatio‚
596 796 642 832 et
671 796 885 844 poterunt
922 789 1141 834 interesse
1178 790 1311 833 etiam
1352 790 1607 847 theologiae
1639 791 1884 835 auditores.

260 862 412 917 Quam
435 863 697 918 frequenter
723 866 858 909 lectio
886 868 957 909 vel
986 866 1165 910 collatio
1195 867 1404 912 habenda
1426 867 1498 919 sit,
1523 867 1570 909 id
1607 867 1813 911 censebit
1842 877 1888 912 et

260 939 537 994 praescribet
559 941 864 996 prouincialis.

352 1017 605 1061 Confesarii
633 1033 727 1072 eos,
758 1020 835 1075 qui
864 1029 990 1064 extra
1027 1021 1221 1077 collegia
1259 1035 1394 1077 saepe
1431 1029 1685 1074 versantur,
1726 1028 1890 1077 rogent

262 1108 371 1135 num
394 1094 467 1138 vel
489 1094 613 1150 ipsis,
638 1097 711 1140 vel
727 1097 861 1140 sociis
883 1097 1051 1152 aliquid
1073 1097 1333 1154 contigerit,
1355 1099 1475 1153 quod
1493 1112 1595 1140 cum
1615 1105 1737 1142 recta
1758 1097 1887 1141 insti-

263 1170 438 1213 tutione
466 1179 641 1225 nostra,
674 1174 745 1216 vel
782 1174 1088 1229 proximorum
1127 1174 1439 1217 aedificatione
1466 1182 1660 1230 pugnet.
1693 1178 1778 1221 433
1815 1175 1891 1218 Ad

265 1262 399 1291 casus
423 1256 576 1293 autem
598 1258 854 1294 reseruatos
875 1259 1116 1307 spectaret,
1142 1251 1180 1294 si
1208 1253 1398 1296 mortale
1425 1251 1607 1307 aliquod
1640 1258 1760 1295 esset
1782 1265 1888 1308 pec-

265 1332 434 1379 catum,
461 1333 542 1368 aut
563 1328 824 1371 scandalum
849 1328 1054 1382 aliorum,
1080 1336 1158 1371 aut
1182 1328 1430 1384 periculum
1449 1335 1706 1371 nostrorum
1729 1342 1887 1384 graue;

266 1401 359 1444 imo
383 1417 491 1445 vero
513 1402 550 1446 si
572 1410 747 1447 tantum
771 1405 1073 1448 confessarius
1096 1405 1339 1458 dubitaret,
1372 1420 1481 1448 num
1511 1413 1749 1461 peccatum
1772 1412 1891 1449 esset

265 1480 470 1532 mortale,
498 1481 619 1535 quod
640 1481 908 1538 contigisset
930 1482 1168 1535 reseruari,
1195 1483 1329 1526 debet
1351 1481 1576 1525 absolutio
1598 1481 1793 1539 [deferri]
1816 1496 1891 1524 su-

264 1556 429 1612 periori
452 1557 587 1611 illius,
613 1558 690 1613 qui
712 1559 758 1601 in
780 1558 1039 1602 huiusmodi
1063 1573 1218 1602 casum
1241 1558 1473 1603 incidisset
1497 1559 1528 1601 ².
1556 1558 1693 1614 Quod
1724 1558 1762 1600 si
1783 1572 1890 1601 cen-

264 1641 384 1676 seret
407 1635 709 1679 confessarius
731 1645 967 1691 peccatum
990 1651 1082 1679 non
1104 1650 1204 1679 esse
1226 1636 1429 1687 mortale,
1455 1636 1535 1679 sed
1557 1642 1733 1678 tantum
1761 1642 1892 1678 nota-

265 1710 400 1754 bilem
422 1710 441 1736 b
458 1711 775 1766 indecentiam,
796 1714 1004 1756 consulat
1021 1704 1313 1756 nihilominus
1330 1712 1588 1764 efficaciter,
1608 1719 1658 1755 vt
1674 1711 1892 1768 superiori

266 1789 311 1830 id
333 1788 379 1831 in
403 1788 688 1833 confessione
709 1790 916 1846 explicet,
943 1791 1323 1846 quemadmodum
1347 1789 1510 1832 dicitur
1528 1788 1573 1831 in
1592 1787 1890 1845 explicatione

267 1880 474 1919 casuum,
502 1865 578 1921 qui
606 1874 910 1910 reseruantur.
945 1869 1118 1911 Neuter
1146 1882 1254 1911 vero
1283 1867 1548 1910 absoluatur
1580 1867 1725 1910 donec
1763 1880 1892 1921 supe-

267 1942 372 1985 riori
396 1943 585 1997 reuelet,
609 1942 647 1986 si
670 1943 778 1998 quid
805 1943 997 2000 contigit
1027 1943 1166 1996 socio,
1199 1944 1320 1998 quod
1348 1944 1420 1987 vel
1446 1942 1622 1999 peccati
1653 1943 1726 1985 vel
1763 1941 1894 1985 inde-

242 2019 444 2063 centiae
473 2020 629 2063 saltem
659 2020 868 2063 notabilis
897 2021 1100 2063 damnari
1128 2035 1260 2076 posse
1289 2020 1509 2063 videatur.
1552 2019 1689 2074 Quod
1727 2018 1763 2062 si
1798 2032 1889 2060 non

264 2104 416 2152 posset
453 2111 509 2140 ex
547 2097 852 2140 reseruatione
887 2098 943 2140 de
981 2104 1242 2153 praecepto,
1283 2097 1393 2139 illud
1423 2095 1554 2139 faciet
1593 2111 1648 2139 ex
1685 2109 1868 2139 reserua

265 2173 388 2216 tione
410 2174 467 2217 de
489 2173 692 2226 consilio,
712 2175 799 2216 hoc
816 2182 883 2217 est
902 2173 1101 2218 remittet
1123 2175 1179 2218 ad
1196 2173 1472 2229 superiorem
1491 2179 1539 2214 vt
1555 2172 1788 2223 iuuentur,
1809 2184 1894 2214 nec

265 2249 418 2294 audiet
440 2250 619 2294 illorum
642 2251 951 2294 confessiones
974 2252 1006 2294 ⁵.

353 2331 443 2373 434
466 2328 557 2371 Vbi
579 2327 726 2370 reddit
742 2327 902 2382 aliquis
919 2327 1223 2391 conscientiae
1240 2342 1350 2370 suae
1367 2326 1603 2378 rationem,
1623 2326 1696 2370 vel
1715 2325 1894 2380 quando

335 2467 353 2483 a
402 2457 512 2492 Haec
529 2456 551 2492 3
573 2459 690 2493 verba
709 2457 838 2493 addita
855 2459 1063 2504 posterius;
1083 2457 1152 2493 sed
1170 2442 1351 2493 librarius
1369 2456 1525 2502 scripsit
1536 2455 1670 2503 suerit
1693 2466 1763 2502 pro
1781 2454 1893 2502 fieri.

267 2518 333 2543 ——b
359 2517 446 2551 Hoc
465 2518 576 2552 verb.
596 2517 770 2552 additum
788 2517 1003 2564 posterius.

343 2621 352 2639 ¹
404 2618 491 2653 Non
506 2623 637 2664 potest
653 2629 756 2653 nunc
774 2617 879 2663 adigi
903 2618 951 2653 ad
975 2617 1239 2653 confitendum
1265 2616 1456 2663 superiori
1481 2615 1557 2651 nisi
1586 2621 1746 2662 peccata
1772 2626 1897 2650 reser-

266 2682 369 2712 vata.
391 2676 492 2712 Vide
510 2677 614 2713 dicta
631 2677 671 2713 in
689 2689 778 2724 pag.
797 2687 880 2722 402,
903 2683 1036 2714 annot.
1056 2686 1088 2712 1.

337 2738 351 2758 2
400 2738 553 2772 Docent
571 2737 821 2773 nihilominus
839 2737 1156 2773 communissime
1170 2736 1349 2772 doctores
1364 2735 1403 2770 in
1418 2734 1537 2770 dubio
1550 2734 1599 2770 de
1614 2734 1893 2781 reservatione,

267 2797 300 2832 si
323 2796 486 2832 dubium
509 2796 563 2832 sit
579 2796 689 2843 facti,
712 2808 790 2832 non
813 2797 966 2832 censeri
992 2801 1234 2832 reservatum
1265 2800 1483 2842 peccatum.
1516 2794 1557 2829 Si
1584 2799 1716 2829 autem
1734 2793 1896 2828 dubium

268 2856 319 2892 sit
333 2857 453 2904 Juris‚
472 2857 567 2892 item
585 2855 845 2892 communiter
863 2862 1009 2901 negant
1026 2861 1205 2891 auctores
1220 2861 1423 2901 peceatum
1438 2859 1481 2889 ut
1499 2857 1742 2889 reservatum
1761 2852 1897 2888 haberi

265 2917 425 2953 debere.
446 2916 507 2952 Cf.
528 2916 568 2954 S.
591 2916 811 2958 LIGORJUM,
836 2915 966 2951 leeol.
987 2914 1148 2957 moral„
1165 2913 1233 2949 lib.
1251 2914 1318 2958 VI,
1333 2925 1371 2949 n.
1386 2916 1471 2957 6003
1488 2912 1743 2955 LEHMKUHL‚
1764 2911 1895 2947 Theol.

268 2977 431 3019 moral„
451 2977 500 3022 11,
522 2988 560 3011 n.
580 2985 664 3020 4o5;
684 2974 1147 3018 BALLEfflNt-PALMIEM,
1172 2973 1281 3020 Opus
1299 2973 1414 3008 theol.
1434 2971 1595 3014 moral„
1616 2971 1666 3016 V,
1683 2969 1766 3015 432.
1782 2989 1790 3002 -

339 3037 353 3057 ⁵
404 3035 505 3071 Vide
524 3047 651 3082 supra,
673 3044 762 3080 pag.
781 3042 866 3078 402,
886 3039 1015 3070 annot.
1040 3041 1070 3068 1.
