<?xml version="1.0" encoding="UTF-8"?>
<!DOCTYPE html PUBLIC "-//W3C//DTD XHTML 1.0 Transitional//EN"
    "http://www.w3.org/TR/xhtml1/DTD/xhtml1-transitional.dtd">
<html xmlns="http://www.w3.org/1999/xhtml" xml:lang="en" lang="en">
 <head>
  <title>
</title>
<meta http-equiv="Content-Type" content="text/html;charset=utf-8" />
  <meta name='ocr-system' content='tesseract 3.04.00' />
  <meta name='ocr-capabilities' content='ocr_page ocr_carea ocr_par ocr_line ocrx_word'/>
</head>
<body>
  <div class='ocr_page' id='page_1' title='image "./epistolaephieron04nadauoft_0279.png"; bbox 0 0 2098 3470; ppageno 0'>
   <div class='ocr_carea' id='block_1_1' title="bbox 0 0 398 63">
    <p class='ocr_par' dir='ltr' id='par_1_1' title="bbox 0 0 398 63">
     <span class='ocr_line' id='line_1_1' title="bbox 0 0 398 63; baseline 0 3407"><span class='ocrx_word' id='word_1_1' title='bbox 0 0 398 63; x_wconf 95' lang='lat' dir='ltr'><strong> </strong></span> 
     </span>
    </p>
   </div>
   <div class='ocr_carea' id='block_1_2' title="bbox 0 1385 102 3470">
    <p class='ocr_par' dir='ltr' id='par_1_2' title="bbox 0 1385 102 3470">
     <span class='ocr_line' id='line_1_2' title="bbox 0 1385 102 3470; baseline 0 0"><span class='ocrx_word' id='word_1_2' title='bbox 0 1385 102 3470; x_wconf 95' lang='lat' dir='ltr'><strong> </strong></span> 
     </span>
    </p>
   </div>
   <div class='ocr_carea' id='block_1_3' title="bbox 525 241 1767 289">
    <p class='ocr_par' dir='ltr' id='par_1_3' title="bbox 525 241 1767 289">
     <span class='ocr_line' id='line_1_3' title="bbox 525 241 1767 289; baseline -0.001 -7"><span class='ocrx_word' id='word_1_3' title='bbox 525 245 801 284; x_wconf 58' lang='lat' dir='ltr'><strong>Montium-ra</strong></span> <span class='ocrx_word' id='word_1_4' title='bbox 825 245 1084 283; x_wconf 72' lang='lat' dir='ltr'><strong>GmAmAE</strong></span> <span class='ocrx_word' id='word_1_5' title='bbox 1108 251 1454 289; x_wconf 72' lang='lat' dir='ltr'><strong>SUPERIORIS-4o</strong></span> <span class='ocrx_word' id='word_1_6' title='bbox 1693 241 1767 289; x_wconf 81' lang='lat'>253.</span> 
     </span>
    </p>
   </div>
   <div class='ocr_carea' id='block_1_4' title="bbox 130 344 1807 2322">
    <p class='ocr_par' dir='ltr' id='par_1_4' title="bbox 166 344 1807 710">
     <span class='ocr_line' id='line_1_4' title="bbox 257 344 1807 404; baseline -0.002 -13"><span class='ocrx_word' id='word_1_7' title='bbox 257 361 331 404; x_wconf 87' lang='lat'><strong>43.</strong></span> <span class='ocrx_word' id='word_1_8' title='bbox 395 349 571 392; x_wconf 83' lang='lat' dir='ltr'><strong>Interea</strong></span> <span class='ocrx_word' id='word_1_9' title='bbox 597 348 732 392; x_wconf 90' lang='lat' dir='ltr'><strong>detur</strong></span> <span class='ocrx_word' id='word_1_10' title='bbox 757 361 894 404; x_wconf 90' lang='lat' dir='ltr'><strong>opera</strong></span> <span class='ocrx_word' id='word_1_11' title='bbox 930 354 981 390; x_wconf 89' lang='lat' dir='ltr'><strong>vt</strong></span> <span class='ocrx_word' id='word_1_12' title='bbox 1008 345 1270 391; x_wconf 88' lang='lat' dir='ltr'><strong>inueniatur</strong></span> <span class='ocrx_word' id='word_1_13' title='bbox 1295 345 1402 389; x_wconf 85' lang='lat' dir='ltr'><strong>siue</strong></span> <span class='ocrx_word' id='word_1_14' title='bbox 1432 345 1671 404; x_wconf 85' lang='lat' dir='ltr'><strong>vngerina‚</strong></span> <span class='ocrx_word' id='word_1_15' title='bbox 1706 344 1807 388; x_wconf 90' lang='lat' dir='ltr'><strong>siue</strong></span> 
     </span>
     <span class='ocr_line' id='line_1_5' title="bbox 168 421 1806 482; baseline -0.003 -13"><span class='ocrx_word' id='word_1_16' title='bbox 168 424 332 481; x_wconf 89' lang='lat' dir='ltr'><strong>aliquis</strong></span> <span class='ocrx_word' id='word_1_17' title='bbox 352 426 521 482; x_wconf 83' lang='lat' dir='ltr'><strong>probus</strong></span> <span class='ocrx_word' id='word_1_18' title='bbox 541 424 626 478; x_wconf 90' lang='lat' dir='ltr'><strong>vir,</strong></span> <span class='ocrx_word' id='word_1_19' title='bbox 651 424 729 480; x_wconf 89' lang='lat' dir='ltr'><strong>qui</strong></span> <span class='ocrx_word' id='word_1_20' title='bbox 748 423 935 482; x_wconf 89' lang='lat' dir='ltr'><strong>propius</strong></span> <span class='ocrx_word' id='word_1_21' title='bbox 960 423 1136 468; x_wconf 91' lang='lat' dir='ltr'><strong>habitet</strong></span> <span class='ocrx_word' id='word_1_22' title='bbox 1162 422 1319 466; x_wconf 92' lang='lat' dir='ltr'><strong>domui</strong></span> <span class='ocrx_word' id='word_1_23' title='bbox 1346 429 1545 474; x_wconf 89' lang='lat' dir='ltr'><strong>nostrae,</strong></span> <span class='ocrx_word' id='word_1_24' title='bbox 1577 437 1666 478; x_wconf 91' lang='lat' dir='ltr'><strong>que</strong></span> <span class='ocrx_word' id='word_1_25' title='bbox 1696 421 1806 465; x_wconf 91' lang='lat' dir='ltr'><strong>uelit</strong></span> 
     </span>
     <span class='ocr_line' id='line_1_6' title="bbox 167 499 1803 558; baseline -0.002 -12"><span class='ocrx_word' id='word_1_26' title='bbox 167 501 289 546; x_wconf 88' lang='lat' dir='ltr'><strong>domi</strong></span> <span class='ocrx_word' id='word_1_27' title='bbox 309 516 421 546; x_wconf 89' lang='lat' dir='ltr'><strong>suae</strong></span> <span class='ocrx_word' id='word_1_28' title='bbox 442 515 601 558; x_wconf 89' lang='lat' dir='ltr'><strong>parare</strong></span> <span class='ocrx_word' id='word_1_29' title='bbox 621 501 748 544; x_wconf 89' lang='lat' dir='ltr'><strong>cibos</strong></span> <span class='ocrx_word' id='word_1_30' title='bbox 762 500 1080 544; x_wconf 89' lang='lat' dir='ltr'><strong>conuictorum</strong></span> <span class='ocrx_word' id='word_1_31' title='bbox 1098 506 1357 543; x_wconf 90' lang='lat' dir='ltr'><strong>nostrorum</strong></span> <span class='ocrx_word' id='word_1_32' title='bbox 1374 505 1421 544; x_wconf 89' lang='lat' dir='ltr'><strong>et</strong></span> <span class='ocrx_word' id='word_1_33' title='bbox 1435 499 1615 542; x_wconf 89' lang='lat' dir='ltr'><strong>mittere</strong></span> <span class='ocrx_word' id='word_1_34' title='bbox 1632 500 1689 542; x_wconf 88' lang='lat' dir='ltr'><strong>ad</strong></span> <span class='ocrx_word' id='word_1_35' title='bbox 1707 514 1803 551; x_wconf 84' lang='lat' dir='ltr'><strong>eos,</strong></span> 
     </span>
     <span class='ocr_line' id='line_1_7' title="bbox 167 576 1805 635; baseline -0.002 -13"><span class='ocrx_word' id='word_1_36' title='bbox 167 578 547 635; x_wconf 83' lang='lat' dir='ltr'>quemadmodum</span> <span class='ocrx_word' id='word_1_37' title='bbox 569 578 621 620; x_wconf 84' lang='lat' dir='ltr'><strong>fit</strong></span> <span class='ocrx_word' id='word_1_38' title='bbox 642 577 975 622; x_wconf 89' lang='lat' dir='ltr'><strong>Conimbricae.</strong></span> <span class='ocrx_word' id='word_1_39' title='bbox 1000 578 1059 621; x_wconf 90' lang='lat' dir='ltr'><strong>Et</strong></span> <span class='ocrx_word' id='word_1_40' title='bbox 1079 577 1228 620; x_wconf 92' lang='lat' dir='ltr'><strong>danda</strong></span> <span class='ocrx_word' id='word_1_41' title='bbox 1249 576 1335 620; x_wconf 87' lang='lat' dir='ltr'><strong>erit</strong></span> <span class='ocrx_word' id='word_1_42' title='bbox 1356 576 1421 619; x_wconf 93' lang='lat' dir='ltr'><strong>illi</strong></span> <span class='ocrx_word' id='word_1_43' title='bbox 1447 589 1552 632; x_wconf 90' lang='lat' dir='ltr'><strong>spes</strong></span> <span class='ocrx_word' id='word_1_44' title='bbox 1578 576 1692 618; x_wconf 87' lang='lat' dir='ltr'><strong>lucri</strong></span> <span class='ocrx_word' id='word_1_45' title='bbox 1724 576 1805 619; x_wconf 88' lang='lat' dir='ltr'><strong>ali-</strong></span> 
     </span>
     <span class='ocr_line' id='line_1_8' title="bbox 166 655 1319 710; baseline -0.003 -11"><span class='ocrx_word' id='word_1_46' title='bbox 166 655 312 699; x_wconf 88' lang='lat' dir='ltr'><strong>cuius.</strong></span> <span class='ocrx_word' id='word_1_47' title='bbox 334 656 578 698; x_wconf 87' lang='lat' dir='ltr'><strong>Tractetur</strong></span> <span class='ocrx_word' id='word_1_48' title='bbox 598 656 686 698; x_wconf 90' lang='lat' dir='ltr'><strong>hoc</strong></span> <span class='ocrx_word' id='word_1_49' title='bbox 707 655 871 707; x_wconf 91' lang='lat' dir='ltr'><strong>solum,</strong></span> <span class='ocrx_word' id='word_1_50' title='bbox 894 668 988 697; x_wconf 91' lang='lat' dir='ltr'><strong>non</strong></span> <span class='ocrx_word' id='word_1_51' title='bbox 1009 660 1319 710; x_wconf 85' lang='lat' dir='ltr'><strong>exequatur...</strong></span> 
     </span>
    </p>

    <p class='ocr_par' dir='ltr' id='par_1_5' title="bbox 166 730 1804 853">
     <span class='ocr_line' id='line_1_9' title="bbox 253 730 1804 789; baseline -0.003 -12"><span class='ocrx_word' id='word_1_52' title='bbox 253 743 330 788; x_wconf 85' lang='lat'><strong>45.</strong></span> <span class='ocrx_word' id='word_1_53' title='bbox 393 733 547 788; x_wconf 84' lang='lat' dir='ltr'><strong>Opera</strong></span> <span class='ocrx_word' id='word_1_54' title='bbox 576 731 812 789; x_wconf 87' lang='lat' dir='ltr'><strong>hospitalis</strong></span> <span class='ocrx_word' id='word_1_55' title='bbox 847 738 894 777; x_wconf 90' lang='lat' dir='ltr'><strong>et</strong></span> <span class='ocrx_word' id='word_1_56' title='bbox 928 746 1178 784; x_wconf 89' lang='lat' dir='ltr'><strong>carcerum,</strong></span> <span class='ocrx_word' id='word_1_57' title='bbox 1218 737 1519 775; x_wconf 85' lang='lat' dir='ltr'><strong>exerceantur</strong></span> <span class='ocrx_word' id='word_1_58' title='bbox 1553 730 1644 783; x_wconf 89' lang='lat' dir='ltr'><strong>hic,</strong></span> <span class='ocrx_word' id='word_1_59' title='bbox 1686 730 1804 774; x_wconf 88' lang='lat' dir='ltr'><strong>sicut</strong></span> 
     </span>
     <span class='ocr_line' id='line_1_10' title="bbox 166 810 353 853; baseline -0.005 0"><span class='ocrx_word' id='word_1_60' title='bbox 166 810 353 853; x_wconf 89' lang='lat' dir='ltr'><strong>Romae.</strong></span> 
     </span>
    </p>

    <p class='ocr_par' dir='ltr' id='par_1_6' title="bbox 165 883 1804 1097">
     <span class='ocr_line' id='line_1_11' title="bbox 253 883 1803 940; baseline -0.002 -11"><span class='ocrx_word' id='word_1_61' title='bbox 253 887 328 940; x_wconf 89' lang='lat'><strong>46.</strong></span> <span class='ocrx_word' id='word_1_62' title='bbox 394 887 566 930; x_wconf 88' lang='lat' dir='ltr'><strong>Rector</strong></span> <span class='ocrx_word' id='word_1_63' title='bbox 594 886 803 929; x_wconf 89' lang='lat' dir='ltr'><strong>consulat</strong></span> <span class='ocrx_word' id='word_1_64' title='bbox 833 885 1089 939; x_wconf 66' lang='lat' dir='ltr'><strong>medicum,</strong></span> <span class='ocrx_word' id='word_1_65' title='bbox 1106 884 1224 929; x_wconf 88' lang='lat' dir='ltr'><strong>sitne</strong></span> <span class='ocrx_word' id='word_1_66' title='bbox 1250 885 1315 928; x_wconf 90' lang='lat' dir='ltr'><strong>illi</strong></span> <span class='ocrx_word' id='word_1_67' title='bbox 1344 884 1500 928; x_wconf 81' lang='lat' dir='ltr'><strong>Vtilius</strong></span> <span class='ocrx_word' id='word_1_68' title='bbox 1536 883 1803 928; x_wconf 87' lang='lat' dir='ltr'><strong>cereuisiam</strong></span> 
     </span>
     <span class='ocr_line' id='line_1_12' title="bbox 165 961 1804 1020; baseline -0.002 -13"><span class='ocrx_word' id='word_1_69' title='bbox 165 977 345 1020; x_wconf 89' lang='lat' dir='ltr'><strong>semper</strong></span> <span class='ocrx_word' id='word_1_70' title='bbox 385 963 562 1017; x_wconf 86' lang='lat' dir='ltr'><strong>bibere,</strong></span> <span class='ocrx_word' id='word_1_71' title='bbox 604 970 683 1006; x_wconf 88' lang='lat' dir='ltr'><strong>aut</strong></span> <span class='ocrx_word' id='word_1_72' title='bbox 723 963 965 1020; x_wconf 88' lang='lat' dir='ltr'><strong>aliquando</strong></span> <span class='ocrx_word' id='word_1_73' title='bbox 1004 963 1162 1006; x_wconf 91' lang='lat' dir='ltr'><strong>vinum</strong></span> <span class='ocrx_word' id='word_1_74' title='bbox 1182 979 1191 1006; x_wconf 94' lang='lat'>:</span> <span class='ocrx_word' id='word_1_75' title='bbox 1236 964 1323 1006; x_wconf 86' lang='lat' dir='ltr'><strong>hoc</strong></span> <span class='ocrx_word' id='word_1_76' title='bbox 1368 962 1490 1006; x_wconf 90' lang='lat' dir='ltr'><strong>dicat</strong></span> <span class='ocrx_word' id='word_1_77' title='bbox 1531 961 1804 1005; x_wconf 87' lang='lat' dir='ltr'><strong>admonitori</strong></span> 
     </span>
     <span class='ocr_line' id='line_1_13' title="bbox 165 1040 933 1097; baseline 0.003 -14"><span class='ocrx_word' id='word_1_78' title='bbox 165 1041 225 1084; x_wconf 94' lang='lat' dir='ltr'><strong>R.</strong></span> <span class='ocrx_word' id='word_1_79' title='bbox 258 1041 311 1084; x_wconf 92' lang='lat' dir='ltr'><strong>P.</strong></span> <span class='ocrx_word' id='word_1_80' title='bbox 337 1041 547 1084; x_wconf 87' lang='lat' dir='ltr'><strong>Natalem</strong></span> <span class='ocrx_word' id='word_1_81' title='bbox 567 1040 933 1097; x_wconf 80' lang='lat' dir='ltr'><strong>praescripsisse.</strong></span> 
     </span>
    </p>

    <p class='ocr_par' dir='ltr' id='par_1_7' title="bbox 252 1116 1733 1174">
     <span class='ocr_line' id='line_1_14' title="bbox 252 1116 1733 1174; baseline -0.001 -14"><span class='ocrx_word' id='word_1_82' title='bbox 252 1127 326 1171; x_wconf 88' lang='lat'><strong>47.</strong></span> <span class='ocrx_word' id='word_1_83' title='bbox 392 1116 648 1160; x_wconf 89' lang='lat' dir='ltr'><strong>Consiliarii</strong></span> <span class='ocrx_word' id='word_1_84' title='bbox 668 1118 915 1161; x_wconf 88' lang='lat' dir='ltr'><strong>obseruent</strong></span> <span class='ocrx_word' id='word_1_85' title='bbox 935 1132 1044 1161; x_wconf 89' lang='lat' dir='ltr'><strong>suas</strong></span> <span class='ocrx_word' id='word_1_86' title='bbox 1062 1117 1263 1174; x_wconf 85' lang='lat' dir='ltr'><strong>regulas,</strong></span> <span class='ocrx_word' id='word_1_87' title='bbox 1282 1124 1329 1161; x_wconf 88' lang='lat' dir='ltr'><strong>et</strong></span> <span class='ocrx_word' id='word_1_88' title='bbox 1349 1117 1397 1160; x_wconf 88' lang='lat' dir='ltr'><strong>id</strong></span> <span class='ocrx_word' id='word_1_89' title='bbox 1418 1124 1548 1160; x_wconf 90' lang='lat' dir='ltr'><strong>curet</strong></span> <span class='ocrx_word' id='word_1_90' title='bbox 1570 1123 1733 1160; x_wconf 90' lang='lat' dir='ltr'><strong>rector.</strong></span> 
     </span>
    </p>

    <p class='ocr_par' dir='ltr' id='par_1_8' title="bbox 130 1192 1804 1327">
     <span class='ocr_line' id='line_1_15' title="bbox 130 1192 1804 1256; baseline -0.001 -19"><span class='ocrx_word' id='word_1_91' title='bbox 130 1252 135 1256; x_wconf 85' lang='lat'>.</span> <span class='ocrx_word' id='word_1_92' title='bbox 251 1194 327 1248; x_wconf 86' lang='lat'><strong>48.</strong></span> <span class='ocrx_word' id='word_1_93' title='bbox 392 1195 611 1238; x_wconf 89' lang='lat' dir='ltr'><strong>Verratur</strong></span> <span class='ocrx_word' id='word_1_94' title='bbox 630 1194 909 1248; x_wconf 79' lang='lat' dir='ltr'><strong>cubiculum,</strong></span> <span class='ocrx_word' id='word_1_95' title='bbox 933 1202 980 1239; x_wconf 93' lang='lat' dir='ltr'><strong>et</strong></span> <span class='ocrx_word' id='word_1_96' title='bbox 1000 1201 1230 1238; x_wconf 83' lang='lat' dir='ltr'><strong>sternatur</strong></span> <span class='ocrx_word' id='word_1_97' title='bbox 1249 1194 1396 1238; x_wconf 86' lang='lat' dir='ltr'><strong>lectus</strong></span> <span class='ocrx_word' id='word_1_98' title='bbox 1425 1192 1597 1246; x_wconf 88' lang='lat' dir='ltr'><strong>Pisani;</strong></span> <span class='ocrx_word' id='word_1_99' title='bbox 1627 1193 1673 1236; x_wconf 91' lang='lat' dir='ltr'><strong>in</strong></span> <span class='ocrx_word' id='word_1_100' title='bbox 1702 1193 1804 1237; x_wconf 85' lang='lat' dir='ltr'><strong>aliis</strong></span> 
     </span>
     <span class='ocr_line' id='line_1_16' title="bbox 163 1270 783 1327; baseline 0 -13"><span class='ocrx_word' id='word_1_101' title='bbox 163 1271 380 1315; x_wconf 87' lang='lat' dir='ltr'><strong>obseruet</strong></span> <span class='ocrx_word' id='word_1_102' title='bbox 398 1271 598 1327; x_wconf 86' lang='lat' dir='ltr'><strong>regulas,</strong></span> <span class='ocrx_word' id='word_1_103' title='bbox 623 1279 673 1313; x_wconf 91' lang='lat' dir='ltr'><strong>vt</strong></span> <span class='ocrx_word' id='word_1_104' title='bbox 692 1270 783 1314; x_wconf 88' lang='lat' dir='ltr'><strong>alii.</strong></span> 
     </span>
    </p>

    <p class='ocr_par' dir='ltr' id='par_1_9' title="bbox 161 1344 1803 1545">
     <span class='ocr_line' id='line_1_17' title="bbox 250 1344 1801 1406; baseline -0.001 -14"><span class='ocrx_word' id='word_1_105' title='bbox 250 1359 326 1406; x_wconf 85' lang='lat'><strong>49.</strong></span> <span class='ocrx_word' id='word_1_106' title='bbox 392 1349 446 1392; x_wconf 89' lang='lat' dir='ltr'><strong>P.</strong></span> <span class='ocrx_word' id='word_1_107' title='bbox 470 1347 700 1391; x_wconf 91' lang='lat' dir='ltr'><strong>Henricus</strong></span> <span class='ocrx_word' id='word_1_108' title='bbox 722 1344 980 1391; x_wconf 85' lang='lat' dir='ltr'><strong>Dulkenius</strong></span> <span class='ocrx_word' id='word_1_109' title='bbox 1005 1350 1015 1369; x_wconf 86' lang='lat'>¹</span> <span class='ocrx_word' id='word_1_110' title='bbox 1038 1355 1189 1404; x_wconf 89' lang='lat' dir='ltr'><strong>potest</strong></span> <span class='ocrx_word' id='word_1_111' title='bbox 1209 1363 1346 1392; x_wconf 90' lang='lat' dir='ltr'><strong>vnam</strong></span> <span class='ocrx_word' id='word_1_112' title='bbox 1362 1347 1605 1391; x_wconf 90' lang='lat' dir='ltr'><strong>lectionem</strong></span> <span class='ocrx_word' id='word_1_113' title='bbox 1623 1348 1801 1391; x_wconf 90' lang='lat' dir='ltr'><strong>theolo-</strong></span> 
     </span>
     <span class='ocr_line' id='line_1_18' title="bbox 165 1423 1803 1482; baseline -0.001 -14"><span class='ocrx_word' id='word_1_114' title='bbox 165 1423 272 1482; x_wconf 88' lang='lat' dir='ltr'><strong>giae</strong></span> <span class='ocrx_word' id='word_1_115' title='bbox 290 1424 466 1477; x_wconf 90' lang='lat' dir='ltr'><strong>audire,</strong></span> <span class='ocrx_word' id='word_1_116' title='bbox 489 1424 528 1467; x_wconf 88' lang='lat' dir='ltr'><strong>si</strong></span> <span class='ocrx_word' id='word_1_117' title='bbox 554 1438 646 1468; x_wconf 91' lang='lat' dir='ltr'><strong>non</strong></span> <span class='ocrx_word' id='word_1_118' title='bbox 667 1425 883 1469; x_wconf 88' lang='lat' dir='ltr'><strong>afferetur</strong></span> <span class='ocrx_word' id='word_1_119' title='bbox 910 1423 1289 1481; x_wconf 88' lang='lat' dir='ltr'><strong>impedimentum</strong></span> <span class='ocrx_word' id='word_1_120' title='bbox 1318 1439 1430 1469; x_wconf 88' lang='lat' dir='ltr'><strong>suae</strong></span> <span class='ocrx_word' id='word_1_121' title='bbox 1457 1424 1728 1481; x_wconf 89' lang='lat' dir='ltr'><strong>professioni</strong></span> <span class='ocrx_word' id='word_1_122' title='bbox 1755 1432 1803 1467; x_wconf 89' lang='lat' dir='ltr'><strong>et</strong></span> 
     </span>
     <span class='ocr_line' id='line_1_19' title="bbox 161 1500 331 1545; baseline 0 -1"><span class='ocrx_word' id='word_1_123' title='bbox 161 1500 331 1545; x_wconf 90' lang='lat' dir='ltr'><strong>officio.</strong></span> 
     </span>
    </p>

    <p class='ocr_par' dir='ltr' id='par_1_10' title="bbox 157 1577 1800 1708">
     <span class='ocr_line' id='line_1_20' title="bbox 157 1577 1800 1640; baseline 0 -19"><span class='ocrx_word' id='word_1_124' title='bbox 157 1636 162 1640; x_wconf 93' lang='lat'>.</span> <span class='ocrx_word' id='word_1_125' title='bbox 252 1588 325 1633; x_wconf 85' lang='lat'><strong>50.</strong></span> <span class='ocrx_word' id='word_1_126' title='bbox 390 1577 556 1622; x_wconf 88' lang='lat' dir='ltr'><strong>Visitet</strong></span> <span class='ocrx_word' id='word_1_127' title='bbox 583 1579 721 1622; x_wconf 89' lang='lat' dir='ltr'><strong>Pater</strong></span> <span class='ocrx_word' id='word_1_128' title='bbox 750 1578 1050 1635; x_wconf 90' lang='lat' dir='ltr'><strong>prouintialis,</strong></span> <span class='ocrx_word' id='word_1_129' title='bbox 1083 1593 1220 1634; x_wconf 88' lang='lat' dir='ltr'><strong>quam</strong></span> <span class='ocrx_word' id='word_1_130' title='bbox 1252 1578 1447 1636; x_wconf 88' lang='lat' dir='ltr'><strong>primum</strong></span> <span class='ocrx_word' id='word_1_131' title='bbox 1485 1578 1677 1630; x_wconf 88' lang='lat' dir='ltr'><strong>venerit,</strong></span> <span class='ocrx_word' id='word_1_132' title='bbox 1718 1593 1800 1622; x_wconf 92' lang='lat' dir='ltr'><strong>cu-</strong></span> 
     </span>
     <span class='ocr_line' id='line_1_21' title="bbox 161 1640 760 1708; baseline 0.002 -10"><span class='ocrx_word' id='word_1_133' title='bbox 161 1640 334 1708; x_wconf 58' lang='lat' dir='ltr'><strong>bicu1a.</strong></span> <span class='ocrx_word' id='word_1_134' title='bbox 354 1654 523 1698; x_wconf 79' lang='lat' dir='ltr'><strong>scrinia</strong></span> <span class='ocrx_word' id='word_1_135' title='bbox 541 1662 588 1699; x_wconf 80' lang='lat' dir='ltr'><strong>et</strong></span> <span class='ocrx_word' id='word_1_136' title='bbox 607 1655 760 1699; x_wconf 74' lang='lat' dir='ltr'><strong>fibros.</strong></span> 
     </span>
    </p>

    <p class='ocr_par' dir='ltr' id='par_1_11' title="bbox 161 1731 1801 1865">
     <span class='ocr_line' id='line_1_22' title="bbox 252 1731 1801 1787; baseline 0.001 -13"><span class='ocrx_word' id='word_1_137' title='bbox 252 1741 325 1786; x_wconf 88' lang='lat'><strong>51.</strong></span> <span class='ocrx_word' id='word_1_138' title='bbox 391 1731 589 1775; x_wconf 90' lang='lat' dir='ltr'><strong>Mathias</strong></span> <span class='ocrx_word' id='word_1_139' title='bbox 610 1731 897 1776; x_wconf 87' lang='lat' dir='ltr'><strong>contineatur</strong></span> <span class='ocrx_word' id='word_1_140' title='bbox 917 1732 964 1775; x_wconf 91' lang='lat' dir='ltr'><strong>in</strong></span> <span class='ocrx_word' id='word_1_141' title='bbox 986 1747 1070 1776; x_wconf 93' lang='lat' dir='ltr'><strong>sua</strong></span> <span class='ocrx_word' id='word_1_142' title='bbox 1089 1733 1234 1777; x_wconf 86' lang='lat' dir='ltr'><strong>classe</strong></span> <span class='ocrx_word' id='word_1_143' title='bbox 1260 1734 1349 1776; x_wconf 93' lang='lat' dir='ltr'><strong>hoc</strong></span> <span class='ocrx_word' id='word_1_144' title='bbox 1377 1747 1515 1787; x_wconf 91' lang='lat' dir='ltr'><strong>anno,</strong></span> <span class='ocrx_word' id='word_1_145' title='bbox 1544 1734 1628 1778; x_wconf 92' lang='lat' dir='ltr'><strong>sed</strong></span> <span class='ocrx_word' id='word_1_146' title='bbox 1654 1732 1801 1776; x_wconf 89' lang='lat' dir='ltr'><strong>discat</strong></span> 
     </span>
     <span class='ocr_line' id='line_1_23' title="bbox 161 1807 678 1865; baseline 0 -13"><span class='ocrx_word' id='word_1_147' title='bbox 161 1807 386 1865; x_wconf 88' lang='lat' dir='ltr'><strong>poeticam</strong></span> <span class='ocrx_word' id='word_1_148' title='bbox 405 1808 678 1865; x_wconf 92' lang='lat' dir='ltr'><strong>paulatim...</strong></span> 
     </span>
    </p>

    <p class='ocr_par' dir='ltr' id='par_1_12' title="bbox 161 1885 1801 2020">
     <span class='ocr_line' id='line_1_24' title="bbox 253 1885 1801 1942; baseline 0.001 -14"><span class='ocrx_word' id='word_1_149' title='bbox 253 1895 325 1940; x_wconf 82' lang='grc'><strong>54.</strong></span> <span class='ocrx_word' id='word_1_150' title='bbox 390 1885 602 1942; x_wconf 90' lang='lat' dir='ltr'><strong>Accipiat</strong></span> <span class='ocrx_word' id='word_1_151' title='bbox 623 1893 771 1931; x_wconf 89' lang='lat' dir='ltr'><strong>rector</strong></span> <span class='ocrx_word' id='word_1_152' title='bbox 786 1887 1020 1931; x_wconf 89' lang='lat' dir='ltr'><strong>decretum</strong></span> <span class='ocrx_word' id='word_1_153' title='bbox 1037 1887 1053 1908; x_wconf 71' lang='lat'><em>³</em></span> <span class='ocrx_word' id='word_1_154' title='bbox 1071 1887 1130 1931; x_wconf 91' lang='lat' dir='ltr'><strong>de</strong></span> <span class='ocrx_word' id='word_1_155' title='bbox 1145 1894 1279 1931; x_wconf 85' lang='lat' dir='ltr'><strong>aucta</strong></span> <span class='ocrx_word' id='word_1_156' title='bbox 1299 1887 1504 1932; x_wconf 89' lang='lat' dir='ltr'><strong>oratione</strong></span> <span class='ocrx_word' id='word_1_157' title='bbox 1524 1902 1552 1930; x_wconf 89' lang='lat' dir='ltr'><strong>a</strong></span> <span class='ocrx_word' id='word_1_158' title='bbox 1573 1887 1688 1930; x_wconf 91' lang='lat' dir='ltr'><strong>Rdo.</strong></span> <span class='ocrx_word' id='word_1_159' title='bbox 1711 1888 1801 1930; x_wconf 85' lang='lat' dir='ltr'><strong>Pa-</strong></span> 
     </span>
     <span class='ocr_line' id='line_1_25' title="bbox 161 1961 661 2020; baseline 0.006 -15"><span class='ocrx_word' id='word_1_160' title='bbox 161 1969 231 2007; x_wconf 88' lang='lat' dir='ltr'><strong>tre</strong></span> <span class='ocrx_word' id='word_1_161' title='bbox 250 1961 661 2020; x_wconf 82' lang='lat' dir='ltr'><strong>vice-provinciali.</strong></span> 
     </span>
    </p>

    <p class='ocr_par' dir='ltr' id='par_1_13' title="bbox 160 2024 1798 2173">
     <span class='ocr_line' id='line_1_26' title="bbox 251 2024 1798 2098; baseline 0 -16"><span class='ocrx_word' id='word_1_162' title='bbox 251 2049 324 2094; x_wconf 86' lang='lat'><strong>55.</strong></span> <span class='ocrx_word' id='word_1_163' title='bbox 388 2039 660 2084; x_wconf 88' lang='lat' dir='ltr'><strong>Sacerdotes</strong></span> <span class='ocrx_word' id='word_1_164' title='bbox 682 2047 884 2097; x_wconf 88' lang='lat' dir='ltr'><strong>tempore</strong></span> <span class='ocrx_word' id='word_1_165' title='bbox 910 2039 1129 2085; x_wconf 89' lang='lat' dir='ltr'><strong>orationis</strong></span> <span class='ocrx_word' id='word_1_166' title='bbox 1159 2055 1251 2084; x_wconf 90' lang='lat' dir='ltr'><strong>non</strong></span> <span class='ocrx_word' id='word_1_167' title='bbox 1277 2041 1437 2098; x_wconf 88' lang='lat' dir='ltr'><strong>legant</strong></span> <span class='ocrx_word' id='word_1_168' title='bbox 1464 2024 1679 2093; x_wconf 79' lang='lat' dir='ltr'><strong>officium,</strong></span> <span class='ocrx_word' id='word_1_169' title='bbox 1712 2039 1798 2083; x_wconf 88' lang='lat' dir='ltr'><strong>nisi</strong></span> 
     </span>
     <span class='ocr_line' id='line_1_27' title="bbox 160 2115 1551 2173; baseline 0.001 -14"><span class='ocrx_word' id='word_1_170' title='bbox 160 2115 351 2160; x_wconf 76' lang='lat' dir='ltr'><strong>fecerint</strong></span> <span class='ocrx_word' id='word_1_171' title='bbox 369 2115 498 2172; x_wconf 86' lang='lat' dir='ltr'><strong>prius</strong></span> <span class='ocrx_word' id='word_1_172' title='bbox 518 2131 597 2173; x_wconf 91' lang='lat' dir='ltr'><strong>per</strong></span> <span class='ocrx_word' id='word_1_173' title='bbox 617 2117 812 2160; x_wconf 89' lang='lat' dir='ltr'><strong>mediam</strong></span> <span class='ocrx_word' id='word_1_174' title='bbox 834 2118 993 2161; x_wconf 88' lang='lat' dir='ltr'><strong>horam</strong></span> <span class='ocrx_word' id='word_1_175' title='bbox 1014 2116 1266 2161; x_wconf 90' lang='lat' dir='ltr'><strong>orationem</strong></span> <span class='ocrx_word' id='word_1_176' title='bbox 1288 2118 1551 2162; x_wconf 86' lang='lat' dir='ltr'><strong>mentalem.</strong></span> 
     </span>
    </p>

    <p class='ocr_par' dir='ltr' id='par_1_14' title="bbox 160 2188 1797 2322">
     <span class='ocr_line' id='line_1_28' title="bbox 249 2188 1797 2252; baseline 0.001 -16"><span class='ocrx_word' id='word_1_177' title='bbox 249 2193 322 2247; x_wconf 87' lang='lat'><strong>56.</strong></span> <span class='ocrx_word' id='word_1_178' title='bbox 386 2194 464 2237; x_wconf 93' lang='lat' dir='ltr'><strong>Ad</strong></span> <span class='ocrx_word' id='word_1_179' title='bbox 485 2207 672 2238; x_wconf 90' lang='lat' dir='ltr'><strong>munera</strong></span> <span class='ocrx_word' id='word_1_180' title='bbox 694 2195 874 2250; x_wconf 88' lang='lat' dir='ltr'><strong>publica</strong></span> <span class='ocrx_word' id='word_1_181' title='bbox 900 2194 1211 2239; x_wconf 87' lang='lat' dir='ltr'><strong>vniuersitatis</strong></span> <span class='ocrx_word' id='word_1_182' title='bbox 1232 2188 1308 2240; x_wconf 84' lang='lat' dir='ltr'><strong>eat</strong></span> <span class='ocrx_word' id='word_1_183' title='bbox 1327 2203 1518 2252; x_wconf 90' lang='lat' dir='ltr'><strong>vterque</strong></span> <span class='ocrx_word' id='word_1_184' title='bbox 1535 2195 1797 2251; x_wconf 80' lang='lat' dir='ltr'><strong>theologus,</strong></span> 
     </span>
     <span class='ocr_line' id='line_1_29' title="bbox 160 2268 1017 2322; baseline 0.001 -9"><span class='ocrx_word' id='word_1_185' title='bbox 160 2268 200 2313; x_wconf 91' lang='lat' dir='ltr'><strong>si</strong></span> <span class='ocrx_word' id='word_1_186' title='bbox 218 2282 459 2314; x_wconf 89' lang='lat' dir='ltr'><strong>necessum</strong></span> <span class='ocrx_word' id='word_1_187' title='bbox 481 2270 616 2314; x_wconf 84' lang='lat' dir='ltr'><strong>fuerit</strong></span> <span class='ocrx_word' id='word_1_188' title='bbox 637 2271 710 2315; x_wconf 90' lang='lat' dir='ltr'><strong>vel</strong></span> <span class='ocrx_word' id='word_1_189' title='bbox 731 2279 1017 2322; x_wconf 87' lang='lat' dir='ltr'><strong>consuetum.</strong></span> 
     </span>
    </p>
   </div>
   <div class='ocr_carea' id='block_1_5' title="bbox 168 2373 449 2381">
    <p class='ocr_par' dir='ltr' id='par_1_15' title="bbox 168 2373 449 2381">
     <span class='ocr_line' id='line_1_30' title="bbox 168 2373 449 2381; baseline 0 1089"><span class='ocrx_word' id='word_1_190' title='bbox 168 2373 449 2381; x_wconf 95' lang='lat' dir='ltr'><strong> </strong></span> 
     </span>
    </p>
   </div>
   <div class='ocr_carea' id='block_1_6' title="bbox 155 2429 1799 2714">
    <p class='ocr_par' dir='ltr' id='par_1_16' title="bbox 155 2429 1799 2657">
     <span class='ocr_line' id='line_1_31' title="bbox 234 2429 1795 2479; baseline 0 -15"><span class='ocrx_word' id='word_1_191' title='bbox 234 2430 246 2450; x_wconf 88' lang='lat'>¹</span> <span class='ocrx_word' id='word_1_192' title='bbox 294 2429 433 2476; x_wconf 54' lang='lat' dir='ltr'><strong>{Estne</strong></span> <span class='ocrx_word' id='word_1_193' title='bbox 450 2429 514 2465; x_wconf 90' lang='lat' dir='ltr'><strong>hic</strong></span> <span class='ocrx_word' id='word_1_194' title='bbox 531 2430 689 2466; x_wconf 89' lang='lat' dir='ltr'><strong>Dulken</strong></span> <span class='ocrx_word' id='word_1_195' title='bbox 707 2442 808 2466; x_wconf 89' lang='lat' dir='ltr'><strong>unus</strong></span> <span class='ocrx_word' id='word_1_196' title='bbox 832 2430 1015 2478; x_wconf 88' lang='lat' dir='ltr'><strong>idemque</strong></span> <span class='ocrx_word' id='word_1_197' title='bbox 1037 2442 1128 2467; x_wconf 90' lang='lat' dir='ltr'><strong>cum</strong></span> <span class='ocrx_word' id='word_1_198' title='bbox 1152 2431 1234 2477; x_wconf 89' lang='lat' dir='ltr'><strong>illo,</strong></span> <span class='ocrx_word' id='word_1_199' title='bbox 1252 2431 1303 2467; x_wconf 90' lang='lat' dir='ltr'><strong>de</strong></span> <span class='ocrx_word' id='word_1_200' title='bbox 1319 2443 1397 2479; x_wconf 89' lang='lat' dir='ltr'><strong>quo</strong></span> <span class='ocrx_word' id='word_1_201' title='bbox 1421 2432 1461 2467; x_wconf 90' lang='lat' dir='ltr'><strong>in</strong></span> <span class='ocrx_word' id='word_1_202' title='bbox 1485 2431 1663 2478; x_wconf 85' lang='lat' dir='ltr'><strong>epistola,</strong></span> <span class='ocrx_word' id='word_1_203' title='bbox 1684 2429 1795 2466; x_wconf 88' lang='lat' dir='ltr'><strong>Colo-</strong></span> 
     </span>
     <span class='ocr_line' id='line_1_32' title="bbox 160 2485 1797 2545; baseline 0.001 -23"><span class='ocrx_word' id='word_1_204' title='bbox 160 2485 225 2523; x_wconf 84' lang='lat' dir='ltr'><strong>nia</strong></span> <span class='ocrx_word' id='word_1_205' title='bbox 240 2487 370 2545; x_wconf 54' lang='lat' dir='ltr'><strong>bjulii</strong></span> <span class='ocrx_word' id='word_1_206' title='bbox 391 2487 482 2533; x_wconf 85' lang='lat'>1563</span> <span class='ocrx_word' id='word_1_207' title='bbox 497 2488 604 2535; x_wconf 89' lang='lat' dir='ltr'><strong>data,</strong></span> <span class='ocrx_word' id='word_1_208' title='bbox 620 2489 763 2525; x_wconf 89' lang='lat' dir='ltr'><strong>dicitur</strong></span> <span class='ocrx_word' id='word_1_209' title='bbox 780 2490 992 2536; x_wconf 85' lang='lat' dir='ltr'><strong>«Magister</strong></span> <span class='ocrx_word' id='word_1_210' title='bbox 1009 2491 1205 2527; x_wconf 89' lang='lat' dir='ltr'><strong>Henricus</strong></span> <span class='ocrx_word' id='word_1_211' title='bbox 1223 2491 1382 2527; x_wconf 89' lang='lat' dir='ltr'><strong>Dulken</strong></span> <span class='ocrx_word' id='word_1_212' title='bbox 1404 2490 1595 2538; x_wconf 83' lang='lat' dir='ltr'><strong>primitias</strong></span> <span class='ocrx_word' id='word_1_213' title='bbox 1620 2501 1710 2525; x_wconf 90' lang='lat' dir='ltr'><strong>suas</strong></span> <span class='ocrx_word' id='word_1_214' title='bbox 1736 2500 1797 2524; x_wconf 89' lang='lat' dir='ltr'><strong>ce-</strong></span> 
     </span>
     <span class='ocr_line' id='line_1_33' title="bbox 155 2546 1799 2597; baseline 0 -15"><span class='ocrx_word' id='word_1_215' title='bbox 155 2546 327 2583; x_wconf 80' lang='lat' dir='ltr'><strong>lebravit</strong></span> <span class='ocrx_word' id='word_1_216' title='bbox 344 2547 430 2595; x_wconf 85' lang='lat' dir='ltr'><strong>ipso</strong></span> <span class='ocrx_word' id='word_1_217' title='bbox 445 2547 510 2584; x_wconf 88' lang='lat' dir='ltr'><strong>die</strong></span> <span class='ocrx_word' id='word_1_218' title='bbox 528 2548 574 2584; x_wconf 87' lang='lat' dir='ltr'><strong>S.</strong></span> <span class='ocrx_word' id='word_1_219' title='bbox 597 2548 787 2594; x_wconf 89' lang='lat' dir='ltr'><strong>Johannis</strong></span> <span class='ocrx_word' id='word_1_220' title='bbox 804 2548 1018 2595; x_wconf 85' lang='lat' dir='ltr'><strong>baptiste»?</strong></span> <span class='ocrx_word' id='word_1_221' title='bbox 1032 2549 1097 2586; x_wconf 86' lang='lat' dir='ltr'><strong>Cf.</strong></span> <span class='ocrx_word' id='word_1_222' title='bbox 1115 2551 1309 2597; x_wconf 72' lang='lat' dir='ltr'><strong>HANSEN,</strong></span> <span class='ocrx_word' id='word_1_223' title='bbox 1329 2551 1563 2586; x_wconf 79' lang='lat' dir='ltr'><strong>Rheinische</strong></span> <span class='ocrx_word' id='word_1_224' title='bbox 1582 2550 1710 2584; x_wconf 82' lang='lat' dir='ltr'><strong>Akten</strong></span> <span class='ocrx_word' id='word_1_225' title='bbox 1725 2560 1799 2582; x_wconf 83' lang='lat' dir='ltr'><strong>zur</strong></span> 
     </span>
     <span class='ocr_line' id='line_1_34' title="bbox 162 2605 1282 2657; baseline 0.003 -15"><span class='ocrx_word' id='word_1_226' title='bbox 162 2605 387 2643; x_wconf 70' lang='lat' dir='ltr'><strong>Goechichte</strong></span> <span class='ocrx_word' id='word_1_227' title='bbox 404 2608 813 2654; x_wconf 79' lang='lat' dir='ltr'><strong>dessesuitenordens</strong></span> <span class='ocrx_word' id='word_1_228' title='bbox 830 2609 1069 2654; x_wconf 82' lang='lat'><strong>1542-1582‚</strong></span> <span class='ocrx_word' id='word_1_229' title='bbox 1089 2621 1177 2657; x_wconf 88' lang='lat' dir='ltr'><strong>pag.</strong></span> <span class='ocrx_word' id='word_1_230' title='bbox 1197 2618 1282 2655; x_wconf 82' lang='lat'>475.</span> 
     </span>
    </p>

    <p class='ocr_par' dir='ltr' id='par_1_17' title="bbox 230 2665 965 2714">
     <span class='ocr_line' id='line_1_35' title="bbox 230 2665 965 2714; baseline 0.005 -14"><span class='ocrx_word' id='word_1_231' title='bbox 230 2667 246 2687; x_wconf 72' lang='lat'><strong>²</strong></span> <span class='ocrx_word' id='word_1_232' title='bbox 295 2665 396 2701; x_wconf 88' lang='lat' dir='ltr'><strong>Vide</strong></span> <span class='ocrx_word' id='word_1_233' title='bbox 412 2677 543 2714; x_wconf 84' lang='lat' dir='ltr'><strong>supra,</strong></span> <span class='ocrx_word' id='word_1_234' title='bbox 562 2678 653 2714; x_wconf 88' lang='lat' dir='ltr'><strong>pag.</strong></span> <span class='ocrx_word' id='word_1_235' title='bbox 673 2676 757 2714; x_wconf 88' lang='lat'>250,</span> <span class='ocrx_word' id='word_1_236' title='bbox 776 2674 909 2704; x_wconf 85' lang='lat' dir='ltr'><strong>annot.</strong></span> <span class='ocrx_word' id='word_1_237' title='bbox 932 2676 965 2704; x_wconf 82' lang='grc' dir='ltr'><strong>Ι.</strong></span> 
     </span>
    </p>
   </div>
  </div>
 </body>
</html>
