2098 3470
658 219 996 256 Amor-arnonas
1022 217 1349 261 communiis-64
1705 216 1775 260 625

194 321 272 363 tim
302 334 406 364 cum
434 320 759 374 ecclesiastico,
785 320 863 364 ubi
891 327 910 346 ⁸
937 318 1132 375 qualitas
1167 332 1389 375 personae
1417 319 1474 360 ad
1507 318 1551 360 id
1588 318 1818 369 inuitaret;

193 399 283 458 hoc
305 396 426 440 enim
454 411 796 453 nonnumquam
818 398 967 442 facere
987 396 1162 440 solebat
1181 397 1234 438 P.
1260 394 1484 452 Ignatius,
1519 396 1640 450 quod
1670 403 1820 438 tamen

191 473 496 531 cicumspecte
518 482 589 518 est
610 474 895 518 imitandum.
917 475 1048 518 Esset
1065 473 1201 516 etiam
1223 473 1268 515 in
1292 471 1448 528 primis
1471 472 1581 516 utile
1598 471 1631 524 b,
1658 473 1694 515 si
1718 487 1822 514 cum

191 565 370 594 summo
391 550 606 607 pontifice
629 551 906 595 familiariter
922 550 1058 595 etiam
1077 550 1134 593 de
1151 550 1289 593 rebus
1306 548 1563 592 intrinsecis
1581 548 1823 594 Societatis

192 641 246 671 ac
267 626 511 670 dificilibus
540 628 615 685 agi
644 635 816 684 posset,
841 629 912 672 vel
941 642 1044 671 cum
1083 642 1174 670 uno
1212 634 1291 670 aut
1328 627 1471 669 altero
1507 626 1741 677 cardinali3
1767 639 1821 668 ex

193 710 290 747 toto
311 703 506 760 collegio
528 704 775 748 lectissimo
796 712 829 748 0.

969 834 1051 879 84

999 929 1023 965 †

946 966 1067 1010 Ihus.

191 1079 567 1111 ANNOTArloNEs
599 1081 863 1112 COMMUNES
890 1081 1170 1112 coLLEcrAE
1194 1081 1254 1111 Ex
1279 1081 1369 1111 vsu
1393 1079 1745 1110 VISITATIONUM
1769 1063 1786 1088 d
1815 1067 1822 1085 ¹

280 1168 541 1223 Antequam
566 1169 731 1213 dentur
754 1168 889 1212 alicui
909 1175 1018 1213 uota
1038 1167 1242 1211 solennia
1263 1174 1309 1210 et
1331 1168 1387 1211 de
1417 1182 1470 1211 ea
1493 1182 1540 1212 re
1567 1176 1747 1224 agatur3
1780 1165 1824 1208 in

191 1244 324 1287 cuius
345 1252 415 1288 est
435 1251 660 1300 potestate
683 1252 732 1288 ut
754 1245 829 1288 illa
842 1246 1025 1298 dentur,
1049 1244 1088 1288 is
1103 1244 1258 1288 audiat
1273 1244 1606 1289 confessionem
1624 1243 1722 1288 eius
1739 1258 1823 1300 ge-

191 1322 390 1366 neralem
415 1321 554 1365 totius
575 1322 674 1366 eius
697 1322 834 1376 uitae3
859 1337 913 1366 ea
934 1322 1054 1368 enim
1082 1321 1344 1379 cognitione
1367 1321 1434 1364 uti
1462 1321 1644 1378 poterit,
1670 1337 1727 1365 ne
1761 1320 1823 1363 illi

194 1405 301 1442 uota
318 1398 393 1442 illa
405 1400 626 1442 concedat
637 1415 693 1444 ex
710 1400 799 1453 his,
813 1414 930 1456 quae
947 1399 1052 1443 alibi
1062 1399 1259 1442 diximus
1273 1400 1330 1443 de
1348 1413 1432 1443 usu
1450 1398 1569 1442 illius
1585 1398 1775 1442 notitiae
1790 1400 1822 1440 ².

262 1552 280 1570 ε
329 1541 587 1578 Emendatum
607 1554 629 1578 a
654 1542 749 1578 Nat.
774 1554 823 1578 ex
847 1543 913 1578 ubi
935 1543 1194 1589 praesertim.
1245 1544 1313 1570 —b
1341 1541 1599 1578 Emendatum
1618 1553 1640 1577 a
1667 1543 1758 1577 Nat.
1779 1553 1828 1577 ex

192 1601 344 1636 Romae
360 1600 483 1636 etiam
501 1604 599 1637 esset
616 1602 659 1637 in
673 1602 825 1649 primis
842 1600 954 1637 utile.
1005 1610 1068 1629 ..c
1086 1601 1271 1648 Sequitur
1288 1601 1432 1648 duplex
1451 1602 1715 1648 paragraphus
1733 1601 1828 1636 obli·

192 1664 358 1696 teratus.
415 1661 480 1687 —d
506 1660 583 1695 Hic
601 1659 738 1696 titulus
756 1668 818 1696 est
835 1665 986 1707 autogr.
1006 1660 1171 1696 Natalis.

264 1787 275 1808 ¹
325 1785 384 1820 Ex
402 1785 629 1832 archetypo.
649 1785 800 1821 Natalis
818 1796 934 1820 manu
952 1785 1171 1830 emendato,
1187 1784 1227 1821 in
1248 1783 1342 1820 Cod.
1374 1786 1498 1821 Vatic.
1517 1785 1554 1828 6,
1572 1785 1640 1820 fol.
1656 1783 1824 1830 324-332.

191 1845 253 1880 De
278 1849 470 1892 tempore,
494 1855 571 1891 quo
593 1845 668 1880 hae
692 1844 964 1880 annotationes
987 1845 1155 1891 scriptae
1177 1850 1282 1891 sunt,
1312 1845 1346 1880 si
1369 1856 1502 1880 earum
1528 1844 1686 1881 titulum
1715 1844 1826 1880 initio

190 1903 361 1951 positum
378 1903 683 1950 consideremus,
705 1910 745 1940 et
762 1903 919 1940 aliunde
937 1915 997 1950 ea,
1011 1915 1111 1951 quae
1127 1903 1230 1940 circa
1248 1903 1365 1940 finem
1383 1904 1437 1940 ait
1452 1904 1616 1950 Natalis,
1634 1910 1701 1939 “ut
1715 1911 1826 1940 curet

188 1963 384 2010 generalis
401 1962 450 1998 ad
467 1974 511 1999 se
529 1963 741 1999 transmitti
757 1974 806 1999 ex
824 1962 977 1999 cunctis
993 1962 1184 2010 collegiis,
1202 1974 1302 2010 quae
1321 1970 1576 1999 extraxerunt
1602 1963 1824 2010 superiores

190 2033 326 2058 omnes
343 2021 604 2069 prouinciales
623 2022 780 2069 quidem
798 2033 846 2057 ex
866 2021 1007 2058 litteris
1026 2022 1074 2057 P.
1098 2021 1256 2068 Ignatii,
1274 2022 1370 2068 suis,
1389 2022 1438 2058 P.
1463 2023 1622 2069 Laynis,
1644 2023 1687 2058 P.
1709 2023 1825 2057 Fran-

189 2082 369 2126 cisci...»;
388 2081 504 2118 facile
522 2082 670 2118 eruitur
689 2082 869 2118 Natalem
892 2083 966 2118 sub
990 2083 1033 2119 P.
1059 2082 1257 2118 Everardo
1273 2082 1528 2118 Mercuriano
1551 2083 1761 2128 collegisse
1787 2089 1826 2117 et

189 2145 365 2177 extrema
383 2152 499 2186 manu
515 2141 682 2176 donasse
705 2141 802 2176 haec
825 2140 1072 2188 documenta,
1095 2152 1196 2189 quae
1216 2141 1260 2177 in
1286 2142 1404 2177 variis
1430 2141 1511 2177 suis
1538 2141 1825 2188 prouinciarum

191 2199 490 2237 lustrationibus
507 2205 776 2236 annotaverat.

260 2262 275 2281 '¹
325 2260 439 2306 Quae
456 2259 496 2295 in
513 2260 586 2295 hoc
603 2260 689 2295 loco
707 2265 748 2295 et
760 2259 856 2295 alias
869 2259 1009 2295 asserit
1023 2259 1173 2296 Natalis
1186 2259 1236 2296 de
1250 2272 1323 2296 usu
1337 2261 1500 2296 notitiae
1514 2272 1563 2296 ex
1578 2260 1824 2296 confessione

191 2319 418 2367 acquisitae,
445 2318 700 2365 intelligenda
725 2323 830 2363 sunt,
852 2329 929 2354 non
952 2319 1001 2354 de
1023 2318 1271 2356 confessione
1294 2319 1410 2366 nuda,
1439 2320 1510 2356 sed
1540 2319 1760 2355 modificata
1787 2326 1825 2354 et

190 2378 411 2426 qualificata
439 2390 508 2425 per
537 2377 795 2414 redditionem
829 2378 990 2414 rationis
1023 2378 1287 2416 conscientiae
1320 2379 1369 2415 ad
1400 2390 1571 2415 normam
1607 2386 1824 2414 nostrarum

190 2437 529 2474 constitutionum.
547 2437 741 2484 Tempore
758 2437 905 2472 etenim
929 2437 1054 2474 Patris
1079 2438 1229 2474 Natalis
1251 2438 1495 2485 grav1ssimis
1522 2438 1715 2484 theologis
1742 2448 1824 2484 pro-

192 2498 358 2533 babatur
382 2496 592 2542 sententia,
617 2507 718 2544 quae
747 2497 924 2543 tenebat,
947 2498 1057 2532 salvo
1079 2496 1210 2544 sigillo
1233 2498 1520 2540 sacramentali,
1538 2498 1641 2544 quod
1666 2497 1822 2544 quidem

193 2555 427 2592 servandum
444 2561 528 2591 erat
544 2567 567 2590 a
584 2555 784 2602 superiore
802 2555 986 2591 audiente
1004 2555 1292 2592 confessionem
1311 2556 1472 2603 subditi,
1499 2568 1614 2604 posse
1635 2556 1742 2591 illum
1770 2555 1825 2590 uti

194 2614 334 2651 notitia
351 2626 400 2651 ex
418 2614 667 2650 confessione
678 2614 811 2650 habita
825 2614 873 2650 ad
891 2614 1038 2650 subditi
1049 2616 1390 2663 gubernationem,
1406 2616 1524 2651 etiam
1541 2623 1755 2662 externam3
1773 2615 1825 2649 ita

193 2681 340 2720 tamen,
359 2679 402 2710 ut
419 2685 535 2710 nemo
552 2673 726 2718 omnine,
743 2679 911 2720 excepto
929 2673 1101 2721 subdito,
1119 2674 1187 2722 qui
1204 2676 1484 2711 conscientiam
1505 2686 1614 2710 suam
1634 2674 1822 2720 superiori

193 2739 411 2781 aperuerat,
430 2732 620 2780 suspicari
634 2737 769 2779 posset
787 2733 934 2780 aliquid
947 2733 1122 2770 exterius
1135 2745 1156 2769 a
1174 2735 1373 2781 superiore
1389 2733 1556 2769 ordinari
1572 2745 1620 2768 ex
1636 2733 1774 2768 notitia
1788 2733 1826 2767 in

193 2791 439 2830 confessione
457 2791 660 2839 acquisita.
681 2792 794 2838 Quae
811 2791 970 2839 quidem
989 2794 1186 2829 sententia
1202 2794 1318 2829 hodie
1337 2804 1493 2840 prorsus
1512 2792 1724 2838 rejicienda
1750 2798 1823 2827 est.

193 2850 254 2890 Cf.
271 2852 316 2887 P.
333 2852 615 2888 AUGUSTJNUM
631 2849 836 2895 OSWALD‚
851 2850 892 2886 S.
908 2851 933 2897 J
938 2877 962 2897 .,
982 2850 1308 2888 Commentarius
1324 2852 1364 2888 in
1381 2853 1509 2887 decem
1522 2855 1660 2897 partes
1677 2850 1827 2886 Consti-

194 2912 395 2948 tutionum
423 2909 630 2947 Societatis
645 2909 762 2956 Jesu,
785 2921 824 2946 n.
850 2908 934 2955 385;
959 2910 1000 2946 S.
1027 2910 1293 2948 Anpnousuu
1313 2913 1363 2946 M.
1392 2920 1447 2946 DE
1474 2911 1662 2955 LlGORIO,
1696 2910 1825 2948 Theol.

193 2970 315 3013 Mor„
341 2970 410 3006 lib.
436 2970 505 3016 VI,
530 2981 568 3006 n.
594 2968 678 3015 6563
704 2969 1181 3012 BALLER1N1·PALM113R1,
1206 2971 1318 3018 Opus
1348 2970 1465 3007 theol.
1495 2970 1654 3011 moral„
1683 2969 1732 3014 V,
1759 2968 1827 3013 377

195 3035 237 3065 et
254 3041 362 3077 seqq.
1361 3076 1366 3082 Α

370 3094 482 3122 Emsr.
506 3093 540 3121 P.
563 3093 698 3127 NADAL,
718 3099 796 3121 τοι.
815 3091 878 3121 IV.
1616 3094 1646 3120 41
