2098 3470
330 297 401 334 272
802 292 958 329 Pums
983 293 1227 330 HmRoNYm
1252 294 1404 330 NADAL

373 391 436 434 Vt
458 390 548 434 sint
571 392 663 435 duo
684 393 865 436 lauacra
887 393 933 436 in
956 394 1195 438 refectorio
1217 409 1299 450 pro
1322 394 1553 439 fratribus.

376 469 455 521 Vt,
482 468 519 512 si
542 484 636 512 non
659 470 717 513 sit
738 471 887 514 oleum
909 463 1117 515 sanctum
1142 486 1222 528 pro
1245 471 1451 524 infirmis,
1476 480 1661 516 curetur
1683 473 1854 517 haberi.

373 546 661 590 Obseruetur
699 553 879 603 tempus
905 547 1137 591 concionis
1175 563 1254 604 per
1286 547 1596 605 horologium,
1626 563 1684 592 ne
1721 550 1921 595 excedat

285 621 480 678 spatium
504 622 640 666 unius
662 624 816 667 horae.

370 698 560 754 Semper
582 698 674 742 sint
691 699 934 744 continuae
957 700 1119 744 missae
1141 700 1187 743 in
1210 701 1340 744 altari
1364 701 1538 751 maiori,
1558 701 1735 746 etiamsi
1753 701 1799 746 in
1817 702 1923 746 aliis

282 773 501 818 altaribus
523 789 615 818 non
637 785 824 832 possent
845 776 950 830 dici,
976 784 1022 820 et
1043 777 1177 820 detur
1208 792 1360 833 opera,
1388 785 1438 821 ut
1466 779 1797 835 protendantur
1827 780 1921 823 sal-

285 858 376 895 tem
400 866 546 907 usque
567 853 624 895 ad
646 853 884 897 decimam.

368 929 439 972 Ne
476 935 628 973 autem
667 928 801 973 simul
829 931 921 973 duo
959 931 1220 974 sacerdotes
1249 931 1563 988 egrediantur,
1594 933 1675 976 sed
1709 946 1815 975 cum
1844 932 1919 975 di-

281 1011 406 1048 ctum
428 1002 596 1063 [fuerit]
619 1005 910 1062 euangelium
934 1006 980 1049 in
1010 1021 1188 1050 summo
1217 1007 1362 1060 altari,
1388 1014 1538 1064 potest
1565 1009 1679 1053 alter
1705 1009 1763 1051 ad
1792 1008 1920 1052 aliud

283 1082 499 1138 egredi...
708 1068 716 1093 Ι

377 1161 577 1203 Possunt
599 1159 786 1204 inuitari
809 1160 958 1215 amici,
984 1168 1030 1205 et
1051 1161 1220 1205 debent
1242 1161 1500 1218 aliquando,
1518 1169 1570 1205 ut
1599 1163 1771 1206 Romae
1797 1163 1916 1208 sole-

284 1237 362 1280 bat
379 1238 433 1279 P.
461 1236 669 1293 Ignatius
691 1238 841 1282 facere
863 1244 908 1282 et
931 1238 1045 1280 solet
1069 1239 1122 1280 P.
1145 1239 1343 1294 Laynez,
1370 1245 1415 1283 et
1437 1238 1533 1283 fien'
1563 1240 1678 1282 solet
1704 1238 1751 1282 in
1778 1239 1920 1283 colle-

286 1312 364 1369 gio
385 1327 590 1357 romano:
614 1314 690 1357 hic
711 1321 861 1358 tamen
885 1316 1106 1359 habeatur
1129 1330 1328 1372 magnus
1349 1317 1552 1360 delectus
1574 1315 1675 1372 quis
1702 1315 1920 1360 inuitabi—

282 1398 372 1444 tur3
399 1397 445 1435 et
466 1390 552 1434 nisi
574 1390 691 1435 adsit
712 1391 1019 1448 prouincialis‚
1046 1391 1123 1447 qui
1146 1392 1290 1448 possit
1320 1393 1562 1449 aliquando
1584 1393 1630 1436 in
1653 1392 1914 1436 cubiculum

281 1466 493 1520 inuitare,
518 1467 835 1511 inuitabuntur
856 1467 903 1510 in
927 1468 1232 1512 refectorium.
1259 1469 1450 1512 Lautius
1468 1469 1649 1526 quidem
1671 1484 1808 1524 quam
1826 1470 1919 1513 fra-

279 1551 371 1587 tres
394 1551 596 1600 possent,
621 1543 756 1588 etiam
787 1546 974 1587 absente
996 1544 1281 1601 prouinciali,
1307 1545 1489 1589 inuitari
1511 1545 1559 1588 in
1588 1545 1830 1590 refectorio
1857 1547 1915 1589 ad

282 1628 379 1663 2.²¹²²
401 1635 623 1674 mensam,
652 1628 716 1674 ut,
741 1620 1018 1665 abeuntibus
1041 1621 1272 1675 fratribus,
1298 1622 1427 1665 finita
1444 1614 1530 1666 ‘sua
1552 1637 1723 1675 mensa,
1744 1622 1822 1679 qui
1839 1637 1919 1667 so·—

280 1698 378 1742 lent
399 1697 446 1740 in
470 1705 537 1741 2.ει
567 1712 726 1742 mensa
755 1699 994 1754 prandere,
1021 1698 1193 1742 diutius
1222 1699 1397 1755 possint
1420 1714 1520 1743 esse
1546 1698 1592 1742 in
1628 1713 1786 1743 mensa
1809 1713 1914 1743 cum

277 1774 558 1831 hospitibUS.

370 1853 467 1895 Nec
490 1852 602 1895 fient
623 1851 931 1905 inuitationes,
957 1853 1032 1895 uel
1055 1867 1159 1896 cum
1183 1852 1240 1896 sit
1262 1852 1424 1908 aliquis
1446 1854 1692 1909 professus,
1718 1853 1792 1901 uel
1809 1867 1916 1896 cum

279 1927 442 1984 aliquis
465 1943 633 1971 nouam
657 1928 838 1972 missam
861 1930 1076 1982 celebret,
1107 1944 1191 1973 nec
1220 1930 1298 1972 ubi
1326 1929 1477 1986 agitur
1506 1930 1671 1973 festum
1700 1929 1915 1973 Circum-

278 2004 466 2048 cisionis
498 2005 573 2049 uel
601 2005 755 2062 templi
786 2006 1033 2060 dedicati03
1067 2005 1231 2062 poterit
1263 2006 1336 2049 his
1369 2006 1530 2050 diebus
1562 2005 1779 2049 fratribus
1815 2006 1916 2049 dari

276 2082 469 2139 amplius
493 2097 634 2126 unum
657 2083 879 2127 ferculum
903 2097 1006 2125 cum
1030 2085 1152 2126 bono
1175 2083 1403 2139 antipasto
1425 2090 1470 2126 et
1493 2084 1635 2126 altero
1656 2090 1911 2139 postpasto.

366 2160 483 2203 Cum
507 2159 668 2215 aliquis
690 2158 910 2202 inuitatur
927 2161 984 2202 ab
1006 2160 1158 2216 aliquo
1175 2159 1320 2203 amico
1337 2167 1382 2203 et
1403 2159 1614 2216 primario
1638 2159 1755 2214 uiro,
1774 2161 1914 2203 modo

280 2251 339 2280 ne
361 2235 645 2291 frequentius
676 2235 722 2278 id
744 2236 839 2289 fiat,
865 2236 1030 2292 poterit
1052 2237 1092 2281 ei
1121 2237 1217 2279 dari
1244 2236 1443 2288 licentia,
1468 2243 1514 2280 et
1542 2236 1709 2289 socius,
1734 2235 1812 2292 qui
1839 2249 1914 2279 re-

276 2312 391 2356 ctori
414 2312 660 2366 uidebitur;
696 2313 776 2355 sed
805 2319 974 2366 tamen,
1007 2313 1045 2356 si
1076 2313 1329 2357 inuitantur
1351 2328 1376 2356 a
1414 2312 1696 2366 mulieribus,
1730 2313 1804 2357 uel
1833 2312 1910 2356 ubi

277 2397 384 2433 sunt
406 2389 634 2439 mulieres,
660 2389 834 2433 etiamsi
857 2389 946 2432 sint
968 2390 1221 2446 primariae,
1241 2390 1316 2433 uel
1337 2390 1375 2433 si
1397 2389 1444 2433 in
1467 2389 1679 2433 conuiuio
1697 2389 1788 2432 sint
1806 2389 1913 2434 illae

278 2467 476 2520 futurae,
501 2466 662 2510 melius
684 2473 753 2510 est
775 2474 825 2509 ut
847 2481 938 2509 non
961 2474 1106 2511 eatur.

365 2542 594 2603 Dabit[ur]
615 2542 751 2586 etiarn
773 2542 954 2586 licentia
976 2543 1152 2587 uisendi
1175 2543 1359 2598 amicos,
1385 2550 1431 2588 et
1453 2550 1503 2586 ut
1525 2542 1698 2599 possint
1726 2542 1816 2586 illic
1838 2542 1907 2585 bi-

277 2622 386 2665 bere
408 2621 657 2664 moderate.

366 2700 592 2741 Poterunt
628 2696 762 2754 etiam
801 2696 917 2739 allici
955 2697 1086 2740 amici
1124 2698 1181 2740 ad
1215 2696 1492 2753 colloquium
1529 2695 1829 2740 domesticum
1863 2702 1913 2740 et

276 2773 677 2818 conuersationem
707 2773 986 2826 familiarem3
1020 2774 1096 2816 ubi
1124 2780 1339 2830 poterunt
1367 2780 1412 2816 et
1449 2772 1631 2815 inuitari
1661 2773 1718 2815 ad
1747 2772 1907 2817 biben-

275 2852 401 2904 dum,
428 2850 504 2893 vbi
525 2849 754 2895 videbitur
776 2863 879 2892 cum
903 2850 1219 2893 aedificatione
1241 2850 1337 2893 fieri
1359 2864 1510 2906 posse.

364 2927 531 2971 Omnia
553 2929 665 2971 haec
687 2926 749 2969 ita
767 2926 982 2969 dicuntur
1001 2934 1045 2971 et
1064 2927 1395 2979 conceduntur,
1417 2933 1468 2968 ut
1485 2926 1625 2969 maior
1641 2927 1819 2969 fructus
1837 2940 1911 2969 ac-

272 3005 465 3061 cipiatur
487 3004 533 3046 in
556 3003 768 3047 iuuandis
790 3003 1027 3046 animabus
1051 3003 1096 3046 in
1121 3003 1191 3046 his
1213 3003 1494 3060 regionibus;
1521 3017 1676 3047 earum
1704 3017 1813 3046 vero
1834 3017 1908 3046 re-

278 3097 377 3124 rum
401 3081 537 3125 iudex
558 3087 656 3125 esto
680 3079 1026 3137 prouincialis...
