2098 3470
244 246 245 249 ¹
286 232 356 277 428
758 235 913 271 PA‘rtus
939 235 1180 271 HtssRONYin
1208 235 1359 271 NADAL

329 334 404 378 Ad
425 334 737 380 confessiones
759 343 887 380 extra
909 337 1092 379 domum
1115 335 1364 380 audiendas
1386 335 1457 382 155
1478 344 1525 380 et
1546 338 1604 381 ad
1632 339 1868 383 ferendum

239 411 540 455 morientibus
562 412 778 455 auxilium
801 428 892 456 non
915 413 997 455 ibit
1020 413 1275 468 quisquam,
1300 428 1391 457 non
1413 421 1599 471 accepta
1622 416 1678 458 ab
1696 430 1752 460 eo
1767 424 1786 442 ²
1802 416 1869 460 fa-

238 488 424 540 cultate,
450 487 535 531 nisi
559 488 603 531 id
625 490 923 534 commisisset
946 489 1109 534 rectori
1131 505 1157 534 a
1178 505 1227 533 se
1250 490 1536 546 peculiariter
1559 491 1798 536 instructo.

328 565 490 620 Neque
512 565 801 621 negotiorum
824 581 962 610 causa
982 567 1117 609 domo
1139 567 1446 623 egredientur,
1473 567 1558 610 nisi
1587 583 1642 612 ex
1674 568 1772 613 eius
1801 570 1866 613 fa-

240 641 426 684 cultate.

329 718 494 761 Nullus
516 719 644 770 ordo,
665 720 817 763 nullus
840 735 952 772 mos,
973 719 1058 763 nisi
1081 734 1135 763 eo
1152 720 1387 776 probante,
1407 727 1624 764 mutetur:
1650 726 1741 764 non
1763 735 1867 778 pro-

238 794 364 837 babit
386 801 538 838 autem
561 796 856 840 mutationem
880 796 993 852 ipse,
1020 796 1105 839 nisi
1127 798 1336 839 consulto
1363 811 1447 840 suo
1475 797 1713 853 superiori,
1744 797 1790 840 in
1821 813 1869 843 re

238 871 503 926 praesertim
527 873 676 928 graui.

330 949 379 991 In
399 949 571 1006 regulis
588 958 667 992 aut
683 949 1084 993 constitutionibus
1101 965 1158 994 ne
1175 950 1461 1005 dispensetur
1478 951 1650 1006 absque
1665 951 1866 996 eiusdem

241 1026 472 1077 facultate,
498 1027 570 1068 vel
599 1026 860 1080 vniuersali‚
886 1027 958 1069 vel
981 1026 1257 1082 particulari.

329 1103 426 1146 Nec
456 1102 555 1147 sine
583 1102 724 1159 ipsius
754 1104 982 1155 facultate,
1013 1104 1172 1146 saltem
1202 1103 1462 1157 vniuersali,
1492 1104 1703 1160 cuiquam
1736 1105 1869 1149 cibus

237 1180 375 1223 detur
396 1180 442 1222 in
457 1180 667 1235 janitoris
689 1180 937 1233 mansione;
966 1165 1140 1222 tantum
1163 1180 1433 1224 eleemosina
1450 1180 1674 1224 ordinaria
1691 1188 1736 1226 et
1753 1196 1868 1237 quo-

243 1256 415 1300 tidiana
439 1257 714 1313 pauperibus
735 1257 830 1300 dari
852 1257 1008 1314 possit.

332 1335 479 1377 Nemo
501 1334 721 1379 inuitetur
741 1337 798 1379 ad
826 1335 1096 1378 sumendum
1124 1335 1274 1377 cibum
1303 1335 1349 1378 in
1378 1335 1615 1380 refectorio
1643 1335 1740 1380 sine
1769 1336 1869 1380 eius

241 1412 472 1463 facultate,
499 1425 582 1455 nec
605 1411 832 1468 dispenset
855 1411 900 1454 in
924 1413 1011 1454 hoc
1034 1411 1411 1467 superintendens
1433 1412 1518 1455 nisi
1546 1411 1788 1465 rarissime,
1821 1419 1867 1455 et

241 1503 346 1531 cum
370 1495 526 1544 aperta
548 1503 689 1532 causa
710 1496 755 1533 et
778 1490 928 1531 fructu
950 1488 1141 1531 alicuius
1164 1489 1399 1532 momenti.
1822 1544 1824 1546 -

329 1566 403 1610 156
433 1566 555 1610 Nihil
579 1567 726 1618 detur,
753 1581 900 1621 neque
922 1566 1162 1618 vendatur,
1195 1580 1344 1621 neque
1365 1565 1614 1622 accipiatur
1634 1568 1691 1609 ab
1712 1573 1864 1610 exter-

239 1643 310 1686 nis
332 1644 431 1699 ipso
454 1643 613 1696 inscio,
640 1643 725 1685 nisi
747 1644 970 1686 habeatur
993 1643 1186 1686 facultas
1208 1643 1255 1685 in
1277 1630 1446 1698 genere
1469 1644 1643 1695 saltem,
1663 1650 1712 1685 vt
1728 1642 1773 1685 in
1792 1657 1866 1690 or—

236 1719 410 1764 dinaria
431 1720 612 1777 collegii
633 1715 910 1776 prouisione,
937 1727 982 1764 et
1003 1721 1141 1764 rebus
1164 1719 1332 1776 paruis,
1352 1721 1432 1762 sed
1449 1720 1505 1763 de
1523 1719 1687 1775 quibus
1704 1719 1867 1776 singu-

235 1797 290 1840 lis
311 1797 545 1840 mensibus
568 1798 624 1840 ad
646 1812 750 1840 eum
774 1798 939 1840 referre
962 1798 1125 1841 debeat
1148 1803 1310 1840 rector.

325 1876 430 1918 Non
451 1874 741 1930 permittatur
762 1882 978 1918 externus
999 1873 1160 1928 aliquis
1182 1874 1367 1916 domurn
1399 1873 1572 1929 ingredi
1599 1873 1697 1917 sine
1725 1873 1868 1930 ipsius

236 1952 468 2004 facultate,
495 1951 581 1993 nisi
599 1952 787 1995 eandem
806 1951 851 1992 in
869 1965 1037 2006 genere
1057 1951 1314 1994 facultatem
1333 1949 1506 1993 dederit
1525 1949 1709 2004 rectori,
1727 1964 1865 2006 quam

235 2043 339 2071 cum
362 2028 503 2080 dabit,
529 2027 706 2071 visendi
728 2028 910 2084 collegii
933 2042 1087 2080 causa,
1114 2027 1302 2071 comites
1331 2027 1560 2070 dabuntur
1589 2026 1645 2079 ei,
1678 2027 1755 2082 qui
1786 2028 1870 2070 ad·

236 2105 447 2158 mittitur,
473 2104 666 2161 probati,
692 2104 767 2161 qui
791 2119 893 2147 eum
917 2105 1164 2147 deducant.

325 2182 423 2226 Nisi
446 2182 502 2226 ex
525 2182 623 2226 eius
645 2195 887 2234 consensu,
913 2181 1172 2224 domesticis
1194 2181 1346 2224 officia
1367 2184 1457 2224 non
1481 2181 1795 2223 mutabuntur.

327 2260 489 2315 Neque
527 2260 783 2303 scholarum
827 2267 1142 2314 praeceptores
1184 2260 1482 2301 mutabuntur
1523 2257 1622 2302 sine
1658 2257 1757 2301 eius
1799 2258 1868 2300 fa-

237 2337 426 2380 cultate.
1555 2387 1559 2392 .

328 2413 593 2457 Studiorum
612 2411 844 2456 renouatio
862 2413 918 2455 ad
934 2412 1380 2468 superintendentem
1399 2411 1636 2468 spectabit,
1658 2412 1871 2454 horarum

237 2505 348 2533 vero
376 2490 583 2542 mutatio,
615 2497 661 2532 et
689 2489 877 2544 quaeuis
906 2489 991 2533 alia
1019 2504 1090 2532 res
1118 2497 1198 2532 aut
1220 2490 1332 2532 ordo
1357 2489 1663 2540 renouandus,
1687 2488 1726 2531 si
1753 2487 1872 2531 ordi-

172 2618 174 2620 Υ
238 2567 366 2610 naria
388 2567 446 2610 sit
470 2567 660 2609 mutatio
681 2567 754 2610 vel
775 2566 1029 2619 renouatio,
1050 2581 1148 2611 eam
1167 2566 1301 2609 faciet
1318 2566 1389 2611 157
1408 2565 1588 2620 quidem
1608 2571 1772 2618 rector,
1791 2565 1873 2609 sed

238 2644 472 2687 admonito
493 2642 902 2699 superintendenti.

328 2721 404 2764 Ad
426 2735 531 2764 eum
555 2735 738 2776 quoque
765 2720 989 2775 spectabit
1016 2719 1205 2763 directio
1228 2727 1273 2764 et
1295 2720 1408 2762 ordo
1430 2718 1676 2762 lectionum
1705 2725 1750 2762 et
1778 2717 1872 2761 dis-

235 2798 546 2854 putationum,
573 2798 695 2853 quod
716 2796 893 2840 curabit
916 2812 995 2852 per
1017 2797 1297 2853 praefectum
1321 2796 1600 2847 studiorum,

330 2875 509 2919 Literae
531 2889 705 2928 omnes,
731 2888 847 2930 quae
875 2874 1159 2925 adferuntur,
1191 2873 1387 2929 primum
1416 2873 1458 2917 ei
1489 2873 1742 2925 tradantur,
1774 2872 1872 2929 ipse

237 2966 349 2996 *vero
371 2966 448 2995 eas
470 2951 634 2996 rectori
655 2951 875 3008 legendas
896 2951 1005 2994 dare
1028 2950 1212 3007 poterit.

312 3057 329 3073 a
379 3058 426 3081 ea
446 3057 519 3083 mS.

2071 0 2098 18 Vll

2085 22 2098 33 „
