2098 3470
365 267 378 293 1
387 269 407 303 4
533 275 538 279 ·
936 258 1115 295 ΝοτιΤιΑ
1143 267 1330 294 CODICUM

313 362 379 399 dal
400 361 632 399 declarabat
652 362 961 399 constitutiones
980 362 1164 409 personis
1184 361 1330 398 domus
1352 365 1391 397 et
1411 360 1452 398 P.
1475 360 1652 398 Polanco
1668 366 1753 399 erat
1768 367 1943 400 secreta-

314 434 408 478 rius,
428 438 667 481 procurator
685 438 725 470 et
744 433 1054 470 thesaurarius.»
1077 432 1199 468 Foliis
1226 441 1266 477 13
1297 432 1455 479 scriptis
1475 436 1646 477 constat,
1666 443 1839 479 quorum
1865 419 1942 470 seit

316 505 448 552 priora
463 508 620 541 tantum
636 505 792 553 signata
809 508 902 541 sunt
916 504 955 540 in
972 515 1041 540 ora
1061 503 1248 540 inferiori.
1271 501 1483 538 Praecedit
1496 501 1646 548 folium,
1666 503 1706 540 in
1727 514 1809 550 quo
1828 504 1943 550 haec,

314 575 468 612 Natalis
488 586 622 620 manu,
642 574 850 622 inscriptio
871 579 1037 611 exarata
1057 579 1129 610 est:
1153 573 1382 620 «Antiquae
1402 573 1578 622 regulae,
1598 578 1699 610 etc.»
1723 573 1838 622 Quae
1854 575 1942 622 qui-

312 645 407 682 dem
426 646 632 693 inscriptio
652 657 734 682 non
755 644 861 682 bene
891 645 1114 682 concordat
1133 656 1225 681 cum
1251 644 1310 690 iis,
1337 655 1443 691 quae
1470 644 1509 680 in
1536 645 1614 681 hoc
1644 644 1789 682 codice
1813 646 1942 683 conti-

312 722 469 763 nentur3
490 728 571 754 non
593 717 700 753 enirn
719 717 882 766 regulae
903 721 1008 762 sunt,
1029 715 1100 752 sed
1122 715 1354 751 memoriale
1374 715 1583 762 quoddam
1608 726 1741 752 rerum
1765 716 1941 764 particu-

312 788 466 834 larium,
486 789 525 824 in
546 788 705 836 praxim
725 787 776 824 ad
797 787 1008 825 Societatis
1028 786 1364 836 gubernationem
1383 785 1708 835 redigendarum.
1729 785 1846 835 Quae
1865 787 1941 825 sub
1989 803 2001 809 -

313 860 391 896 hoc
412 870 581 896 numero
603 859 625 896 8
647 859 915 904 continentur,
935 858 1078 906 partim
1098 869 1121 894 a
1142 858 1182 894 P.
1205 857 1349 903 Natali,
1369 857 1513 912 partim
1533 869 1556 894 a
1577 857 1618 894 P.
1637 857 1828 904 Polanco,
1843 869 1942 896 con-

313 931 461 978 scripta
481 934 585 968 sunt.
604 930 722 978 Quae
738 941 761 966 a
781 929 847 967 fol.
875 939 914 966 1r
934 929 984 966 ad
1007 928 1057 965 ὃν
1079 928 1342 975 reperiuntur,
1363 927 1518 965 Natalis
1534 939 1624 965 esse
1638 928 1839 975 videntur,
1858 941 1941 967 non

1928 860 1948 874 θ

294 1006 447 1042 ,tamen
468 1001 592 1048 ipsius
613 1012 749 1046 manu,
771 1001 843 1037 sed
873 1000 1230 1045 librarii‚‘exarata.
1258 999 1427 1046 Reliqua
1449 1005 1543 1036 sunt
1561 1005 1670 1036 certe
1697 999 1738 1037 P.
1766 999 1941 1038 Polanci.

312 1071 429 1117 Nam,
460 1083 564 1119 quae
595 1083 617 1108 a
644 1071 710 1110 fol.
733 1072 783 1108 ὃν
804 1072 855 1108 ad
883 1082 954 1108 11v
982 1070 1194 1116 habentur,
1214 1071 1339 1118 ipsius
1365 1081 1486 1107 manu
1512 1071 1671 1118 scripta,
1691 1071 1943 1119 reperiuntur

312 1144 351 1180 in
372 1143 514 1180 codice
536 1142 709 1182 Affiscell.
733 1142 782 1180 de
802 1142 916 1187 Inst„
939 1142 972 1186 I,
994 1154 1035 1180 n.
1061 1152 1095 1190 33
1117 1146 1275 1179 caetera
1302 1153 1356 1178 ex
1383 1143 1619 1191 apographo
1644 1143 1764 1190 hujus
1790 1143 1942 1180 codicis

311 1215 589 1260 desumuntur,
616 1226 709 1251 narn
735 1225 872 1251 earum
899 1213 1194 1262 autographum
1220 1211 1483 1250 desideratur.
1513 1213 1558 1249 In
1586 1212 1715 1250 tribus
1742 1213 1941 1261 prioribus

310 1286 413 1322 foliis
433 1285 546 1333 plura
566 1283 1041 1333 particularianotantur,
1061 1296 1098 1322 v.
1120 1295 1157 1333 g.
1179 1284 1231 1320 de
1252 1283 1376 1320 domo
1391 1283 1642 1332 probationis
1657 1285 1696 1321 in
1711 1285 1808 1322 turri
1821 1284 1942 1322 rubra

312 1359 325 1405 (
331 1357 368 1393 T
365 1369 456 1394 orre
475 1356 621 1404 Rossa)
644 1356 939 1394 constituenda:
968 1355 1019 1392 de
1045 1355 1314 1403 eleemosynis
1340 1366 1363 1391 a
1390 1355 1431 1391 P.
1460 1355 1638 1392 Polanco
1662 1356 1940 1404 procurandis:

312 1428 364 1465 de
390 1428 569 1476 hispanis
596 1428 647 1464 ad
668 1427 834 1473 Italiam,
856 1432 896 1464 et
915 1427 966 1463 de
987 1427 1089 1464 italis
1110 1431 1150 1462 et
1170 1425 1300 1474 belgis
1321 1426 1361 1462 in
1381 1426 1621 1474 Hispaniam
1640 1427 1857 1464 mittendis:
1887 1427 1940 1464 de

311 1499 669 1537 constitutionibus
689 1498 782 1536 alibi
802 1497 1119 1547 promulgandis,
1141 1502 1217 1534 etc.
1239 1497 1327 1538 Fol.
1353 1506 1416 1543 3v,
1437 1498 1501 1534 hic
1529 1497 1667 1534 titulus
1691 1498 1848 1545 positus
1867 1503 1939 1535 est:

311 1571 622 1608 «Resolutiones
651 1570 703 1607 de
733 1570 769 1607 la
800 1569 983 1606 consulta
1013 1568 1133 1606 sobre
1158 1569 1175 1585 ²
1201 1568 1238 1605 la
1259 1568 1387 1605 orden
1408 1568 1459 1605 de
1487 1580 1618 1606 casa.»
1639 1568 1871 1616 Sequuntur
1892 1581 1942 1618 30

309 1642 590 1688 resolutiones,
609 1646 670 1678 tot
688 1642 865 1678 numeris
895 1641 1088 1689 signatae.
1118 1639 1203 1676 Fol.
1238 1647 1292 1686 5r,
1321 1640 1385 1676 hic
1414 1639 1552 1676 titulus
1580 1639 1761 1677 habetur:
1793 1639 1941 1677 «Suma

310 1713 362 1750 de
390 1713 448 1751 las
478 1725 596 1751 cosas
625 1725 704 1761 que
734 1723 876 1760 pareze
896 1717 1017 1748 tocan
1044 1712 1066 1748 a
1093 1711 1142 1748 N.
1170 1711 1212 1749 P.
1235 1723 1286 1748 en
1306 1716 1459 1758 quanto
1481 1710 1720 1748 fundador.»
1747 1710 1832 1748 Sub
1861 1711 1940 1749 hoc

309 1785 424 1822 titulo
456 1795 499 1821 12
526 1769 677 1832 puncta
706 1788 923 1832 ponuntur:
952 1789 1040 1820 1.1¹tn
1072 1782 1189 1831 «Que
1219 1794 1263 1819 se
1293 1783 1475 1819 asienten
1505 1782 1563 1819 las
1592 1784 1938 1821 constitutiones.»

317 1862 434 1894 12.²¹m
456 1856 564 1893 «Dar
584 1855 711 1893 orden
732 1855 755 1891 a
776 1854 837 1891 los
857 1854 980 1891 libros
1000 1854 1052 1891 de
1072 1853 1321 1891 humanidad
1342 1865 1422 1901 que
1443 1865 1487 1890 se
1514 1854 1593 1890 han
1619 1854 1672 1891 de
1697 1855 1890 1903 aderecar
1913 1868 1939 1904 y

309 1929 332 1965 a
350 1928 412 1965 105
432 1928 484 1964 de
503 1927 712 1976 theologia
731 1938 756 1975 y
777 1931 894 1971 artes,
915 1931 1016 1962 etc.»
1038 1925 1126 1964 Fol.
1152 1932 1214 1971 5v,
1235 1925 1298 1962 hic
1318 1925 1457 1962 titulus
1477 1925 1604 1962 adest:
1627 1925 1787 1963 «Delas
1807 1938 1887 1974 que
1902 1927 1939 1964 le

307 2005 430 2037 tocan
451 2011 570 2036 como
590 1998 798 2046 preposito
814 1997 1015 2046 general.»
1039 1996 1283 2045 Quindecim
1300 2002 1450 2044 puncta
1467 2003 1701 2044 sequuntur:
1724 2003 1814 2035 1.um
1831 1997 1940 2035 «Ha-

259 2092 262 2096 ·
307 2083 373 2108 zer
392 2070 568 2120 guardar
586 2070 644 2106 las
665 2069 860 2119 reglas...»
891 2074 1006 2115 15‚um
1030 2068 1118 2104 «No
1140 2067 1184 2104 50
1203 2080 1284 2115 que
1304 2079 1348 2104 50
1369 2079 1441 2105 use
1461 2067 1684 2106 dernandar
1709 2069 1733 2105 a
1761 2069 1822 2106 los
1846 2080 1937 2117 pre-

307 2142 463 2190 positos
483 2140 752 2189 prouinciales
773 2145 919 2177 cuenta
939 2139 991 2176 de
1012 2151 1080 2175 sus
1102 2139 1271 2185 osficios,
1292 2140 1331 2175 ni
1351 2144 1544 2187 tampoco
1565 2139 1617 2176 de
1637 2151 1706 2176 sus
1726 2141 1937 2177 conscien-

308 2214 396 2259 tias;
424 2213 463 2250 ni
482 2218 673 2260 tampoco
701 2211 746 2248 se
766 2222 846 2258 que
873 2222 917 2247 se
938 2222 1010 2247 use
1032 2222 1110 2247 con
1131 2210 1302 2259 algunos
1323 2215 1432 2247 otros
1453 2210 1476 2247 a
1496 2211 1665 2257 quienes
1688 2222 1731 2247 se
1751 2215 1937 2248 cometen

309 2296 452 2334 oargos
473 2284 526 2321 de
548 2282 824 2331 importancia;
844 2294 869 2330 y
895 2293 939 2318 es
965 2281 1017 2318 de
1037 2281 1213 2318 aduertir
1238 2280 1318 2328 que
1344 2281 1536 2329 exemplo
1562 2292 1606 2318 se
1632 2281 1690 2318 les
1719 2281 1816 2318 dara
1842 2293 1938 2330 para

307 2355 496 2393 adelante
516 2355 539 2391 a
559 2355 620 2391 los
640 2365 720 2401 que
741 2353 1004 2398 succederem,
1026 2353 1056 2389 si
1078 2364 1173 2389 aora
1194 2364 1246 2398 no
1269 2364 1312 2389 se
1333 2353 1468 2390 haze.»
1491 2352 1522 2388 F
1527 2352 1576 2389 ol.
1600 2362 1661 2401 7v:
1686 2352 1772 2389 «De
1798 2352 1837 2389 lo
1857 2364 1938 2400 que

308 2433 402 2464 toea
428 2427 451 2463 a
476 2426 540 2464 N..
556 2426 612 2472 Ρ.,
639 2436 758 2462 como
785 2424 808 2461 a
834 2424 956 2471 quien
976 2435 1020 2460 es
1040 2424 1223 2471 superior
1244 2435 1294 2460 en
1315 2424 1351 2460 la
1372 2426 1510 2472 casa'y
1531 2423 1702 2472 collegio
1723 2423 1775 2460 de
1795 2423 1937 2470 Roma,

308 2499 423 2535 hasta
443 2509 523 2545 que
543 2508 681 2545 ponga
700 2500 826 2532 otro.»
856 2503 900 2543 17
920 2499 1070 2542 puncta
1090 2499 1291 2531 notantur:
1319 2500 1408 2532 1.um
1432 2494 1576 2532 «Mirar
1595 2495 1627 2531 si
1647 2505 1692 2531 se
1712 2494 1864 2532 alteran
1879 2494 1937 2532 las

309 2567 827 2615 constitutiones...»‘17.1¹m
846 2565 990 2602 «Mirar
1009 2577 1088 2612 que
1108 2577 1162 2602 no
1184 2565 1276 2602 salte
1296 2565 1335 2602 lo
1356 2566 1586 2602 necessario
1605 2576 1702 2613 para
1722 2565 1759 2602 la
1779 2570 1937 2602 susten-

306 2641 505 2678 tacion...»
538 2638 624 2676 Fol.
655 2638 718 2676 Sv:
751 2637 898 2674 «Suma
927 2636 1058 2673 delas
1078 2647 1196 2673 cosas
1217 2648 1297 2684 que
1317 2649 1392 2674 son
1418 2637 1600 2684 proprias
1627 2636 1693 2673 del
1722 2637 1857 2678 officio
1885 2636 1938 2674 de

307 2713 537 2758 secretario,
558 2721 638 2758 que
658 2709 710 2747 N.
730 2708 773 2746 P.
794 2709 847 2745 ha
866 2707 975 2744 dado
996 2707 1018 2743 a
1039 2707 1253 2745 Polanco.»
1283 2713 1373 2745 Lam
1392 2707 1521 2745 «Leer
1534 2707 1593 2745 las
1607 2707 1727 2745 letras
1747 2708 1799 2745 de
1817 2707 1938 2745 todas

306 2789 504 2832 partes...»
533 2787 651 2831 17.um
674 2780 764 2818 «Un
784 2778 886 2816 libro
907 2778 959 2815 de
984 2778 1046 2815 los
1066 2790 1146 2825 que
1167 2784 1371 2816 entran...»
1396 2779 1482 2816 Fol.
1502 2788 1558 2825 9r:
1583 2778 1688 2816 «Las
1714 2790 1832 2816 cosas
1857 2790 1938 2826 que

308 2867 383 2892 son
403 2851 736 2891 encomendadas
755 2851 792 2888 al
811 2862 968 2888 mesmo
988 2849 1179 2895 Polanco,
1199 2861 1318 2901 com-o
1345 2850 1367 2887 a
1387 2851 1634 2888 thesorero.»
1667 2855 1757 2887 1.¹²¹¹²
1780 2849 1939 2887 «Tener

307 2925 497 2975 cuydado
528 2924 580 2961 de
608 2923 756 2961 buscar
781 2922 900 2960 como
926 2933 971 2958 se
991 2932 1143 2969 prouea
1163 2920 1199 2957 al
1219 2922 1404 2959 vestir...»
1429 2927 1523 2970 7.11111
1555 2920 1766 2959 «...1)ι]503ι·
1784 2925 1937 2969 presta-

379 3085 396 3102 ει
445 3073 562 3109 sobra
581 3083 652 3108 ms.
