2098 3470
459 224 720 260 Tuae-rarus
746 231 803 259 nn.
825 228 1223 258 CONSUBTUDINIBUS
1249 219 1599 256 SOCJETATls-63
1735 220 1802 256 621

303 327 367 371 Ut
395 326 620 369 habeatur
642 324 777 368 uinea
804 324 879 368 uel
903 324 1081 375 hortus,
1107 321 1185 365 ubi
1213 330 1476 366 recreentur
1515 323 1676 367 fratres
1702 329 1748 366 et
1780 323 1856 366 lu-

212 403 343 447 dant.

305 480 369 524 Ut
385 485 578 522 canatur
600 478 646 521 in
669 480 808 522 choro
826 477 978 531 missa,
1001 491 1091 519 non
1115 476 1261 520 solum
1284 490 1516 532 uesperae3
1538 490 1655 531 quae
1674 477 1860 520 traditio

219 570 314 600 non
337 555 536 599 obtinuit
558 555 603 598 in
627 555 839 599 omnibus
861 553 1083 611 collegiis,
1108 568 1211 597 nam
1236 552 1282 596 in
1305 552 1541 597 Lusitania
1558 554 1711 596 nullus
1734 554 1860 597 canit

217 632 265 676 in
289 632 460 676 nostris
481 632 687 689 collegiis
710 632 783 676 uel
806 630 1033 684 domibus3
1057 629 1104 673 in
1129 629 1313 686 reliquis
1335 628 1586 686 Hispaniae
1607 644 1697 672 non
1722 645 1861 673 usur-—

217 718 355 767 patur
377 709 682 766 gregorianus
703 716 882 762 cantus,
906 708 987 753 sed
1014 707 1249 761 unitonus3
1274 707 1482 751 Viennae
1510 706 1646 751 etiam
1683 708 1860 764 figura-

218 795 296 830 tus
318 793 579 843 usurpatur.

312 865 377 908 Ut
399 878 491 907 non
515 864 683 908 habeat
706 863 913 908 Societas
938 869 1242 919 protectorem
1270 868 1463 913 certum,
1494 861 1715 904 defuncto
1744 861 1858 904 Car-

220 940 350 998 pensi
372 939 604 992 cardinali,
630 941 710 983 sed
731 947 783 983 ut
804 954 964 984 omnes
984 937 1237 982 cardinales
1258 937 1350 980 sint
1372 937 1441 980 uti
1455 943 1753 994 protectores.

310 1018 415 1061 Non
444 1032 583 1074 agere
606 1016 886 1061 familiariter
914 1023 1099 1060 nostros
1126 1029 1230 1058 cum
1264 1014 1490 1068 foeminis,
1516 1029 1633 1070 quae
1660 1014 1865 1059 illustres

154 1116 158 1118 ·
219 1109 311 1138 non
334 1094 442 1138 sint.

311 1173 376 1216 Ut
397 1170 647 1224 literarum,
671 1185 786 1226 quas
809 1169 967 1214 scribit
987 1169 1230 1227 generalis,
1250 1169 1508 1225 exemplum
1532 1169 1795 1214 retineatur.

311 1250 375 1293 Ut
397 1247 494 1291 toni
518 1248 644 1300 fiant,
669 1254 716 1291 et
739 1247 922 1303 quidem
945 1246 1233 1304 praescriptis
1257 1247 1425 1291 uerbis.

315 1326 382 1370 Ut
401 1317 690 1369 breuioribus
714 1324 881 1368 tunicis
904 1331 1091 1368 utantur
1112 1323 1414 1367 coadiutores.

278 1426 282 1429 ·
314 1401 425 1446 Dari
462 1401 839 1458 reprehensiones
874 1400 1095 1458 publicas.
1131 1402 1301 1444 Facere
1338 1400 1664 1457 poenitentiam
1703 1415 1866 1443 come—

225 1479 378 1523 dendo
398 1479 446 1522 in
467 1479 657 1535 paruula
679 1493 852 1522 mensa.

314 1556 386 1600 Ne
406 1555 559 1598 statim
583 1562 687 1611 post
716 1555 949 1598 biennium
974 1555 1049 1600 uel
1072 1555 1315 1599 triennium
1337 1556 1450 1599 fiant
1473 1556 1546 1599 uel
1575 1555 1767 1612 professi
1792 1556 1869 1598 uel

225 1631 531 1677 coadiutores.

314 1708 448 1754 Ratio
472 1708 622 1752 uictus
644 1708 875 1762 refectorii
897 1717 942 1753 et
965 1723 1241 1762 mensarum,
1266 1717 1360 1754 etc.

318 1787 382 1831 Ut
403 1793 647 1830 cantentur
669 1785 922 1829 matutinae
944 1785 991 1829 in
1013 1785 1168 1843 vigilia
1190 1786 1353 1830 natalis
1374 1786 1574 1830 Domini.

317 1864 397 1916 Ut,
421 1862 714 1919 congregatis
735 1862 967 1914 fratribus,
992 1862 1202 1907 dicantur
1222 1863 1424 1909 litaniae.

247 1951 251 1957 ’
314 1941 388 1985 Ne
409 1939 519 1996 quid
540 1941 674 1983 detur
702 1940 760 1983 ad
788 1939 1074 1983 collationem
1107 1947 1259 1997 preter
1286 1955 1450 1997 panem
1483 1940 1528 1983 in
1552 1940 1714 1985 diebus
1745 1941 1859 1986 ieiu-

228 2017 426 2063 niorum.

314 2093 485 2151 Colligi
522 2093 637 2138 aliae
671 2101 863 2150 possunt
891 2108 947 2137 ex
985 2094 1180 2151 quodam
1211 2094 1527 2152 quaternione,
1552 2095 1632 2138 ubi
1669 2095 1869 2152 primum

226 2170 411 2228 scripsit
434 2172 488 2214 P.
515 2171 759 2223 Polancus,
784 2171 889 2214 dein
913 2185 1021 2227 ego3
1047 2178 1093 2215 et
1114 2186 1169 2216 ex
1192 2171 1306 2215 actis
1324 2173 1378 2215 P.
1406 2171 1571 2228 Ignatii
1593 2180 1626 2215 ².

382 2304 447 2334 DE
475 2303 935 2335 CONSUETUDINIBUS
967 2303 1251 2334 SOCIETATIS
1282 2305 1670 2335 VNIUERSALIBUS
1702 2291 1719 2316 b
1758 2312 1761 2316 ·

318 2402 476 2446 Lectio
497 2401 794 2458 martirologii
817 2417 843 2445 a
864 2415 1025 2447 coena.

318 2480 421 2523 Non
452 2479 679 2523 abstinere
701 2478 774 2522 die
802 2478 1000 2532 ueneris,
1033 2479 1111 2522 ubi
1138 2484 1208 2523 est
1235 2479 1454 2523 ieiunium
1484 2480 1530 2522 in
1562 2482 1867 2524 hebdomade.

319 2557 560 2600 Renouare
584 2562 691 2598 uota
718 2555 775 2598 ad
805 2556 1001 2600 natalem
1024 2555 1207 2599 Domini
1237 2564 1280 2601 et
1321 2558 1487 2601 festum
1517 2556 1610 2600 diui
1644 2557 1768 2599 Petri
1795 2557 1867 2601 uel

215 2632 428 2676 circiter:
454 2632 607 2688 itaque
628 2647 719 2676 non
744 2631 941 2675 obtinuit
962 2632 1244 2676 constitutio.

319 2711 492 2754 Facere
519 2708 826 2765 disciplinam,
852 2708 930 2764 qui
954 2716 1063 2752 sunt
1084 2710 1346 2754 renouaturi
1371 2720 1492 2762 uota,
1518 2710 1659 2754 dictis
1679 2710 1864 2753 litaniis.

319 2787 490 2830 Facere
510 2785 810 2842 disciplinam,
845 2785 922 2841 qui
955 2785 1277 2843 ingrediuntur
1309 2795 1403 2830 2.³“¹
1434 2787 1759 2842 probationem,
1793 2788 1866 2829 uel

230 2862 402 2916 statim,
422 2863 498 2906 uel
520 2877 623 2906 cum
648 2861 910 2919 persuaderi
933 2863 1134 2906 suauiter
1155 2863 1345 2920 possint.

307 2980 326 2997 a
373 2970 485 3005 Hanc
499 2969 780 3016 paragraphum
796 2968 836 3004 in
851 2980 972 3016 marg.
990 2969 1139 3005 addidit
1158 2970 1248 3005 Nat.
1302 2972 1366 2996 -b
1387 2970 1494 3004 Haec
1513 2969 1587 3004 duo
1604 2970 1723 3005 verba
1737 2969 1869 3004 addita

232 3034 324 3064 sunt
341 3039 364 3064 a
377 3028 468 3064 Nat.
