2098 3470
359 292 380 327 4
385 290 430 327 52
830 282 984 319 PATRis
1008 284 1253 320 Hfflnomzm
1279 283 1431 320 NADAL

403 385 474 428 De
496 383 696 427 historiis
717 398 872 428 sacrae
893 385 1155 440 scripturae.

405 460 614 504 Breuiter
642 462 698 504 de
726 462 862 505 rebus
890 469 1064 504 tantum
1094 446 1352 517 loquantur,
1389 476 1504 517 quae
1532 461 1705 518 possint
1732 462 1865 507 simul
1895 472 1946 508 et

315 537 639 581 relaxationem
662 537 799 580 animi
820 539 995 589 afferre,
1022 546 1066 582 et
1095 538 1151 581 ad
1179 537 1538 582 aedificationem
1567 538 1843 594 spiritualem
1872 541 1939 583 fa-

315 627 438 658 cere.

405 692 470 733 Ea
494 705 602 734 vero
624 700 773 745 erunt,
799 707 914 747 quae
931 691 1165 734 minimum
1184 693 1380 735 habeant
1396 692 1732 748 speculationis,
1751 693 1942 737 affectus

316 781 427 810 vero
448 768 647 810 habeant
669 767 879 824 religiose
902 770 1138 821 honestos,
1163 782 1215 811 ac
1238 768 1440 812 suauiter
1462 769 1716 826 religiosos.

406 845 476 888 Ne
500 844 591 887 sint
613 844 869 901 singulares
891 860 943 888 ac
965 845 1151 888 solitarii
1169 845 1214 888 in
1232 845 1508 890 recreatione
1526 847 1703 892 fratres.
1727 847 1798 891 Ne
1819 847 1944 892 leues

316 922 363 964 in
386 921 584 966 actione.
617 922 687 965 Ne
715 921 985 965 immodesti.
1016 925 1089 967 215
1119 923 1188 966 Ne
1216 922 1262 965 in
1290 921 1472 967 incessu
1503 922 1692 968 incitati.
1725 925 1796 968 Ne
1833 937 1944 968 voce

316 1006 504 1041 vtantur
541 998 791 1042 intensiori.
833 1000 901 1042 Ne
934 1006 1118 1042 vtantur
1156 998 1403 1043 cachinnis.
1442 1000 1513 1044 Ne
1550 1000 1697 1044 tetrici
1733 1000 1837 1044 sint.
1874 1001 1944 1044 Ne

316 1075 511 1119 verbosi.
539 1076 610 1119 Ne
632 1075 852 1118 iracundi.
880 1078 948 1119 Ne
970 1075 1256 1120 contentiosi.
1289 1077 1358 1119 Ne
1381 1076 1559 1120 molesti
1582 1077 1653 1120 vel
1675 1076 1843 1121 acerbi.
1875 1078 1951 1120 Ne

317 1152 491 1196 ironici.
722 1139 730 1146 '

475 1284 478 1287 ·
526 1279 588 1309 DE
620 1279 1011 1309 COADIUTORIBUS
1044 1279 1416 1310 TEMPORALIBUS
1448 1280 1740 1311 INSTRUCTIO

406 1383 706 1427 Instituantur
726 1398 883 1426 omnes
905 1398 985 1439 pro
1008 1398 1091 1426 suo
1120 1391 1273 1440 captu,
1307 1391 1356 1426 vt
1385 1386 1533 1428 Deum
1563 1393 1863 1440 cognoscant,
1900 1392 1948 1427 vt

318 1476 450 1504 suam
475 1460 774 1513 vocationem,
800 1469 935 1516 atque
958 1468 1006 1502 vt
1027 1461 1073 1503 in
1095 1460 1301 1505 oratione
1328 1461 1523 1517 aliquam
1551 1461 1839 1506 deuotionem
1863 1462 1947 1505 ha-

318 1540 474 1592 beant,
499 1546 544 1581 et
567 1537 714 1580 sciant
735 1552 893 1581 omnes
915 1538 1165 1580 doctrinam
1189 1537 1494 1580 christianam.

406 1614 596 1659 Faciant
627 1614 841 1657 exercitia
874 1614 1138 1670 spiritualia,
1178 1614 1216 1656 si
1253 1629 1344 1657 non
1381 1613 1549 1666 omnia,
1589 1615 1747 1659 saltem
1779 1615 1953 1671 primae·

318 1692 628 1736 hebdomadae
649 1696 721 1738 216
743 1699 788 1734 et
811 1691 979 1746 aliquid
1003 1698 1086 1735 2.ae
1109 1698 1154 1735 et
1179 1699 1260 1746 35³
1283 1698 1327 1735 et
1344 1698 1445 1745 4³³,
1471 1705 1560 1746 qua
1576 1690 1622 1733 in
1641 1706 1688 1734 re
1703 1706 1753 1735 se
1769 1691 1949 1734 illorum

321 1769 526 1813 facultati
548 1768 902 1811 accommodabit
925 1766 1184 1811 instructor.

408 1846 592 1890 Nullam
622 1860 810 1901 prorsus
839 1844 1056 1887 orationis
1084 1845 1242 1888 horam
1272 1844 1586 1898 intermittant;
1619 1844 1740 1900 quod
1771 1844 1809 1887 si
1836 1845 1948 1888 hora

320 1923 600 1981 praescripta
623 1922 736 1974 aliis,
763 1936 852 1964 non
876 1929 1009 1964 vacat
1031 1921 1139 1978 ipsis
1163 1936 1307 1974 orare,
1333 1921 1419 1965 alia
1441 1921 1714 1978 assignetur,
1746 1936 1835 1977 qua
1864 1921 1949 1978 ipsi

321 2007 465 2044 orent.
1736 1996 1738 1998 ’

413 2076 602 2132 Aliquid
624 2075 733 2132 ipsis
756 2083 882 2120 extra
906 2074 1109 2119 ordinem
1132 2074 1228 2118 dari
1250 2074 1414 2131 poterit
1448 2075 1662 2131 temporis
1692 2075 1750 2118 ad
1781 2074 1943 2118 oratio-

322 2169 446 2206 nem,
470 2161 519 2196 vt
541 2154 612 2206 iis,
638 2152 715 2208 qui
738 2152 783 2195 in
806 2151 1034 2195 continuis
1056 2151 1426 2195 distractionibus
1447 2159 1704 2195 versantur.

414 2232 680 2275 Doceantur
716 2244 927 2272 coronam
966 2229 1037 2271 vel
1065 2229 1286 2272 rosarium
1325 2236 1640 2273 sacrosanctae
1676 2227 1832 2272 matris
1867 2228 1952 2271 Dei

325 2308 534 2360 recitare,
561 2314 606 2351 et
629 2306 833 2350 meditari
857 2321 936 2362 pro
963 2320 1046 2348 suo
1077 2312 1213 2362 captu
1242 2305 1472 2361 mysteria,
1504 2319 1620 2360 quae
1646 2304 1694 2347 in
1721 2319 1775 2348 eo
1806 2305 1953 2348 conti-

323 2393 505 2430 nentur.

414 2462 548 2506 Ratio
572 2460 857 2518 peculiariter
879 2461 935 2503 ab
958 2460 1022 2504 eis
1040 2460 1265 2516 exigatur,
1286 2459 1666 2515 quemadmodum
1682 2458 1728 2502 in
1749 2458 1952 2501 oratione

324 2547 580 2591 versentur,
607 2546 652 2583 et
674 2538 719 2580 in
742 2552 794 2580 ea
816 2538 949 2580 etiam
974 2536 1259 2593 peculiariter
1281 2536 1578 2579 instruantur.

414 2615 680 2659 Exhortatio
702 2614 896 2671 singulis
918 2613 1213 2658 hebdomadis
1235 2614 1456 2656 habeatur
1473 2614 1529 2655 ad
1546 2612 1646 2656 illos
1663 2611 1888 2669 priuatim.

415 2695 561 2737 Detur
583 2691 771 2736 materia
794 2691 1135 2734 meditationum
1158 2691 1231 2733 vel
1248 2689 1499 2733 orationum
1525 2688 1770 2741 familiaris,
1789 2695 1835 2732 et
1855 2702 1951 2730 ma-

325 2772 636 2822 nuducantur,
662 2770 807 2812 donec
828 2769 1027 2810 fructum
1050 2767 1247 2810 sentiant
1269 2766 1468 2823 spiritus,
1494 2774 1539 2810 et
1561 2765 1645 2822 ipsi
1668 2780 1747 2822 per
1763 2779 1812 2808 se
1827 2778 1953 2807 com-

326 2848 459 2891 mode
483 2846 732 2890 orationem
754 2846 1012 2902 gubernent
1033 2849 1102 2891 217
1125 2859 1271 2897 suam,
1296 2858 1388 2887 non
1418 2852 1568 2886 tamen
1591 2843 1827 2885 omittetur
1847 2856 1952 2898 pro-

325 2933 481 2981 pterea
504 2923 670 2966 deinde
691 2921 932 2978 peculiaris
953 2921 1132 2963 illorum
1155 2920 1427 2964 obseruatio.

414 3002 679 3043 Doceantur
702 3006 898 3055 quantus
920 2997 1130 3054 prouenit
1153 2998 1329 3040 fructus
1345 3011 1400 3040 ex
1424 2995 1783 3052 frequentatione
1804 3008 1952 3038 sacra-

329 3085 603 3121 mentorum.
