<?xml version="1.0" encoding="UTF-8"?>
<!DOCTYPE html PUBLIC "-//W3C//DTD XHTML 1.0 Transitional//EN"
    "http://www.w3.org/TR/xhtml1/DTD/xhtml1-transitional.dtd">
<html xmlns="http://www.w3.org/1999/xhtml" xml:lang="en" lang="en">
 <head>
  <title>
</title>
<meta http-equiv="Content-Type" content="text/html;charset=utf-8" />
  <meta name='ocr-system' content='tesseract 3.04.00' />
  <meta name='ocr-capabilities' content='ocr_page ocr_carea ocr_par ocr_line ocrx_word'/>
</head>
<body>
  <div class='ocr_page' id='page_1' title='image "./epistolaephieron04nadauoft_0452.png"; bbox 0 0 2098 3470; ppageno 0'>
   <div class='ocr_carea' id='block_1_1' title="bbox 297 241 1369 286">
    <p class='ocr_par' dir='ltr' id='par_1_1' title="bbox 297 241 1369 286">
     <span class='ocr_line' id='line_1_1' title="bbox 297 241 1369 286; baseline 0.005 -11"><span class='ocrx_word' id='word_1_1' title='bbox 297 241 367 286; x_wconf 83' lang='lat'><strong>426</strong></span> <span class='ocrx_word' id='word_1_2' title='bbox 568 249 581 263; x_wconf 86' lang='lat'><strong>·</strong></span> <span class='ocrx_word' id='word_1_3' title='bbox 646 268 649 272; x_wconf 90' lang='grc'>.</span> <span class='ocrx_word' id='word_1_4' title='bbox 768 242 922 279; x_wconf 73' lang='lat' dir='ltr'><strong>PATms</strong></span> <span class='ocrx_word' id='word_1_5' title='bbox 948 243 1192 279; x_wconf 71' lang='lat' dir='ltr'><strong>Humoiwm</strong></span> <span class='ocrx_word' id='word_1_6' title='bbox 1217 243 1369 280; x_wconf 79' lang='lat' dir='ltr'>NADAL</span> 
     </span>
    </p>
   </div>
   <div class='ocr_carea' id='block_1_2' title="bbox 232 342 1889 3094">
    <p class='ocr_par' dir='ltr' id='par_1_2' title="bbox 250 342 1882 474">
     <span class='ocr_line' id='line_1_2' title="bbox 250 342 1882 402; baseline 0.002 -17"><span class='ocrx_word' id='word_1_7' title='bbox 250 342 480 386; x_wconf 87' lang='lat' dir='ltr'><strong>ritualium</strong></span> <span class='ocrx_word' id='word_1_8' title='bbox 502 343 776 398; x_wconf 81' lang='lat' dir='ltr'><strong>praefectuS,</strong></span> <span class='ocrx_word' id='word_1_9' title='bbox 801 345 1077 397; x_wconf 79' lang='lat' dir='ltr'><strong>sacerdoteS,</strong></span> <span class='ocrx_word' id='word_1_10' title='bbox 1103 345 1402 398; x_wconf 87' lang='lat' dir='ltr'><strong>confessores,</strong></span> <span class='ocrx_word' id='word_1_11' title='bbox 1427 346 1685 402; x_wconf 79' lang='lat' dir='ltr'><strong>praefectus</strong></span> <span class='ocrx_word' id='word_1_12' title='bbox 1707 347 1882 390; x_wconf 87' lang='lat' dir='ltr'><strong>studio-</strong></span> 
     </span>
     <span class='ocr_line' id='line_1_3' title="bbox 250 419 992 474; baseline 0.003 -13"><span class='ocrx_word' id='word_1_13' title='bbox 250 434 370 472; x_wconf 88' lang='lat' dir='ltr'><strong>rum,</strong></span> <span class='ocrx_word' id='word_1_14' title='bbox 395 419 605 472; x_wconf 88' lang='lat' dir='ltr'><strong>lectores,</strong></span> <span class='ocrx_word' id='word_1_15' title='bbox 632 421 879 474; x_wconf 76' lang='lat' dir='ltr'>scholares,</span> <span class='ocrx_word' id='word_1_16' title='bbox 904 428 992 464; x_wconf 90' lang='lat' dir='ltr'><strong>etc.</strong></span> 
     </span>
    </p>

    <p class='ocr_par' dir='ltr' id='par_1_3' title="bbox 251 497 1881 630">
     <span class='ocr_line' id='line_1_4' title="bbox 341 497 1881 556; baseline 0.003 -17"><span class='ocrx_word' id='word_1_17' title='bbox 341 497 440 552; x_wconf 89' lang='lat' dir='ltr'><strong>Ipse</strong></span> <span class='ocrx_word' id='word_1_18' title='bbox 458 511 641 551; x_wconf 90' lang='lat' dir='ltr'><strong>quoque</strong></span> <span class='ocrx_word' id='word_1_19' title='bbox 664 497 864 540; x_wconf 90' lang='lat' dir='ltr'><strong>omnium</strong></span> <span class='ocrx_word' id='word_1_20' title='bbox 884 498 1035 540; x_wconf 85' lang='lat' dir='ltr'><strong>officia</strong></span> <span class='ocrx_word' id='word_1_21' title='bbox 1052 514 1190 554; x_wconf 87' lang='lat' dir='ltr'><strong>penes</strong></span> <span class='ocrx_word' id='word_1_22' title='bbox 1211 514 1258 543; x_wconf 86' lang='lat' dir='ltr'><strong>se</strong></span> <span class='ocrx_word' id='word_1_23' title='bbox 1276 500 1459 553; x_wconf 88' lang='lat' dir='ltr'><strong>habeat,</strong></span> <span class='ocrx_word' id='word_1_24' title='bbox 1480 514 1623 555; x_wconf 88' lang='lat' dir='ltr'><strong>eaque</strong></span> <span class='ocrx_word' id='word_1_25' title='bbox 1641 499 1770 553; x_wconf 88' lang='lat' dir='ltr'><strong>sciat,</strong></span> <span class='ocrx_word' id='word_1_26' title='bbox 1791 514 1881 556; x_wconf 89' lang='lat' dir='ltr'><strong>quo</strong></span> 
     </span>
     <span class='ocr_line' id='line_1_5' title="bbox 251 572 1223 630; baseline 0.004 -16"><span class='ocrx_word' id='word_1_27' title='bbox 251 572 463 616; x_wconf 90' lang='lat' dir='ltr'><strong>omnibus</strong></span> <span class='ocrx_word' id='word_1_28' title='bbox 485 573 861 629; x_wconf 80' lang='lat' dir='ltr'><strong>superintendere</strong></span> <span class='ocrx_word' id='word_1_29' title='bbox 882 575 1044 617; x_wconf 89' lang='lat' dir='ltr'><strong>melius</strong></span> <span class='ocrx_word' id='word_1_30' title='bbox 1067 574 1223 630; x_wconf 83' lang='lat' dir='ltr'><strong>possit.</strong></span> 
     </span>
    </p>

    <p class='ocr_par' dir='ltr' id='par_1_4' title="bbox 249 649 1884 1170">
     <span class='ocr_line' id='line_1_6' title="bbox 341 649 1881 708; baseline 0.001 -15"><span class='ocrx_word' id='word_1_31' title='bbox 341 649 530 693; x_wconf 90' lang='lat' dir='ltr'><strong>Curabit</strong></span> <span class='ocrx_word' id='word_1_32' title='bbox 564 657 812 705; x_wconf 91' lang='lat' dir='ltr'><strong>praeterea,</strong></span> <span class='ocrx_word' id='word_1_33' title='bbox 847 659 896 693; x_wconf 89' lang='lat' dir='ltr'><strong>vt</strong></span> <span class='ocrx_word' id='word_1_34' title='bbox 927 653 1092 694; x_wconf 86' lang='lat' dir='ltr'><strong>habeat</strong></span> <span class='ocrx_word' id='word_1_35' title='bbox 1125 651 1435 707; x_wconf 84' lang='lat' dir='ltr'><strong>vnusquisque</strong></span> <span class='ocrx_word' id='word_1_36' title='bbox 1467 652 1782 708; x_wconf 81' lang='lat' dir='ltr'><strong>particularem</strong></span> <span class='ocrx_word' id='word_1_37' title='bbox 1814 651 1881 695; x_wconf 94' lang='lat' dir='ltr'><strong>in-</strong></span> 
     </span>
     <span class='ocr_line' id='line_1_7' title="bbox 250 722 1882 785; baseline 0.002 -16"><span class='ocrx_word' id='word_1_38' title='bbox 250 726 551 770; x_wconf 87' lang='lat' dir='ltr'><strong>structionem</strong></span> <span class='ocrx_word' id='word_1_39' title='bbox 589 734 635 769; x_wconf 92' lang='lat' dir='ltr'><strong>et</strong></span> <span class='ocrx_word' id='word_1_40' title='bbox 672 722 871 780; x_wconf 87' lang='lat' dir='ltr'><strong>modum,</strong></span> <span class='ocrx_word' id='word_1_41' title='bbox 903 743 995 783; x_wconf 91' lang='lat' dir='ltr'><strong>quo</strong></span> <span class='ocrx_word' id='word_1_42' title='bbox 1025 728 1177 771; x_wconf 90' lang='lat' dir='ltr'><strong>officio</strong></span> <span class='ocrx_word' id='word_1_43' title='bbox 1213 743 1297 771; x_wconf 85' lang='lat' dir='ltr'><strong>suo</strong></span> <span class='ocrx_word' id='word_1_44' title='bbox 1335 736 1459 772; x_wconf 88' lang='lat' dir='ltr'><strong>recte</strong></span> <span class='ocrx_word' id='word_1_45' title='bbox 1483 730 1719 785; x_wconf 86' lang='lat' dir='ltr'><strong>fungatur,</strong></span> <span class='ocrx_word' id='word_1_46' title='bbox 1760 730 1882 784; x_wconf 93' lang='lat' dir='ltr'><strong>quod</strong></span> 
     </span>
     <span class='ocr_line' id='line_1_8' title="bbox 251 803 1882 862; baseline 0.002 -17"><span class='ocrx_word' id='word_1_47' title='bbox 251 803 434 859; x_wconf 90' lang='lat' dir='ltr'><strong>quidem</strong></span> <span class='ocrx_word' id='word_1_48' title='bbox 467 817 581 847; x_wconf 87' lang='lat' dir='ltr'><strong>voce</strong></span> <span class='ocrx_word' id='word_1_49' title='bbox 603 803 728 860; x_wconf 91' lang='lat' dir='ltr'><strong>prius</strong></span> <span class='ocrx_word' id='word_1_50' title='bbox 759 812 804 848; x_wconf 92' lang='lat' dir='ltr'><strong>et</strong></span> <span class='ocrx_word' id='word_1_51' title='bbox 832 805 936 847; x_wconf 87' lang='lat' dir='ltr'><strong>viua</strong></span> <span class='ocrx_word' id='word_1_52' title='bbox 972 804 1231 859; x_wconf 83' lang='lat' dir='ltr'><strong>traditione,</strong></span> <span class='ocrx_word' id='word_1_53' title='bbox 1266 806 1336 849; x_wconf 90' lang='lat' dir='ltr'><strong>vel</strong></span> <span class='ocrx_word' id='word_1_54' title='bbox 1366 805 1591 862; x_wconf 87' lang='lat' dir='ltr'><strong>generalis</strong></span> <span class='ocrx_word' id='word_1_55' title='bbox 1621 805 1882 862; x_wconf 69' lang='lat' dir='ltr'><strong>praepositi,</strong></span> 
     </span>
     <span class='ocr_line' id='line_1_9' title="bbox 249 880 1880 940; baseline 0.003 -18"><span class='ocrx_word' id='word_1_56' title='bbox 249 881 322 923; x_wconf 89' lang='lat' dir='ltr'><strong>vel</strong></span> <span class='ocrx_word' id='word_1_57' title='bbox 345 880 652 936; x_wconf 87' lang='lat' dir='ltr'><strong>prouincialis,</strong></span> <span class='ocrx_word' id='word_1_58' title='bbox 678 882 750 924; x_wconf 91' lang='lat' dir='ltr'><strong>vel</strong></span> <span class='ocrx_word' id='word_1_59' title='bbox 772 897 870 934; x_wconf 87' lang='lat' dir='ltr'><strong>sua,</strong></span> <span class='ocrx_word' id='word_1_60' title='bbox 905 883 1135 937; x_wconf 83' lang='lat' dir='ltr'><strong>agendum</strong></span> <span class='ocrx_word' id='word_1_61' title='bbox 1163 889 1248 935; x_wconf 89' lang='lat' dir='ltr'><strong>est;</strong></span> <span class='ocrx_word' id='word_1_62' title='bbox 1274 882 1439 926; x_wconf 87' lang='lat' dir='ltr'><strong>deinde</strong></span> <span class='ocrx_word' id='word_1_63' title='bbox 1467 883 1600 926; x_wconf 88' lang='lat' dir='ltr'><strong>etiam</strong></span> <span class='ocrx_word' id='word_1_64' title='bbox 1625 883 1811 940; x_wconf 89' lang='lat' dir='ltr'><strong>scripto,</strong></span> <span class='ocrx_word' id='word_1_65' title='bbox 1843 885 1880 927; x_wconf 85' lang='lat' dir='ltr'><strong>si</strong></span> 
     </span>
     <span class='ocr_line' id='line_1_10' title="bbox 250 957 1884 1016; baseline 0.004 -18"><span class='ocrx_word' id='word_1_66' title='bbox 250 957 459 1001; x_wconf 83' lang='lat' dir='ltr'><strong>videatur</strong></span> <span class='ocrx_word' id='word_1_67' title='bbox 481 958 807 1011; x_wconf 87' lang='lat' dir='ltr'><strong>necessarium,</strong></span> <span class='ocrx_word' id='word_1_68' title='bbox 840 967 887 1001; x_wconf 90' lang='lat' dir='ltr'><strong>vt</strong></span> <span class='ocrx_word' id='word_1_69' title='bbox 910 974 1067 1002; x_wconf 89' lang='lat' dir='ltr'><strong>omnes</strong></span> <span class='ocrx_word' id='word_1_70' title='bbox 1095 973 1177 1002; x_wconf 85' lang='lat' dir='ltr'><strong>sua</strong></span> <span class='ocrx_word' id='word_1_71' title='bbox 1205 961 1372 1004; x_wconf 87' lang='lat' dir='ltr'><strong>obeant</strong></span> <span class='ocrx_word' id='word_1_72' title='bbox 1401 974 1603 1012; x_wconf 89' lang='lat' dir='ltr'><strong>munera,</strong></span> <span class='ocrx_word' id='word_1_73' title='bbox 1629 975 1720 1002; x_wconf 90' lang='lat' dir='ltr'><strong>non</strong></span> <span class='ocrx_word' id='word_1_74' title='bbox 1746 969 1884 1016; x_wconf 89' lang='lat' dir='ltr'><strong>prout</strong></span> 
     </span>
     <span class='ocr_line' id='line_1_11' title="bbox 250 1033 1883 1092; baseline 0.002 -16"><span class='ocrx_word' id='word_1_75' title='bbox 250 1033 335 1090; x_wconf 90' lang='lat' dir='ltr'><strong>ipsi</strong></span> <span class='ocrx_word' id='word_1_76' title='bbox 372 1034 636 1091; x_wconf 89' lang='lat' dir='ltr'><strong>intelligunt</strong></span> <span class='ocrx_word' id='word_1_77' title='bbox 668 1042 747 1078; x_wconf 87' lang='lat' dir='ltr'><strong>aut</strong></span> <span class='ocrx_word' id='word_1_78' title='bbox 779 1035 961 1091; x_wconf 88' lang='lat' dir='ltr'><strong>proprio</strong></span> <span class='ocrx_word' id='word_1_79' title='bbox 993 1050 1148 1088; x_wconf 85' lang='lat' dir='ltr'><strong>sensu,</strong></span> <span class='ocrx_word' id='word_1_80' title='bbox 1189 1037 1269 1079; x_wconf 89' lang='lat' dir='ltr'><strong>sed</strong></span> <span class='ocrx_word' id='word_1_81' title='bbox 1300 1035 1426 1079; x_wconf 87' lang='lat' dir='ltr'><strong>iuxta</strong></span> <span class='ocrx_word' id='word_1_82' title='bbox 1459 1035 1804 1092; x_wconf 83' lang='lat' dir='ltr'><strong>intelligentiam</strong></span> <span class='ocrx_word' id='word_1_83' title='bbox 1837 1045 1883 1081; x_wconf 86' lang='lat' dir='ltr'><strong>et</strong></span> 
     </span>
     <span class='ocr_line' id='line_1_12' title="bbox 251 1111 1671 1170; baseline 0.001 -15"><span class='ocrx_word' id='word_1_84' title='bbox 251 1126 435 1155; x_wconf 87' lang='lat' dir='ltr'><strong>sensum</strong></span> <span class='ocrx_word' id='word_1_85' title='bbox 461 1111 721 1164; x_wconf 89' lang='lat' dir='ltr'><strong>Societatis,</strong></span> <span class='ocrx_word' id='word_1_86' title='bbox 747 1127 881 1167; x_wconf 89' lang='lat' dir='ltr'><strong>quem</strong></span> <span class='ocrx_word' id='word_1_87' title='bbox 905 1112 1095 1168; x_wconf 81' lang='lat' dir='ltr'><strong>legitimi</strong></span> <span class='ocrx_word' id='word_1_88' title='bbox 1119 1112 1376 1168; x_wconf 87' lang='lat' dir='ltr'><strong>superiores</strong></span> <span class='ocrx_word' id='word_1_89' title='bbox 1398 1122 1671 1170; x_wconf 87' lang='lat' dir='ltr'><strong>suggerunt.</strong></span> 
     </span>
    </p>

    <p class='ocr_par' dir='ltr' id='par_1_5' title="bbox 232 1189 1882 1399">
     <span class='ocr_line' id='line_1_13' title="bbox 339 1189 1879 1246; baseline 0.001 -13"><span class='ocrx_word' id='word_1_90' title='bbox 339 1189 730 1245; x_wconf 88' lang='lat' dir='ltr'><strong>Superintendens</strong></span> <span class='ocrx_word' id='word_1_91' title='bbox 751 1189 959 1245; x_wconf 89' lang='lat' dir='ltr'><strong>accipere</strong></span> <span class='ocrx_word' id='word_1_92' title='bbox 981 1190 1118 1233; x_wconf 90' lang='lat' dir='ltr'><strong>debet</strong></span> <span class='ocrx_word' id='word_1_93' title='bbox 1140 1189 1485 1246; x_wconf 84' lang='lat' dir='ltr'><strong>intelligentiam</strong></span> <span class='ocrx_word' id='word_1_94' title='bbox 1509 1189 1647 1232; x_wconf 91' lang='lat' dir='ltr'><strong>officii</strong></span> <span class='ocrx_word' id='word_1_95' title='bbox 1669 1190 1754 1243; x_wconf 91' lang='lat' dir='ltr'><strong>sui,</strong></span> <span class='ocrx_word' id='word_1_96' title='bbox 1780 1205 1879 1234; x_wconf 86' lang='lat' dir='ltr'><strong>mo-</strong></span> 
     </span>
     <span class='ocr_line' id='line_1_14' title="bbox 251 1265 1882 1331; baseline 0.002 -23"><span class='ocrx_word' id='word_1_97' title='bbox 251 1267 452 1321; x_wconf 89' lang='lat' dir='ltr'><strong>dumque</strong></span> <span class='ocrx_word' id='word_1_98' title='bbox 483 1265 596 1308; x_wconf 91' lang='lat' dir='ltr'><strong>illud</strong></span> <span class='ocrx_word' id='word_1_99' title='bbox 632 1266 885 1322; x_wconf 87' lang='lat' dir='ltr'><strong>exequendi</strong></span> <span class='ocrx_word' id='word_1_100' title='bbox 924 1267 981 1308; x_wconf 88' lang='lat' dir='ltr'><strong>ab</strong></span> <span class='ocrx_word' id='word_1_101' title='bbox 1018 1266 1278 1331; x_wconf 86' lang='lat' dir='ltr'><strong>immediato</strong></span> <span class='ocrx_word' id='word_1_102' title='bbox 1315 1266 1548 1322; x_wconf 85' lang='lat' dir='ltr'><strong>superiore</strong></span> <span class='ocrx_word' id='word_1_103' title='bbox 1579 1281 1679 1320; x_wconf 91' lang='lat' dir='ltr'><strong>suo,</strong></span> <span class='ocrx_word' id='word_1_104' title='bbox 1715 1281 1882 1324; x_wconf 87' lang='lat' dir='ltr'><strong>nempe</strong></span> 
     </span>
     <span class='ocr_line' id='line_1_15' title="bbox 232 1342 1635 1399; baseline 0 -13"><span class='ocrx_word' id='word_1_105' title='bbox 232 1345 423 1387; x_wconf 89' lang='lat' dir='ltr'><strong>·Romae</strong></span> <span class='ocrx_word' id='word_1_106' title='bbox 445 1359 471 1386; x_wconf 89' lang='lat' dir='ltr'><strong>a</strong></span> <span class='ocrx_word' id='word_1_107' title='bbox 492 1342 709 1399; x_wconf 89' lang='lat' dir='ltr'><strong>generali:</strong></span> <span class='ocrx_word' id='word_1_108' title='bbox 735 1343 833 1386; x_wconf 87' lang='lat' dir='ltr'><strong>aliis</strong></span> <span class='ocrx_word' id='word_1_109' title='bbox 855 1343 900 1385; x_wconf 92' lang='lat' dir='ltr'><strong>in</strong></span> <span class='ocrx_word' id='word_1_110' title='bbox 923 1343 1036 1386; x_wconf 91' lang='lat' dir='ltr'><strong>locis</strong></span> <span class='ocrx_word' id='word_1_111' title='bbox 1058 1358 1083 1386; x_wconf 89' lang='lat' dir='ltr'><strong>a</strong></span> <span class='ocrx_word' id='word_1_112' title='bbox 1105 1342 1372 1399; x_wconf 87' lang='lat' dir='ltr'><strong>prouinciali</strong></span> <span class='ocrx_word' id='word_1_113' title='bbox 1396 1343 1635 1387; x_wconf 90' lang='lat' dir='ltr'><strong>ordinarie.</strong></span> 
     </span>
    </p>

    <p class='ocr_par' dir='ltr' id='par_1_6' title="bbox 248 1419 1889 2081">
     <span class='ocr_line' id='line_1_16' title="bbox 338 1419 1887 1476; baseline 0 -12"><span class='ocrx_word' id='word_1_114' title='bbox 338 1420 397 1465; x_wconf 87' lang='grc'><strong>151</strong></span> <span class='ocrx_word' id='word_1_115' title='bbox 419 1419 844 1476; x_wconf 86' lang='lat' dir='ltr'><strong>Superintendentis</strong></span> <span class='ocrx_word' id='word_1_116' title='bbox 868 1419 1068 1462; x_wconf 86' lang='lat' dir='ltr'><strong>officium</strong></span> <span class='ocrx_word' id='word_1_117' title='bbox 1098 1419 1144 1462; x_wconf 90' lang='lat' dir='ltr'><strong>in</strong></span> <span class='ocrx_word' id='word_1_118' title='bbox 1167 1434 1222 1464; x_wconf 88' lang='lat' dir='ltr'><strong>eo</strong></span> <span class='ocrx_word' id='word_1_119' title='bbox 1246 1419 1468 1472; x_wconf 85' lang='lat' dir='ltr'><strong>consistit,</strong></span> <span class='ocrx_word' id='word_1_120' title='bbox 1497 1427 1543 1462; x_wconf 90' lang='lat' dir='ltr'><strong>vt</strong></span> <span class='ocrx_word' id='word_1_121' title='bbox 1571 1419 1780 1476; x_wconf 88' lang='lat' dir='ltr'><strong>collegio,</strong></span> <span class='ocrx_word' id='word_1_122' title='bbox 1813 1434 1887 1464; x_wconf 85' lang='lat' dir='ltr'><strong>re·-</strong></span> 
     </span>
     <span class='ocr_line' id='line_1_17' title="bbox 249 1496 1879 1552; baseline -0.001 -12"><span class='ocrx_word' id='word_1_123' title='bbox 249 1497 363 1540; x_wconf 90' lang='lat' dir='ltr'><strong>ctori</strong></span> <span class='ocrx_word' id='word_1_124' title='bbox 391 1505 436 1540; x_wconf 91' lang='lat' dir='ltr'><strong>et</strong></span> <span class='ocrx_word' id='word_1_125' title='bbox 465 1496 736 1541; x_wconf 86' lang='lat' dir='ltr'><strong>officialibus</strong></span> <span class='ocrx_word' id='word_1_126' title='bbox 763 1497 952 1552; x_wconf 88' lang='lat' dir='ltr'><strong>aliisque</strong></span> <span class='ocrx_word' id='word_1_127' title='bbox 980 1497 1191 1540; x_wconf 91' lang='lat' dir='ltr'><strong>omnibus</strong></span> <span class='ocrx_word' id='word_1_128' title='bbox 1219 1497 1476 1540; x_wconf 87' lang='lat' dir='ltr'><strong>Vniuersam</strong></span> <span class='ocrx_word' id='word_1_129' title='bbox 1506 1511 1604 1540; x_wconf 87' lang='lat' dir='ltr'><strong>eam</strong></span> <span class='ocrx_word' id='word_1_130' title='bbox 1636 1497 1879 1551; x_wconf 90' lang='lat' dir='ltr'><strong>rationem,</strong></span> 
     </span>
     <span class='ocr_line' id='line_1_18' title="bbox 249 1573 1882 1630; baseline 0.001 -13"><span class='ocrx_word' id='word_1_131' title='bbox 249 1575 452 1624; x_wconf 86' lang='lat' dir='ltr'><strong>modum,</strong></span> <span class='ocrx_word' id='word_1_132' title='bbox 473 1582 519 1616; x_wconf 92' lang='lat' dir='ltr'><strong>et</strong></span> <span class='ocrx_word' id='word_1_133' title='bbox 541 1573 855 1618; x_wconf 86' lang='lat' dir='ltr'><strong>executionem</strong></span> <span class='ocrx_word' id='word_1_134' title='bbox 880 1574 1173 1630; x_wconf 89' lang='lat' dir='ltr'><strong>praescribat,</strong></span> <span class='ocrx_word' id='word_1_135' title='bbox 1199 1589 1334 1629; x_wconf 91' lang='lat' dir='ltr'><strong>quam</strong></span> <span class='ocrx_word' id='word_1_136' title='bbox 1357 1589 1383 1617; x_wconf 91' lang='lat' dir='ltr'><strong>a</strong></span> <span class='ocrx_word' id='word_1_137' title='bbox 1405 1589 1488 1617; x_wconf 89' lang='lat' dir='ltr'><strong>suo</strong></span> <span class='ocrx_word' id='word_1_138' title='bbox 1509 1574 1730 1630; x_wconf 84' lang='lat' dir='ltr'><strong>superiori</strong></span> <span class='ocrx_word' id='word_1_139' title='bbox 1751 1588 1882 1618; x_wconf 89' lang='lat' dir='ltr'><strong>acce-</strong></span> 
     </span>
     <span class='ocr_line' id='line_1_19' title="bbox 248 1650 1889 1708; baseline 0 -14"><span class='ocrx_word' id='word_1_140' title='bbox 248 1652 380 1707; x_wconf 85' lang='lat' dir='ltr'><strong>perit,</strong></span> <span class='ocrx_word' id='word_1_141' title='bbox 407 1666 497 1708; x_wconf 90' lang='lat' dir='ltr'><strong>qua</strong></span> <span class='ocrx_word' id='word_1_142' title='bbox 526 1666 607 1707; x_wconf 89' lang='lat' dir='ltr'><strong>per</strong></span> <span class='ocrx_word' id='word_1_143' title='bbox 634 1650 735 1694; x_wconf 89' lang='lat' dir='ltr'><strong>illos</strong></span> <span class='ocrx_word' id='word_1_144' title='bbox 761 1650 883 1707; x_wconf 88' lang='lat' dir='ltr'><strong>ipsos</strong></span> <span class='ocrx_word' id='word_1_145' title='bbox 913 1651 1140 1694; x_wconf 88' lang='lat' dir='ltr'><strong>ministros</strong></span> <span class='ocrx_word' id='word_1_146' title='bbox 1167 1666 1275 1694; x_wconf 88' lang='lat' dir='ltr'><strong>suos</strong></span> <span class='ocrx_word' id='word_1_147' title='bbox 1296 1651 1540 1708; x_wconf 84' lang='lat' dir='ltr'><strong>collegium</strong></span> <span class='ocrx_word' id='word_1_148' title='bbox 1569 1650 1627 1694; x_wconf 92' lang='lat' dir='ltr'><strong>sit</strong></span> <span class='ocrx_word' id='word_1_149' title='bbox 1654 1651 1889 1707; x_wconf 76' lang='lat' dir='ltr'><strong>guberna-</strong></span> 
     </span>
     <span class='ocr_line' id='line_1_20' title="bbox 250 1727 1878 1785; baseline -0.001 -14"><span class='ocrx_word' id='word_1_150' title='bbox 250 1736 395 1772; x_wconf 88' lang='lat' dir='ltr'><strong>turus.</strong></span> <span class='ocrx_word' id='word_1_151' title='bbox 429 1731 519 1772; x_wconf 88' lang='lat' dir='ltr'><strong>Res</strong></span> <span class='ocrx_word' id='word_1_152' title='bbox 558 1736 708 1771; x_wconf 90' lang='lat' dir='ltr'><strong>tamen</strong></span> <span class='ocrx_word' id='word_1_153' title='bbox 736 1728 908 1784; x_wconf 88' lang='lat' dir='ltr'><strong>aliquas</strong></span> <span class='ocrx_word' id='word_1_154' title='bbox 937 1729 1021 1771; x_wconf 86' lang='lat' dir='ltr'><strong>sibi</strong></span> <span class='ocrx_word' id='word_1_155' title='bbox 1050 1729 1133 1771; x_wconf 90' lang='lat' dir='ltr'><strong>soli</strong></span> <span class='ocrx_word' id='word_1_156' title='bbox 1161 1729 1364 1785; x_wconf 87' lang='lat' dir='ltr'><strong>agendas</strong></span> <span class='ocrx_word' id='word_1_157' title='bbox 1392 1727 1619 1772; x_wconf 90' lang='lat' dir='ltr'><strong>ordinarie</strong></span> <span class='ocrx_word' id='word_1_158' title='bbox 1657 1736 1878 1772; x_wconf 89' lang='lat' dir='ltr'><strong>reseruet.</strong></span> 
     </span>
     <span class='ocr_line' id='line_1_21' title="bbox 249 1804 1886 1862; baseline 0 -13"><span class='ocrx_word' id='word_1_159' title='bbox 249 1806 506 1849; x_wconf 89' lang='lat' dir='ltr'><strong>Nonnullas</strong></span> <span class='ocrx_word' id='word_1_160' title='bbox 543 1804 679 1850; x_wconf 85' lang='lat' dir='ltr'><strong>etiam</strong></span> <span class='ocrx_word' id='word_1_161' title='bbox 712 1805 821 1848; x_wconf 88' lang='lat' dir='ltr'><strong>alias</strong></span> <span class='ocrx_word' id='word_1_162' title='bbox 853 1806 1223 1858; x_wconf 78' lang='lat' dir='ltr'><strong>extraordinarie,</strong></span> <span class='ocrx_word' id='word_1_163' title='bbox 1258 1821 1314 1849; x_wconf 87' lang='lat' dir='ltr'><strong>ex</strong></span> <span class='ocrx_word' id='word_1_164' title='bbox 1347 1820 1537 1862; x_wconf 90' lang='lat' dir='ltr'><strong>quarum</strong></span> <span class='ocrx_word' id='word_1_165' title='bbox 1570 1804 1886 1850; x_wconf 85' lang='lat' dir='ltr'><strong>reseruatione</strong></span> 
     </span>
     <span class='ocr_line' id='line_1_22' title="bbox 249 1882 1883 1939; baseline -0.001 -13"><span class='ocrx_word' id='word_1_166' title='bbox 249 1890 434 1927; x_wconf 81' lang='lat' dir='ltr'><strong>censeat</strong></span> <span class='ocrx_word' id='word_1_167' title='bbox 472 1882 655 1939; x_wconf 87' lang='lat' dir='ltr'><strong>collegii</strong></span> <span class='ocrx_word' id='word_1_168' title='bbox 692 1883 1071 1939; x_wconf 84' lang='lat' dir='ltr'><strong>gubernationem</strong></span> <span class='ocrx_word' id='word_1_169' title='bbox 1111 1883 1316 1926; x_wconf 85' lang='lat' dir='ltr'><strong>adiuuari</strong></span> <span class='ocrx_word' id='word_1_170' title='bbox 1355 1883 1427 1926; x_wconf 90' lang='lat' dir='ltr'><strong>vel</strong></span> <span class='ocrx_word' id='word_1_171' title='bbox 1464 1882 1698 1927; x_wconf 86' lang='lat' dir='ltr'><strong>reformari</strong></span> <span class='ocrx_word' id='word_1_172' title='bbox 1726 1896 1883 1938; x_wconf 90' lang='lat' dir='ltr'><strong>posse,</strong></span> 
     </span>
     <span class='ocr_line' id='line_1_23' title="bbox 249 1959 1883 2016; baseline -0.001 -13"><span class='ocrx_word' id='word_1_173' title='bbox 249 1969 295 2003; x_wconf 89' lang='lat' dir='ltr'><strong>et</strong></span> <span class='ocrx_word' id='word_1_174' title='bbox 315 1962 400 2003; x_wconf 88' lang='lat' dir='ltr'><strong>has</strong></span> <span class='ocrx_word' id='word_1_175' title='bbox 418 1959 599 2015; x_wconf 90' lang='lat' dir='ltr'><strong>quidem</strong></span> <span class='ocrx_word' id='word_1_176' title='bbox 624 1960 875 2003; x_wconf 89' lang='lat' dir='ltr'><strong>reseruabit</strong></span> <span class='ocrx_word' id='word_1_177' title='bbox 897 1961 1043 2004; x_wconf 92' lang='lat' dir='ltr'><strong>donec</strong></span> <span class='ocrx_word' id='word_1_178' title='bbox 1065 1959 1309 2016; x_wconf 86' lang='lat' dir='ltr'><strong>collegium</strong></span> <span class='ocrx_word' id='word_1_179' title='bbox 1333 1959 1378 2002; x_wconf 92' lang='lat' dir='ltr'><strong>in</strong></span> <span class='ocrx_word' id='word_1_180' title='bbox 1401 1974 1535 2002; x_wconf 89' lang='lat' dir='ltr'><strong>suum</strong></span> <span class='ocrx_word' id='word_1_181' title='bbox 1558 1966 1724 2002; x_wconf 88' lang='lat' dir='ltr'><strong>statum</strong></span> <span class='ocrx_word' id='word_1_182' title='bbox 1750 1959 1883 2002; x_wconf 89' lang='lat' dir='ltr'><strong>resti-</strong></span> 
     </span>
     <span class='ocr_line' id='line_1_24' title="bbox 251 2034 422 2081; baseline 0 -2"><span class='ocrx_word' id='word_1_183' title='bbox 251 2034 422 2081; x_wconf 85' lang='lat' dir='ltr'><strong>tuatur.</strong></span> 
     </span>
    </p>

    <p class='ocr_par' dir='ltr' id='par_1_7' title="bbox 250 2112 1884 2247">
     <span class='ocr_line' id='line_1_25' title="bbox 337 2112 1884 2170; baseline -0.002 -13"><span class='ocrx_word' id='word_1_184' title='bbox 337 2115 496 2166; x_wconf 89' lang='lat' dir='ltr'><strong>Curet,</strong></span> <span class='ocrx_word' id='word_1_185' title='bbox 521 2121 572 2156; x_wconf 91' lang='lat' dir='ltr'><strong>vt</strong></span> <span class='ocrx_word' id='word_1_186' title='bbox 593 2130 619 2158; x_wconf 91' lang='lat' dir='ltr'><strong>a</strong></span> <span class='ocrx_word' id='word_1_187' title='bbox 641 2129 690 2158; x_wconf 87' lang='lat' dir='ltr'><strong>se</strong></span> <span class='ocrx_word' id='word_1_188' title='bbox 713 2121 925 2169; x_wconf 86' lang='lat' dir='ltr'><strong>tanquam</strong></span> <span class='ocrx_word' id='word_1_189' title='bbox 957 2113 1159 2156; x_wconf 90' lang='lat' dir='ltr'><strong>omnium</strong></span> <span class='ocrx_word' id='word_1_190' title='bbox 1189 2113 1423 2170; x_wconf 90' lang='lat' dir='ltr'><strong>superiore</strong></span> <span class='ocrx_word' id='word_1_191' title='bbox 1450 2112 1714 2156; x_wconf 88' lang='lat' dir='ltr'><strong>vniuersum</strong></span> <span class='ocrx_word' id='word_1_192' title='bbox 1744 2113 1884 2155; x_wconf 87' lang='lat' dir='ltr'><strong>colle-</strong></span> 
     </span>
     <span class='ocr_line' id='line_1_26' title="bbox 250 2190 1200 2247; baseline -0.001 -14"><span class='ocrx_word' id='word_1_193' title='bbox 250 2191 378 2247; x_wconf 90' lang='lat' dir='ltr'><strong>gium</strong></span> <span class='ocrx_word' id='word_1_194' title='bbox 402 2192 616 2247; x_wconf 89' lang='lat' dir='ltr'><strong>pendeat,</strong></span> <span class='ocrx_word' id='word_1_195' title='bbox 641 2190 883 2247; x_wconf 89' lang='lat' dir='ltr'><strong>praecipue</strong></span> <span class='ocrx_word' id='word_1_196' title='bbox 905 2205 1014 2234; x_wconf 90' lang='lat' dir='ltr'><strong>vero</strong></span> <span class='ocrx_word' id='word_1_197' title='bbox 1037 2197 1200 2233; x_wconf 89' lang='lat' dir='ltr'><strong>rector.</strong></span> 
     </span>
    </p>

    <p class='ocr_par' dir='ltr' id='par_1_8' title="bbox 248 2265 1887 2477">
     <span class='ocr_line' id='line_1_27' title="bbox 337 2265 1887 2324; baseline -0.003 -12"><span class='ocrx_word' id='word_1_198' title='bbox 337 2267 462 2312; x_wconf 88' lang='lat' dir='ltr'><strong>Sciat</strong></span> <span class='ocrx_word' id='word_1_199' title='bbox 483 2283 593 2312; x_wconf 91' lang='lat' dir='ltr'><strong>vero</strong></span> <span class='ocrx_word' id='word_1_200' title='bbox 616 2281 931 2324; x_wconf 86' lang='lat' dir='ltr'><strong>quaecumque</strong></span> <span class='ocrx_word' id='word_1_201' title='bbox 952 2267 998 2309; x_wconf 89' lang='lat' dir='ltr'><strong>in</strong></span> <span class='ocrx_word' id='word_1_202' title='bbox 1021 2266 1216 2323; x_wconf 89' lang='lat' dir='ltr'><strong>collegio</strong></span> <span class='ocrx_word' id='word_1_203' title='bbox 1238 2267 1371 2318; x_wconf 88' lang='lat' dir='ltr'><strong>fiunt,</strong></span> <span class='ocrx_word' id='word_1_204' title='bbox 1396 2265 1591 2310; x_wconf 85' lang='lat' dir='ltr'><strong>maxime</strong></span> <span class='ocrx_word' id='word_1_205' title='bbox 1621 2280 1711 2321; x_wconf 93' lang='lat' dir='ltr'><strong>quo</strong></span> <span class='ocrx_word' id='word_1_206' title='bbox 1742 2266 1887 2309; x_wconf 92' lang='lat' dir='ltr'><strong>modo</strong></span> 
     </span>
     <span class='ocr_line' id='line_1_28' title="bbox 248 2342 1882 2401; baseline -0.002 -14"><span class='ocrx_word' id='word_1_207' title='bbox 248 2359 298 2388; x_wconf 90' lang='lat' dir='ltr'><strong>se</strong></span> <span class='ocrx_word' id='word_1_208' title='bbox 325 2351 457 2401; x_wconf 84' lang='lat' dir='ltr'><strong>gerat</strong></span> <span class='ocrx_word' id='word_1_209' title='bbox 485 2352 632 2389; x_wconf 89' lang='lat' dir='ltr'><strong>rector</strong></span> <span class='ocrx_word' id='word_1_210' title='bbox 663 2343 738 2389; x_wconf 78' lang='lat'><strong>152</strong></span> <span class='ocrx_word' id='word_1_211' title='bbox 758 2344 1016 2399; x_wconf 83' lang='lat' dir='ltr'><strong>caeterique</strong></span> <span class='ocrx_word' id='word_1_212' title='bbox 1045 2343 1280 2395; x_wconf 89' lang='lat' dir='ltr'><strong>officiales,</strong></span> <span class='ocrx_word' id='word_1_213' title='bbox 1313 2350 1451 2398; x_wconf 88' lang='lat' dir='ltr'><strong>atque</strong></span> <span class='ocrx_word' id='word_1_214' title='bbox 1479 2343 1613 2385; x_wconf 90' lang='lat' dir='ltr'><strong>etiam</strong></span> <span class='ocrx_word' id='word_1_215' title='bbox 1637 2342 1882 2398; x_wconf 89' lang='lat' dir='ltr'><strong>particula-</strong></span> 
     </span>
     <span class='ocr_line' id='line_1_29' title="bbox 248 2420 1595 2477; baseline -0.001 -14"><span class='ocrx_word' id='word_1_216' title='bbox 248 2436 337 2475; x_wconf 87' lang='lat' dir='ltr'><strong>res,</strong></span> <span class='ocrx_word' id='word_1_217' title='bbox 363 2428 424 2474; x_wconf 89' lang='lat' dir='ltr'><strong>et,</strong></span> <span class='ocrx_word' id='word_1_218' title='bbox 449 2421 526 2464; x_wconf 91' lang='lat' dir='ltr'><strong>vbi</strong></span> <span class='ocrx_word' id='word_1_219' title='bbox 549 2435 664 2477; x_wconf 90' lang='lat' dir='ltr'><strong>opus</strong></span> <span class='ocrx_word' id='word_1_220' title='bbox 687 2421 837 2473; x_wconf 86' lang='lat' dir='ltr'><strong>fuerit,</strong></span> <span class='ocrx_word' id='word_1_221' title='bbox 863 2421 959 2477; x_wconf 88' lang='lat' dir='ltr'><strong>ipse</strong></span> <span class='ocrx_word' id='word_1_222' title='bbox 981 2421 1199 2464; x_wconf 89' lang='lat' dir='ltr'><strong>auxilium</strong></span> <span class='ocrx_word' id='word_1_223' title='bbox 1222 2435 1355 2464; x_wconf 89' lang='lat' dir='ltr'><strong>suum</strong></span> <span class='ocrx_word' id='word_1_224' title='bbox 1378 2420 1595 2463; x_wconf 85' lang='lat' dir='ltr'><strong>conferat.</strong></span> 
     </span>
    </p>

    <p class='ocr_par' dir='ltr' id='par_1_9' title="bbox 249 2495 1885 2618">
     <span class='ocr_line' id='line_1_30' title="bbox 337 2495 1885 2554; baseline -0.003 -13"><span class='ocrx_word' id='word_1_225' title='bbox 337 2499 427 2541; x_wconf 88' lang='lat' dir='ltr'><strong>Res</strong></span> <span class='ocrx_word' id='word_1_226' title='bbox 449 2513 542 2550; x_wconf 90' lang='lat' dir='ltr'><strong>eas,</strong></span> <span class='ocrx_word' id='word_1_227' title='bbox 569 2513 687 2553; x_wconf 89' lang='lat' dir='ltr'><strong>quae</strong></span> <span class='ocrx_word' id='word_1_228' title='bbox 709 2505 815 2541; x_wconf 92' lang='lat' dir='ltr'><strong>sunt</strong></span> <span class='ocrx_word' id='word_1_229' title='bbox 839 2498 1038 2551; x_wconf 87' lang='lat' dir='ltr'><strong>odiosae,</strong></span> <span class='ocrx_word' id='word_1_230' title='bbox 1070 2513 1150 2554; x_wconf 90' lang='lat' dir='ltr'><strong>per</strong></span> <span class='ocrx_word' id='word_1_231' title='bbox 1179 2505 1400 2541; x_wconf 87' lang='lat' dir='ltr'><strong>rectorem</strong></span> <span class='ocrx_word' id='word_1_232' title='bbox 1430 2505 1554 2553; x_wconf 88' lang='lat' dir='ltr'><strong>agat,</strong></span> <span class='ocrx_word' id='word_1_233' title='bbox 1586 2497 1659 2540; x_wconf 91' lang='lat' dir='ltr'><strong>vel</strong></span> <span class='ocrx_word' id='word_1_234' title='bbox 1687 2510 1767 2552; x_wconf 88' lang='lat' dir='ltr'><strong>per</strong></span> <span class='ocrx_word' id='word_1_235' title='bbox 1796 2495 1885 2538; x_wconf 90' lang='lat' dir='ltr'><strong>mi-</strong></span> 
     </span>
     <span class='ocr_line' id='line_1_31' title="bbox 249 2575 456 2618; baseline -0.005 0"><span class='ocrx_word' id='word_1_236' title='bbox 249 2575 456 2618; x_wconf 87' lang='lat' dir='ltr'><strong>nistrum.</strong></span> 
     </span>
    </p>

    <p class='ocr_par' dir='ltr' id='par_1_10' title="bbox 248 2652 1882 2851">
     <span class='ocr_line' id='line_1_32' title="bbox 338 2652 1881 2707; baseline -0.003 -11"><span class='ocrx_word' id='word_1_237' title='bbox 338 2653 480 2696; x_wconf 87' lang='lat' dir='ltr'><strong>Curet</strong></span> <span class='ocrx_word' id='word_1_238' title='bbox 502 2659 552 2695; x_wconf 90' lang='lat' dir='ltr'><strong>vt</strong></span> <span class='ocrx_word' id='word_1_239' title='bbox 574 2652 660 2695; x_wconf 91' lang='lat' dir='ltr'><strong>sibi</strong></span> <span class='ocrx_word' id='word_1_240' title='bbox 681 2666 839 2695; x_wconf 89' lang='lat' dir='ltr'><strong>omnes</strong></span> <span class='ocrx_word' id='word_1_241' title='bbox 860 2653 1024 2695; x_wconf 90' lang='lat' dir='ltr'><strong>habeat</strong></span> <span class='ocrx_word' id='word_1_242' title='bbox 1046 2653 1352 2707; x_wconf 88' lang='lat' dir='ltr'><strong>obsequentes</strong></span> <span class='ocrx_word' id='word_1_243' title='bbox 1381 2665 1484 2693; x_wconf 89' lang='lat' dir='ltr'><strong>cum</strong></span> <span class='ocrx_word' id='word_1_244' title='bbox 1514 2665 1669 2694; x_wconf 90' lang='lat' dir='ltr'><strong>amore</strong></span> <span class='ocrx_word' id='word_1_245' title='bbox 1701 2657 1748 2694; x_wconf 92' lang='lat' dir='ltr'><strong>et</strong></span> <span class='ocrx_word' id='word_1_246' title='bbox 1776 2664 1881 2692; x_wconf 87' lang='lat' dir='ltr'><strong>sua-</strong></span> 
     </span>
     <span class='ocr_line' id='line_1_33' title="bbox 250 2726 1882 2787; baseline -0.002 -15"><span class='ocrx_word' id='word_1_247' title='bbox 250 2729 408 2782; x_wconf 90' lang='lat' dir='ltr'><strong>uitate,</strong></span> <span class='ocrx_word' id='word_1_248' title='bbox 440 2729 590 2785; x_wconf 89' lang='lat' dir='ltr'><strong>sitque</strong></span> <span class='ocrx_word' id='word_1_249' title='bbox 619 2730 716 2787; x_wconf 87' lang='lat' dir='ltr'><strong>ipse</strong></span> <span class='ocrx_word' id='word_1_250' title='bbox 743 2729 954 2772; x_wconf 89' lang='lat' dir='ltr'><strong>omnibus</strong></span> <span class='ocrx_word' id='word_1_251' title='bbox 983 2737 1157 2774; x_wconf 89' lang='lat' dir='ltr'><strong>certum</strong></span> <span class='ocrx_word' id='word_1_252' title='bbox 1187 2729 1414 2785; x_wconf 86' lang='lat' dir='ltr'><strong>refugium</strong></span> <span class='ocrx_word' id='word_1_253' title='bbox 1445 2742 1497 2771; x_wconf 92' lang='lat' dir='ltr'><strong>ac</strong></span> <span class='ocrx_word' id='word_1_254' title='bbox 1519 2726 1806 2784; x_wconf 86' lang='lat' dir='ltr'><strong>refrigerium</strong></span> <span class='ocrx_word' id='word_1_255' title='bbox 1835 2726 1882 2768; x_wconf 92' lang='lat' dir='ltr'><strong>in</strong></span> 
     </span>
     <span class='ocr_line' id='line_1_34' title="bbox 248 2806 462 2851; baseline 0.005 -1"><span class='ocrx_word' id='word_1_256' title='bbox 248 2806 462 2851; x_wconf 90' lang='lat' dir='ltr'><strong>Domino.</strong></span> 
     </span>
    </p>

    <p class='ocr_par' dir='ltr' id='par_1_11' title="bbox 242 2879 1882 3094">
     <span class='ocr_line' id='line_1_35' title="bbox 340 2879 1878 2948; baseline -0.003 -22"><span class='ocrx_word' id='word_1_257' title='bbox 340 2884 526 2940; x_wconf 80' lang='lat' dir='ltr'><strong>Cogitet</strong></span> <span class='ocrx_word' id='word_1_258' title='bbox 548 2899 602 2927; x_wconf 87' lang='lat' dir='ltr'><strong>ac</strong></span> <span class='ocrx_word' id='word_1_259' title='bbox 626 2891 776 2941; x_wconf 89' lang='lat' dir='ltr'><strong>speret</strong></span> <span class='ocrx_word' id='word_1_260' title='bbox 798 2884 843 2927; x_wconf 92' lang='lat' dir='ltr'><strong>in</strong></span> <span class='ocrx_word' id='word_1_261' title='bbox 861 2884 1058 2927; x_wconf 90' lang='lat' dir='ltr'><strong>Domino</strong></span> <span class='ocrx_word' id='word_1_262' title='bbox 1081 2891 1264 2940; x_wconf 89' lang='lat' dir='ltr'><strong>propter</strong></span> <span class='ocrx_word' id='word_1_263' title='bbox 1285 2883 1502 2936; x_wconf 85' lang='lat' dir='ltr'><strong>officium,</strong></span> <span class='ocrx_word' id='word_1_264' title='bbox 1524 2882 1645 2937; x_wconf 93' lang='lat' dir='ltr'><strong>quod</strong></span> <span class='ocrx_word' id='word_1_265' title='bbox 1668 2879 1878 2948; x_wconf 84' lang='lat' dir='ltr'><strong>sustinet,</strong></span> 
     </span>
     <span class='ocr_line' id='line_1_36' title="bbox 242 2957 1880 3018; baseline -0.003 -14"><span class='ocrx_word' id='word_1_266' title='bbox 242 2960 335 3004; x_wconf 81' lang='lat' dir='ltr'><strong>&#39;sibi</strong></span> <span class='ocrx_word' id='word_1_267' title='bbox 357 2962 507 3004; x_wconf 88' lang='lat' dir='ltr'><strong>datam</strong></span> <span class='ocrx_word' id='word_1_268' title='bbox 530 2961 583 3004; x_wconf 92' lang='lat' dir='ltr'><strong>iri</strong></span> <span class='ocrx_word' id='word_1_269' title='bbox 606 2961 818 3018; x_wconf 87' lang='lat' dir='ltr'><strong>gratiam,</strong></span> <span class='ocrx_word' id='word_1_270' title='bbox 845 2961 882 3004; x_wconf 91' lang='lat' dir='ltr'><strong>si</strong></span> <span class='ocrx_word' id='word_1_271' title='bbox 905 2962 1051 3018; x_wconf 88' lang='lat' dir='ltr'><strong>seipse</strong></span> <span class='ocrx_word' id='word_1_272' title='bbox 1074 2961 1346 3017; x_wconf 90' lang='lat' dir='ltr'><strong>disposuerit</strong></span> <span class='ocrx_word' id='word_1_273' title='bbox 1364 2974 1468 3003; x_wconf 91' lang='lat' dir='ltr'><strong>cum</strong></span> <span class='ocrx_word' id='word_1_274' title='bbox 1484 2958 1571 3004; x_wconf 91' lang='lat' dir='ltr'><strong>Dei</strong></span> <span class='ocrx_word' id='word_1_275' title='bbox 1589 2957 1771 3010; x_wconf 88' lang='lat' dir='ltr'><strong>auxilio,</strong></span> <span class='ocrx_word' id='word_1_276' title='bbox 1792 2971 1880 3012; x_wconf 87' lang='lat' dir='ltr'><strong>qua</strong></span> 
     </span>
     <span class='ocr_line' id='line_1_37' title="bbox 247 3033 1882 3094; baseline -0.004 -12"><span class='ocrx_word' id='word_1_277' title='bbox 247 3038 432 3094; x_wconf 88' lang='lat' dir='ltr'><strong>explere</strong></span> <span class='ocrx_word' id='word_1_278' title='bbox 454 3053 778 3082; x_wconf 90' lang='lat' dir='ltr'><strong>munussuum</strong></span> <span class='ocrx_word' id='word_1_279' title='bbox 801 3038 958 3094; x_wconf 89' lang='lat' dir='ltr'><strong>possit,</strong></span> <span class='ocrx_word' id='word_1_280' title='bbox 985 3039 1038 3081; x_wconf 91' lang='lat' dir='ltr'><strong>ad</strong></span> <span class='ocrx_word' id='word_1_281' title='bbox 1065 3037 1279 3082; x_wconf 88' lang='lat' dir='ltr'><strong>maiorem</strong></span> <span class='ocrx_word' id='word_1_282' title='bbox 1299 3036 1384 3080; x_wconf 92' lang='lat' dir='ltr'><strong>Dei</strong></span> <span class='ocrx_word' id='word_1_283' title='bbox 1407 3035 1598 3093; x_wconf 88' lang='lat' dir='ltr'><strong>gloriam</strong></span> <span class='ocrx_word' id='word_1_284' title='bbox 1615 3042 1662 3079; x_wconf 90' lang='lat' dir='ltr'><strong>et</strong></span> <span class='ocrx_word' id='word_1_285' title='bbox 1677 3033 1882 3086; x_wconf 83' lang='lat' dir='ltr'><strong>omnium</strong></span> 
     </span>
    </p>
   </div>
   <div class='ocr_carea' id='block_1_3' title="bbox 2006 1525 2098 3470">
    <p class='ocr_par' dir='ltr' id='par_1_12' title="bbox 2006 1525 2098 3470">
     <span class='ocr_line' id='line_1_38' title="bbox 2006 1525 2098 3470; baseline 0 0"><span class='ocrx_word' id='word_1_286' title='bbox 2006 1525 2098 3470; x_wconf 95' lang='lat' dir='ltr'><strong> </strong></span> 
     </span>
    </p>
   </div>
  </div>
 </body>
</html>
