2098 3470
1648 0 1847 29 ,νη

309 288 379 335 352
782 293 936 330 PA‘rms
964 294 1209 330 Hnssaouvm
1235 294 1386 331 NAnAr.

353 392 401 437 Si
415 407 504 448 qua
521 394 742 438 beneficia
759 395 925 439 nostris
939 397 1225 448 offerrentur,
1239 397 1295 438 ad
1307 410 1425 452 quae
1440 397 1613 440 nullum
1630 397 1702 441 ius
1712 397 1894 442 habuis-

262 477 365 514 sent
388 478 631 526 antequam
658 479 880 516 vouerent
901 480 1005 515 vota
1028 487 1110 516 sua
1132 472 1370 528 simplicia,
1396 488 1448 518 ea
1470 489 1527 517 an
1560 474 1733 530 possint
1755 474 1893 533 recipi

262 548 528 590 consulatur
551 549 687 592 Pater
714 550 954 605 generalis.

355 625 404 666 In
427 625 620 681 collegio
658 626 909 670 louaniensi
938 627 1116 671 alentur
1144 626 1368 670 ordinarie
1400 628 1487 670 hoc
1517 634 1720 684 tempore
1748 640 1820 683 27:
1855 629 1893 672 si

261 699 339 756 qui
376 709 612 756 praeterea
649 710 782 745 erunt
819 703 967 748 alendi
997 717 1282 759 quacumque
1315 703 1504 756 ratione,
1539 704 1585 746 id
1616 705 1695 748 fiat
1731 705 1893 749 iuditio

260 777 562 833 prouintialis:
587 779 708 822 vnde
735 779 798 822 illi
826 780 966 823 additi
1003 786 1136 822 erunt
1174 779 1340 832 alendi,
1374 779 1550 824 curabit
1587 781 1890 837 prouintialis;

261 869 354 898 non
378 862 528 898 tamen
552 863 790 912 propterea
812 872 902 900 non
926 858 1043 900 bona
1066 858 1155 900 fide
1178 857 1354 900 curabit
1378 857 1495 902 idem
1519 865 1721 902 rector...

912 990 975 1019 DE
1009 989 1242 1020 PERSONIS

352 1089 406 1131 P.
434 1089 637 1144 Jacobus
664 1089 692 1142 ¹,
718 1097 866 1132 rector
895 1087 1090 1144 collegii,
1123 1088 1406 1132 consiliarius
1434 1096 1480 1133 et
1511 1089 1765 1133 admonitor
1786 1103 1892 1146 pro-

262 1163 482 1209 uintialiS.
1210 1212 1211 1215 Ἰ
1780 1214 1783 1216 ,

349 1243 403 1284 Ρ.
437 1238 691 1297 Reynerus,
722 1242 928 1286 minister
963 1249 1009 1286 et
1046 1242 1352 1286 confessarius
1389 1242 1548 1287 diebus
1579 1243 1816 1287 dominicis
1845 1243 1892 1288 in

249 1325 420 1361 sancto
444 1318 681 1363 Michaele.

349 1397 400 1439 P.
446 1397 678 1440 Arnoldus
707 1398 740 1450 ²,
771 1404 1052 1453 procurator,
1093 1397 1395 1441 confessarius
1433 1404 1478 1442 et
1515 1397 1703 1442 rectoris
1739 1398 1890 1442 consi—-

258 1472 430 1516 liarius.
664 1473 668 1477 ’
809 1462 815 1468 ’

348 1553 402 1594 Ρ.
428 1551 766 1595 Maximilianus
788 1553 803 1573 ⁵
827 1557 872 1594 et
891 1554 942 1594 Ρ.
970 1551 1199 1594 Henricus
1221 1552 1237 1572 ⁴
1261 1551 1504 1594 consiliarii
1525 1551 1728 1595 rectoris.
1847 1604 1850 1608 ‚

350 1628 643 1672 Prouintialis
665 1628 911 1672 consiliarii
933 1636 1082 1672 erunt:
1111 1631 1164 1672 P.
1191 1627 1542 1682 Maudmilianus,
1564 1629 1618 1671 Ρ.
1639 1629 1891 1687 Arnoldus,

262 1706 315 1748 P.
343 1704 575 1748 Henricus
597 1713 643 1750 et
665 1712 829 1750 rector.

349 1784 401 1827 P.
428 1784 628 1840 Jacobus
656 1782 922 1835 insulensis,
954 1782 1171 1838 magister
1199 1782 1476 1826 nouitiorum
1505 1785 1562 1825 et
1588 1782 1893 1827 confessarius

256 1859 550 1903 domesticus.

347 1937 573 1980 Praefecti
595 1936 812 1980 orationis
835 1944 941 1979 sunt
964 1936 1243 1989 confessarii,
1269 1926 1472 1990 suorum,
1492 1936 1697 1993 superior
1718 1943 1763 1979 et
1785 1947 1891 1992 pro-

257 2014 473 2066 uintialis,
500 2015 719 2059 omniurn.

348 2094 400 2135 P.
421 2093 626 2149 jacobus
655 2098 803 2148 potest
832 2091 1103 2135 distribuere
1134 2092 1253 2134 bona
1283 2106 1364 2134 sua
1395 2098 1496 2147 post
1523 2089 1887 2146 quadriennium:

256 2176 407 2225 potest
429 2168 565 2212 etiam
587 2167 650 2210 illi
679 2168 882 2219 concedi,
915 2176 964 2210 ut
993 2167 1162 2223 aliquid
1184 2174 1304 2211 emat
1332 2182 1412 2223 pro
1434 2181 1516 2210 sua
1538 2166 1781 2210 deuotione
1807 2181 1891 2223 pro

256 2253 415 2289 nostro
437 2246 619 2290 sacello.
909 2285 916 2291 .

345 2325 469 2366 Dent
496 2337 695 2379 operam,
737 2329 787 2364 ut
823 2323 1020 2364 habeant
1057 2321 1350 2364 hortulanum
1387 2320 1604 2363 rusticum
1641 2319 1885 2364 hominem:

257 2400 428 2456 alioqui
450 2400 527 2455 qui
550 2401 675 2444 volet
696 2413 796 2443 esse
818 2400 970 2452 frater,
996 2401 1129 2454 quem
1153 2398 1394 2454 diligenter
1415 2397 1673 2453 inquirent.>

347 2479 418 2521 De
442 2479 592 2521 Duras
615 2476 871 2532 receptione
893 2475 1004 2518 nihil
1033 2475 1292 2528 definiatur,
1323 2475 1468 2518 donec
1496 2474 1593 2530 ipse
1621 2473 1679 2517 sit
1706 2488 1888 2530 promo-

257 2562 346 2598 tus.
374 2556 551 2599 Interea
574 2553 669 2610 ipse
691 2554 925 2596 commode
948 2560 1096 2609 potest
1118 2567 1255 2608 agere
1278 2552 1398 2608 apud
1420 2558 1608 2607 patrem,
1633 2557 1683 2594 vt
1706 2551 1887 2594 tandem

255 2639 412 2689 posset
431 2631 585 2688 recipi.
602 2632 719 2674 Cum
736 2644 844 2673 vero
861 2630 945 2673 erit
963 2637 1212 2686 promotus,
1227 2629 1343 2673 serio
1361 2635 1468 2684 aget
1485 2627 1766 2684 prouintialis
1783 2641 1887 2670 cum

255 2717 385 2765 patre
401 2710 458 2752 de
479 2709 577 2752 eius
600 2707 873 2764 receptione,
894 2714 939 2749 et
960 2706 1169 2750 liberabit
1186 2720 1235 2748 se
1257 2705 1549 2761 obligatione,
1570 2719 1703 2761 quam
1727 2713 1887 2748 susce·

254 2786 321 2843 pit
343 2787 400 2829 de
422 2800 477 2828 eo
500 2800 590 2828 non
613 2783 912 2828 admittendo:
939 2784 1147 2827 absoluto
1170 2782 1288 2827 enim
1311 2797 1464 2834 cursu,
1490 2781 1586 2838 ipse
1608 2780 1774 2837 poterit
1795 2785 1894 2836 quo'

327 2930 336 2950 ¹
390 2928 615 2975 Schipman.

327 2991 339 3010 ²
393 2988 540 3024 Hecius
559 2989 662 3033 (Van
681 2987 819 3031 Hees).

325 3049 339 3068 ³
363 3047 367 3050 ’
390 3048 679 3083 Maximilianus
698 3058 719 3081 a
737 3045 911 3091 Capella.

330 3109 342 3128 ²
392 3108 434 3142 P.
456 3107 650 3142 Henricus
669 3105 883 3151 Dionysius
902 3102 1090 3150 (Denys)?

1930 55 1931 58 ,
2022 55 2024 58 ,
2086 51 2093 69 ,ζ
