2098 3470
315 265 385 300 226
790 264 945 301 PATRIS
972 265 1215 302 HlERONYm
1242 266 1392 302 NADAL

267 380 369 408 mur
407 367 433 408 ¹.
476 365 622 422 Igitur
651 365 750 408 sine
786 366 1066 411 reuelatione
1104 366 1287 423 speciali
1326 381 1417 410 non
1445 374 1593 423 potest
1621 367 1722 423 quis
1749 374 1901 411 certus

266 457 368 486 esse
390 443 497 485 fidei
519 442 792 487 certitudine
813 458 913 488 esse
934 458 983 487 se
1005 443 1050 486 in
1075 443 1238 499 gratia.
1258 444 1349 487 Sed
1366 444 1476 487 satis
1494 444 1550 487 de
1571 444 1642 486 his
1660 445 1900 489 hactenus.

356 519 648 562 Fortissimus
671 520 850 563 animus
872 528 941 563 est
963 520 1221 563 induendus
1244 520 1290 562 in
1307 520 1491 564 Christo
1509 521 1729 564 aduersus
1746 535 1904 565 omnes

267 596 480 640 haereses
499 604 636 651 atque
652 596 923 649 haereticos,
944 597 1050 652 quia
1068 597 1345 650 huiusmodi,
1366 596 1542 641 etiamsi
1560 597 1727 655 alioqui
1746 612 1903 641 aman-

263 671 310 714 di
332 680 456 724 sunt,
482 687 572 728 qua
592 673 800 729 proximi,
827 673 1142 730 compassione
1165 675 1377 729 quadam,
1403 688 1456 717 ac
1485 688 1589 716 cum
1619 689 1772 718 amore
1804 674 1904 730 qui—

266 749 370 793 dem
392 764 570 806 semper
607 750 914 807 coniungatur
952 752 1077 794 zelus
1101 751 1186 794 Dei
1223 758 1382 794 contra
1420 751 1519 794 illos
1557 758 1603 794 et
1625 751 1904 794 abominatio

268 827 533 872 haeresum.

355 903 480 947 Nihil
497 904 676 947 illorum
694 912 885 956 ametur,
907 904 991 947 nisi
1009 912 1187 957 natura,
1209 919 1344 960 quam
1362 905 1533 948 habent
1556 919 1582 947 a
1604 907 1718 948 Deo:
1739 904 1777 948 si
1793 904 1902 960 quid

266 980 387 1023 enirn
417 981 540 1024 aliud
568 982 735 1026 habere
765 982 979 1024 uidentur
1007 982 1080 1024 uel
1113 981 1332 1024 uirtutum
1362 982 1599 1024 moralium
1630 984 1748 1036 (nam
1771 996 1900 1037 aper—

268 1065 363 1100 tum
386 1065 455 1101 est
472 1059 643 1101 nullam
665 1059 768 1101 illos
781 1060 948 1102 habere
967 1058 1177 1114 infusam)
1198 1059 1272 1101 uel
1290 1058 1574 1112 eruditionis,
1596 1057 1775 1103 etiamsi
1793 1057 1906 1100 nihil

265 1134 311 1177 in
334 1134 421 1178 illis
443 1142 564 1180 esset
601 1136 915 1192 deprauatum,
942 1150 1026 1179 nec
1060 1136 1182 1190 quod
1210 1135 1433 1179 haeresim
1456 1135 1719 1192 attingeret,
1754 1134 1905 1177 omnia

268 1219 418 1255 tamen
441 1220 549 1255 sunt
571 1212 888 1264 abominanda,
915 1227 1031 1268 quae
1053 1213 1110 1255 ab
1139 1213 1211 1255 his
1239 1212 1605 1268 proficiscuntur.
1639 1213 1756 1256 Nam
1789 1211 1827 1254 si
1848 1226 1904 1275 ex

267 1289 462 1334 ethnicis
486 1290 560 1333 illa
581 1290 912 1346 amplectimur,
939 1298 984 1334 et
1007 1290 1136 1344 quasi
1164 1290 1307 1346 spolia
1323 1303 1379 1332 ex
1398 1291 1613 1346 Aegypto
1632 1299 1788 1332 nostro
1805 1288 1904 1331 iure

270 1380 611 1422 recuperamus,
643 1375 797 1410 tamerr
833 1366 1040 1409 nonnihil
1077 1366 1208 1410 nobis
1241 1366 1430 1423 periculi
1453 1366 1672 1418 imminet,
1697 1379 1771 1418 ne,
1796 1366 1904 1408 dum

268 1457 424 1487 eorum
448 1443 664 1488 ueritates
687 1443 931 1496 imitamur,
958 1445 1015 1486 ad
1031 1458 1189 1486 eorum
1207 1458 1390 1499 quoque
1407 1458 1583 1487 errores
1600 1442 1767 1486 sensim
1796 1441 1903 1484 dila-

270 1521 431 1563 bamur
454 1528 499 1564 et
521 1521 817 1563 abducamur.
845 1522 893 1563 In
916 1520 1158 1565 haereticis
1183 1535 1310 1572 uero,
1342 1520 1421 1575 qui
1436 1519 1625 1563 ‘scilicet
1647 1519 1693 1563 in
1715 1534 1903 1576 praece-

237 1611 240 1615 ·
270 1604 348 1652 pto
370 1596 457 1641 Dei
479 1604 525 1641 et
548 1597 766 1641 ecclesiae
789 1605 895 1639 sunt
918 1597 1049 1640 nobis
1073 1596 1325 1648 deuitandi,
1346 1596 1458 1639 nihil
1472 1606 1726 1652 ‘possumus
1754 1596 1907 1640 mirari

270 1674 344 1718 uel
366 1673 579 1730 amplecti
598 1673 789 1731 (etiamsi
812 1688 972 1718 uerum
990 1674 1078 1730 sit),
1100 1673 1186 1716 nisi
1209 1681 1226 1698 ³
1247 1673 1294 1716 in
1317 1675 1404 1716 hoc
1426 1673 1627 1729 periculo
1651 1682 1903 1726 uersemur‚

269 1764 327 1793 ne
351 1765 505 1795 amore
527 1750 575 1792 in
598 1750 698 1793 illos
718 1751 932 1803 feramur,
959 1760 1004 1795 et
1026 1751 1082 1794 de
1104 1765 1261 1793 eorum
1284 1749 1550 1793 haeresibus
1572 1748 1897 1805 periclitemur.

359 1829 515 1883 Quare
537 1826 648 1870 nihil
671 1828 728 1869 ab
750 1827 837 1870 illis
866 1827 1074 1880 velimus,
1107 1842 1192 1872 nec
1215 1842 1374 1872 uerum
1399 1841 1483 1869 nec
1505 1827 1685 1879 falsum,
1710 1840 1794 1869 nec
1824 1827 1906 1869 bo-

270 1918 378 1947 num
402 1918 486 1948 nec
510 1905 693 1957 malum,
715 1905 837 1959 quod
859 1912 1017 1960 aperte
1034 1905 1167 1949 sedes
1185 1903 1431 1960 apostolica
1449 1902 1693 1959 significat;
1714 1902 1808 1956 vbi,
1827 1917 1906 1946 ne-

270 1981 483 2025 cessitate
506 1981 656 2036 aliqua
678 1982 890 2034 adducta,
917 1981 1126 2026 concedit
1148 1980 1388 2024 lectionem
1411 1980 1628 2022 librorum
1651 1979 1906 2024 haeretico·

273 2073 394 2111 rum,
427 2066 602 2102 tantum
641 2058 687 2101 id
724 2059 934 2101 concedit
973 2060 1030 2101 ad
1068 2059 1444 2114 oppugnandum.
1487 2058 1553 2099 Eo
1590 2056 1731 2113 igitur
1757 2056 1908 2099 animo

271 2137 441 2180 debent
464 2136 572 2192 legi,
600 2143 649 2178 ut
678 2151 704 2179 a
733 2135 899 2191 quibus
929 2135 1043 2178 nihil
1071 2135 1180 2178 boni
1210 2134 1421 2187 uelimus,
1446 2134 1526 2176 sed
1554 2140 1605 2176 ut
1633 2133 1796 2176 falsum
1823 2146 1907 2189 op-

271 2227 547 2270 pugnemus:
568 2213 700 2256 facile
717 2212 836 2255 enim
855 2220 923 2255 est
941 2213 1142 2265 credere,
1165 2210 1381 2267 quicquid
1399 2226 1455 2254 ex
1473 2209 1559 2253 illis
1582 2209 1788 2253 ueritatis
1803 2223 1906 2265 pro-

273 2290 506 2343 ficiscitur,
540 2290 586 2332 id
614 2305 640 2333 a
657 2291 876 2333 daemone
893 2289 1139 2344 impostore
1155 2287 1397 2344 proficisci,
1423 2294 1470 2329 vt
1485 2300 1714 2330 uenenum
1742 2285 1906 2329 illitum

272 2368 406 2412 melle
430 2366 696 2410 mortalibus
718 2365 869 2422 aegris
898 2365 1107 2421 propinet
1137 2371 1380 2408 ueterator.
1401 2366 1501 2422 Jam
1531 2363 1671 2419 igitur
1691 2363 1781 2407 mel
1803 2375 1906 2405 cum

276 2459 456 2489 ueneno
487 2444 589 2500 quis
618 2458 708 2486 non
739 2442 933 2487 reiiciat?
970 2443 1019 2485 Id
1057 2442 1177 2486 enim
1206 2441 1337 2484 nobis
1366 2438 1741 2484 commonstrauit
1770 2438 1906 2483 Chri-

271 2529 388 2575 stus,
415 2521 493 2564 ubi
515 2522 699 2565 nolebat
721 2535 747 2563 a
767 2519 1006 2563 daemonio
1036 2534 1196 2563 uerum
1226 2518 1434 2575 accipere
1465 2516 1773 2561 testimonium
1794 2516 1823 2559 ².
1850 2517 1908 2559 Et

274 2599 446 2642 Paulus
468 2598 599 2641 iussit
627 2597 858 2640 diabolum
888 2596 1132 2648 conticere,
1165 2611 1297 2640 ueras
1335 2609 1386 2639 ac
1416 2593 1664 2637 catholicas
1695 2592 1908 2636 ueritates

275 2676 628 2731 proclamantem
652 2676 683 2718 ⁵.
999 2671 1001 2673 ¹

363 2752 485 2795 Hinc
514 2752 565 2794 fit
595 2759 645 2794 ut
673 2767 732 2796 ne
758 2751 900 2794 libros
930 2751 1112 2806 quidem
1135 2749 1470 2794 haereticorum
1495 2748 1568 2791 uel
1596 2748 1803 2803 legamus
1833 2744 1908 2788 uel

274 2830 540 2881 habeamus,
567 2829 642 2873 uel
664 2828 822 2872 haberi
844 2828 1175 2884 permittamus,
1197 2827 1271 2869 uel
1301 2825 1409 2882 legi,
1435 2823 1611 2869 etiamsi
1640 2823 1751 2866 nihil
1779 2821 1838 2864 sit
1859 2821 1908 2863 in

345 2974 363 2992 a
412 2964 492 3010 Sic,
512 2975 580 3011 pro
598 2965 710 3010 quin.

347 3072 355 3092 ί
409 3072 580 3115 Pamin,
602 3072 652 3117 11,
677 3079 732 3106 12.
786 3104 792 3112 ,
890 3073 904 3092 ²
956 3070 1141 3117 MATTH.‚
1163 3070 1232 3114 IV,
1251 3069 1288 3115 6,
1306 3076 1346 3113 7.
1513 3068 1527 3088 ⁵
1578 3066 1700 3111 Acr„
1720 3064 1826 3108 XVI,
1848 3062 1904 3099 18.

2072 2075 2077 2082 ”
2078 1994 2085 2005 x

2088 2089 2098 2146 ιω.
2091 2016 2098 2068 ›.l..-
2096 1991 2098 1999 Δ
2092 1954 2098 1971 ,.
2095 1892 2098 1902 -
2095 1857 2098 1865 .
2094 1797 2098 1804 .

2068 2515 2098 2987 1-2-3’5'45fflffl3w27ffl2ffl
2077 2412 2098 2509 nm*
2080 2221 2098 2397 „kezmfiw
2084 2162 2098 2206 <Ju-
