2098 3470
861 259 1295 298 Insrnucnouns—61
1778 268 1848 306 477

257 377 364 408 crae
393 361 712 417 eucharistiae,
737 377 795 406 an
821 361 995 418 aliquid
1019 360 1109 416 illis
1136 360 1392 413 obuenerit,
1418 362 1539 416 quod
1568 361 1895 406 offendiculum

257 440 451 493 dederit,
470 440 544 484 vel
559 439 746 484 omnino
762 454 856 484 non
873 438 1010 483 fuerit
1026 454 1052 484 e
1068 437 1293 495 dignitate
1309 437 1584 482 sanctissimi
1602 438 1892 484 sacramenti.

257 519 605 574 Interrogentur
632 518 689 560 de
718 516 879 560 officiis
904 515 1017 568 suis,
1046 530 1104 559 ex
1132 520 1219 562 3⁰2
1251 515 1306 559 iis
1332 515 1599 571 praesertim
1633 515 1897 573 cap[itibus]

260 608 380 652 quae
399 593 680 641 videbuntur
701 602 719 619 ²
740 593 918 650 grauia.

279 699 282 702 ·
350 672 462 715 Post
483 685 642 715 omnes
664 670 1047 727 interrogationes
1069 676 1233 726 agatur
1254 670 1312 714 de
1342 683 1398 714 eo
1420 669 1584 726 capite,
1612 671 1734 725 quod
1756 684 1921 727 pecu-›

258 747 428 791 liariter
449 747 612 791 attinet
629 748 686 790 ad
709 746 992 804 apertionem
1013 745 1338 800 conscientiae,
1364 746 1540 791 etiarnsi
1566 748 1708 789 multa
1738 746 1830 790 sint
1852 746 1898 788 in

261 824 698 881 interrogationibus
718 823 1030 881 superioribus
1051 823 1256 868 eiusdem
1278 823 1557 880 argumenti.

352 902 698 958 Interrogentur
729 901 871 958 igitur
897 901 956 945 de
976 900 1152 944 ratione
1185 900 1428 953 orationis,
1453 915 1563 944 num
1596 901 1814 944 vocaliter
1844 916 1901 943 an

261 977 518 1022 mentaliter
538 986 686 1024 orent,
711 979 898 1034 Quanto
919 992 1024 1020 cum
1047 979 1200 1021 fructu
1222 984 1269 1020 et
1291 977 1430 1033 quali.
1458 979 1580 1021 Num
1605 992 1708 1020 cum
1734 992 1902 1021 conso-

263 1055 432 1100 latione
458 1056 532 1098 vel
559 1055 805 1100 deuotione
831 1063 877 1099 et
899 1054 1038 1111 quali.
1069 1056 1146 1098 An
1167 1055 1425 1111 lachrymas
1454 1056 1633 1100 soleant
1663 1056 1834 1100 habere
1856 1064 1902 1098 et
1929 1055 1937 1062 ⁰

265 1133 437 1189 qualeS.
462 1133 586 1175 Num
609 1132 746 1175 alium
776 1131 1032 1188 quempiam
1062 1146 1248 1176 sensum
1277 1133 1478 1175 habeant
1506 1131 1524 1157 ὃ
1553 1132 1834 1188 spiritualem
1858 1132 1904 1175 in

264 1209 467 1253 oratione
490 1216 535 1253 et
557 1210 752 1264 qualem.
778 1210 855 1252 An
875 1208 1047 1264 aliquid
1067 1208 1131 1251 illi
1158 1209 1366 1253 euenerit
1394 1209 1439 1251 in
1469 1209 1673 1252 oratione
1696 1217 1903 1252 extraor-

264 1285 510 1330 dinarium.
635 1282 638 1286 ’

360 1364 430 1407 De
448 1362 522 1407 his
540 1363 679 1407 rebus
695 1362 1018 1422 interrogetur,
1037 1361 1084 1405 in
1101 1361 1253 1415 missa,
1274 1362 1321 1405 in
1338 1363 1626 1408 confessione
1642 1371 1688 1406 et
1705 1377 1907 1406 commu-

272 1439 408 1484 nione
436 1439 547 1495 quid
574 1439 638 1484 illi
666 1439 926 1496 contigerit.
958 1440 1108 1495 Quem
1138 1439 1337 1483 fructum
1365 1440 1532 1484 sentiat
1569 1441 1615 1483 in
1645 1456 1732 1484 vsu
1758 1441 1904 1483 virtu-

269 1506 383 1570 tum,
417 1523 464 1561 et
498 1531 690 1572 quarum
729 1516 989 1572 praecipue.
1024 1517 1163 1570 Num,
1197 1525 1379 1570 contra,
1415 1518 1680 1574 frequentes
1712 1517 1909 1575 patiatur

265 1593 571 1638 desolationes
592 1595 665 1639 vel
687 1593 955 1637 afflictiones
976 1593 1218 1645 interiores
1239 1602 1285 1638 et
1305 1594 1539 1640 ariditates
1562 1595 1745 1649 mentis,
1765 1610 1908 1652 vaga-

271 1670 432 1723 tiones,
457 1671 841 1727 perturbationes,
866 1670 1178 1723 difficultateS,
1203 1678 1250 1715 et
1276 1673 1664 1727 quemadmodum
1694 1672 1740 1716 in
1769 1672 1839 1716 his
1862 1688 1936 1719 se.

270 1755 417 1804 gerat.

356 1829 440 1872 3⁰³
462 1826 513 1868 In
536 1824 802 1868 vniuersum
838 1823 1148 1881 interrogetur
1183 1839 1294 1868 num
1332 1826 1548 1869 maiorem
1572 1828 1645 1871 vel
1676 1828 1910 1883 aequalem

267 1902 340 1946 vel
356 1901 577 1946 minorem
601 1908 878 1957 prouentum
901 1901 1179 1958 spiritualem
1204 1902 1362 1947 fecerit
1385 1912 1487 1959 post
1506 1904 1709 1947 Vltimam
1727 1906 1884 1949 confes
1898 1930 1912 1935 -

271 1978 446 2022 sionem
478 1979 756 2035 generalem,
781 1979 854 2021 vel
881 1978 1162 2034 apertionem
1190 1979 1498 2025 conscientiae
1527 1995 1662 2037 quarn
1693 1989 1843 2035 antea,
1868 1991 1913 2025 et

268 2069 362 2111 quo
385 2055 538 2098 animo
561 2055 619 2098 sit
651 2055 708 2097 ad
735 2055 1103 2098 contendendum
1134 2071 1191 2100 ex
1226 2055 1408 2113 integro
1448 2058 1591 2114 (quasi
1622 2058 1734 2101 nihil
1756 2060 1911 2102 hacte-

275 2146 363 2176 nus
383 2131 569 2188 egisset)
595 2132 653 2174 ad
675 2131 891 2175 maiorem
913 2132 1240 2188 perfectionem
1261 2135 1632 2178 consectandam.

336 2263 459 2296 POST
480 2239 847 2297 CONFESSIONEM
874 2264 964 2294 PRO
994 2264 1373 2296 EXHORTATIONE
1404 2267 1464 2297 ET
1494 2267 1854 2299 INSTRUCTIONE

362 2365 433 2407 De
455 2362 682 2420 pronitate
703 2371 891 2406 naturae
913 2370 958 2406 et
979 2363 1103 2406 fluxu
1126 2362 1171 2406 in
1190 2364 1376 2407 malum.

362 2441 434 2484 De
454 2453 611 2496 pugna
631 2453 793 2483 sensus
813 2438 861 2481 in
882 2439 1108 2495 spiritum,
1131 2448 1178 2483 et
1191 2432 1256 2485 'ex
1278 2441 1348 2484 his
1364 2442 1422 2486 de
1445 2443 1699 2486 necessaria
1719 2459 1914 2487 renoua—

276 2516 399 2560 tione
421 2531 477 2560 ex
503 2516 646 2559 Paulo
667 2523 713 2559 et
734 2523 890 2559 nostro
911 2515 1135 2559 instituto.
1198 2551 1201 2556 .

365 2595 436 2638 De
464 2593 612 2636 Patris
637 2592 800 2649 Ignatii
827 2592 1047 2646 doctrina,
1082 2594 1205 2649 quod
1235 2594 1483 2638 debeamus
1516 2596 1577 2638 vti
1615 2597 1825 2652 potentiis
1857 2600 1913 2640 ad

277 2669 618 2714 renouationem
641 2677 687 2713 et
709 2669 1087 2722 emendationem,
1112 2677 1158 2713 et
1185 2670 1399 2716 maiorem
1429 2673 1626 2715 fructum
1659 2674 1702 2715 in
1736 2673 1912 2729 spiritu,

277 2761 385 2790 cum
407 2745 564 2789 diuina
591 2745 755 2802 gratia,
782 2747 1162 2800 quemadmodum
1186 2747 1285 2792 sine
1312 2748 1402 2801 illa,
1429 2750 1660 2792 abutendo
1685 2750 1914 2806 potentiis,

278 2830 479 2867 mentem
503 2830 702 2866 nostram
725 2822 1081 2867 deformauimus
1109 2825 1135 2866 '.

351 2968 370 2986 a
418 2958 658 2993 videbantur
677 2969 749 2993 ms.
801 2959 866 2984 —b
890 2958 1029 2993 habeat
1046 2970 1119 2994 ms.

353 3064 364 3086 ¹
415 3065 517 3101 vide
535 3065 664 3111 Epist:
688 3066 734 3102 P.
755 3065 905 3107 Nastaz,
926 3066 958 3111 1,
982 3075 1038 3112 17,
1058 3078 1095 3104 n.
1116 3075 1176 3112 45.
