2098 3470
31 1699 53 1742 's
102 1720 110 1741 J

32 2045 36 2049 ’
75 2043 91 2070 Ι

722 306 999 344 Romanu
1022 304 1198 340 ΙτΑιιΔΕ
1207 312 1292 349 —17
1708 315 1775 353 149

189 399 344 456 minus
358 410 468 454 velit
489 409 611 454 illam
633 409 787 452 facere
805 406 865 452 de
884 419 968 450 sua
983 404 1225 450 clementia
1246 419 1299 448 ac
1315 405 1462 462 gratia
1480 407 1748 462 auctiorem,
1772 409 1819 453 id

187 487 324 532 uobis
342 475 655 542 hoc’tempore
674 483 946 528 confidimus
962 481 1187 534 euenisse,
1208 489 1256 524 vt
1272 494 1329 526 ex
1346 484 1431 525 hac
1448 483 1539 526 leui
1563 484 1817 530 tribulatio-

186 577 251 609 ne
265 553 539 622 prouentum
560 562 757 618 aliquem
773 559 960 618 spiritus
982 560 1132 603 facere
1153 559 1398 615 possimus.

277 642 382 685 Non
404 639 637 697 potuimus
657 644 807 685 tamen
830 637 898 695 (ut
928 635 1130 694 ingenue
1157 636 1376 692 dicamus)
1405 652 1495 681 non
1523 652 1623 682 esse
1651 640 1814 684 soliciti

181 718 247 763 de
265 716 600 762 existimatione
620 729 674 760 ac
694 716 816 758 bono
837 713 1078 759 Societatis
1099 713 1298 767 nomine,
1323 715 1446 770 quod
1465 716 1702 773 negligere
1724 733 1815 761 non

181 793 350 839 debem
357 809 424 838 us:
443 794 508 837 ita
525 791 646 838 enim
659 806 745 836 nos
759 793 926 835 docent
941 778 1098 835 sacrae
1114 791 1286 843 literae,
1304 791 1367 834 ita
1380 800 1639 836 sanctorum
1659 809 1813 838 exem·

102 917 127 933 x
188 871 263 928 pla
283 878 487 914 monent.
513 869 794 914 Videbamus
814 882 1012 924 namque
1032 867 1226 924 primum
1244 868 1534 913 acerbissime
1557 871 1812 916 traductam

180 961 288 992 esse
313 947 607 992 Societatem:
646 945 943 990 audiebamus
970 945 1136 989 deinde
1158 959 1341 989 causam
1370 946 1462 1002 agi,
1488 954 1629 991 testes
1655 950 1807 1006 appel-

185 1023 271 1067 lari
290 1031 431 1080 atque
451 1022 872 1076 examinari,⁴nobis
899 1021 1079 1066 interim
1101 1036 1194 1064 non
1218 1022 1406 1066 uocatis:
1431 1023 1689 1069 sciebamus
1712 1041 1812 1070 esse

179 1100 439 1146 desertores
474 1100 650 1156 aliquos
686 1098 944 1144 Societatis:
974 1113 1075 1143 esse
1109 1099 1189 1154 qui
1225 1099 1357 1143 nobis
1393 1114 1484 1142 non
1517 1101 1626 1145 satis
1654 1112 1812 1147 ‘essent

179 1177 333 1233 aequi:
352 1177 591 1233 'nunquam
611 1177 756 1238 etiam⁴
768 1175 972 1221 defuisse
990 1175 1357 1220 calumniatores:
1389 1191 1573 1221 causam
1604 1180 1813 1224 animad-

186 1238 476 1299 uertebamus
497 1255 619 1298 unde
639 1260 761 1298 esset
781 1261 880 1297 orta
900 1255 1014 1298 haec
1035 1253 1308 1296 criminatio.
1339 1253 1550 1310 Denique
1580 1265 1811 1301 ueterato-

177 1329 244 1373 ris
267 1331 506 1391 daemonis
541 1329 760 1374 inuidiam
795 1337 843 1374 et
879 1330 1076 1387 pessima
1111 1330 1299 1374 consilia
1337 1346 1429 1374 non
1467 1332 1807 1389 ignorabamus.

177 1408 285 1453 Non
312 1414 576 1468 poteramus
602 1407 745 1465 igitur
770 1421 859 1451 non
889 1422 990 1452 esse
1015 1407 1199 1460 soliciti,
1225 1408 1263 1451 si
1291 1423 1382 1451 non
1420 1418 1579 1453 nostro
1607 1411 1811 1467 priuato-

183 1470 284 1527 rum
321 1485 575 1539 hominum,
599 1491 723 1535 certe
759 1484 1000 1530 Societatis
1037 1484 1236 1536 nomine,
1267 1485 1399 1529 cuius
1429 1486 1703 1532 existimatio
1741 1499 1810 1535 est

179 1549 242 1605 ad
256 1561 393 1604 finem
416 1569 619 1606 nostrum
639 1563 960 1615 exercendum,
981 1563 1071 1605 hoc
1086 1571 1172 1614 est,
1191 1563 1249 1605 ad
1270 1562 1494 1607 iuuandas
1517 1565 1705 1618 animas,
1727 1583 1809 1611 ne-

180 1637 392 1682 cessaria.
417 1639 575 1695 Itaque
601 1639 727 1683 zelus
753 1653 838 1682 nos
864 1638 1047 1682 diuinae
1074 1639 1246 1696 gloriae
1273 1642 1603 1685 commovebat.
1638 1644 1808 1688 Verum

181 1713 230 1757 in
245 1714 318 1758 his
337 1703 693 1772 cogitationibus
713 1717 998 1760 sustentabat
1019 1730 1144 1772 spem
1167 1723 1366 1760 nostram
1389 1718 1507 1761 bona
1529 1720 1807 1764 conscientia

180 1789 228 1833 in
254 1791 395 1847 Xp0.‚
424 1791 646 1836 districtio
680 1792 817 1836 etiam
847 1793 1127 1849 disciplinae,
1162 1808 1290 1849 quae·
1315 1794 1361 1836 in
1397 1795 1623 1840 Societate
1660 1797 1802 1854 viget,

180 1867 300 1924 Xpo.
324 1868 458 1922 duee,
481 1868 703 1925 perfectio
729 1869 938 1913 instituti.
966 1871 1217 1915 Recreabat
1240 1885 1351 1914 uero
1378 1871 1578 1915 animum
1601 1882 1804 1919 nostrum

179 1944 452 1989 sanctissimi
477 1945 648 1989 domini
677 1947 820 1991 nostri
856 1948 935 1990 lux
971 1947 1045 1990 illa
1073 1947 1321 2003 sapientiae
1356 1956 1403 1992 et
1430 1949 1644 2003 iustitiae,
1668 1965 1802 2006 quam

173 2021 309 2077 quasi
334 2021 531 2066 deriuari
557 2023 866 2067 sentiebamus
893 2024 939 2067 in
970 2038 1150 2067 sacrum
1183 2025 1511 2068 reformationis
1540 2028 1801 2084 collegium,

140 2139 143 2146 ,
175 2097 256 2141 cui
276 2111 462 2143 causam
478 2107 686 2143 'nostram
707 2101 894 2146 dederat
915 2103 1298 2158 cognoscendam.
1324 2103 1480 2157 Itaque
1502 2119 1556 2147 eo
1579 2106 1802 2149 euadebat

174 2172 255 2218 illa
274 2174 534 2229 solicitudo,
559 2183 610 2220 ut
630 2178 936 2234 gauderemus
958 2178 1127 2234 potius.
1152 2180 1255 2223 Non
1278 2180 1427 2222 solum
1450 2188 1601 2224 autem
1626 2183 1691 2238 (ut
1714 2183 1801 2225 hoc

100 2309 113 2324 f
177 2285 269 2333 psit,
285 2285 446 2323 inducta
463 2294 567 2332 sunt,
585 2299 686 2336 quae
703 2301 773 2336 pro
791 2301 897 2325 more
915 2295 1062 2336 nostro,
1081 2292 1227 2326 lectore
1245 2292 1404 2338 monito,
1426 2292 1692 2329 emendamus.
1713 2294 1801 2330 Sac-

170 2345 333 2382 chinum
366 2351 543 2384 nostrum
571 2349 644 2384 hac
673 2349 850 2396 apologia
881 2361 994 2384 usum
1025 2349 1148 2385 fuisse
1177 2350 1217 2386 in
1244 2351 1432 2386 Historia
1464 2351 1674 2387 societatis
1690 2352 1802 2398 Jesu,

174 2409 286 2451 parte
302 2405 355 2452 11,
374 2399 475 2442 libro
492 2406 601 2451 VIII,
625 2419 675 2444 ex
693 2407 779 2455 ipso
796 2408 959 2444 exordio
982 2419 1077 2444 suae
1099 2409 1311 2446 narrationi
1336 2410 1483 2445 inserto
1507 2417 1680 2456 apparet.
1702 2412 1802 2446 Illud

172 2459 307 2500 tamen
323 2475 402 2500 non
418 2465 467 2501 ad
485 2466 655 2502 litteram
674 2466 934 2514 transcripsit,
952 2467 1023 2502 sed
1049 2467 1222 2504 melioris
1245 2468 1451 2504 latinitatis
1473 2471 1710 2505 ornamentis
1735 2482 1801 2505 ex-

173 2522 327 2569 polivit,
346 2529 390 2559 ut
408 2524 543 2560 videre
561 2531 623 2561 est
640 2525 679 2562 in
698 2521 783 2561 loco
799 2526 934 2570 citato,
949 2527 1023 2563 sub
1041 2526 1215 2567 numeris
1233 2527 1357 2573 29-31.
1376 2528 1492 2563 Pater
1507 2535 1636 2563 autem
1657 2530 1800 2565 Bartoli

175 2581 216 2617 in
232 2592 305 2618 suo
321 2593 440 2629 opere
459 2583 567 2620 Dell'
586 2583 731 2632 istoria
748 2585 857 2620 della
878 2583 1134 2632 Compagnia
1162 2586 1207 2620 di
1227 2585 1349 2628 Gemi,
1381 2586 1422 2620 L’
1447 2585 1583 2629 ltalia,
1612 2587 1710 2621 libro
1734 2588 1801 2631 IV,

169 2649 260 2686 cap.
277 2639 334 2686 13,
352 2640 421 2681 ait.
439 2653 517 2678 non
534 2644 660 2678 solum
678 2643 725 2679 P.
750 2643 929 2679 Natalem
948 2644 1019 2679 sed
1036 2644 1080 2678 P.
1101 2644 1311 2680 Polaneum
1330 2645 1447 2680 etiam
1466 2647 1613 2680 calamo
1629 2646 1799 2680 Societa-

53 2686 83 2720 71
118 2716 127 2742 Ι
170 2702 254 2735 tem
271 2698 312 2735 in
328 2700 400 2735 hac
417 2702 588 2747 procella
604 2701 844 2737 defendisse.
864 2703 922 2738 En
940 2703 1026 2749 ejus
1045 2704 1179 2738 verba:
1212 2703 1388 2746 «Poscia,
1417 2715 1485 2750 per
1515 2704 1710 2738 iscrittura
1735 2704 1798 2739 de'

172 2756 288 2794 Padri
304 2758 487 2804 PoIanco,
502 2771 525 2795 e
543 2760 699 2806 Natale,
718 2761 751 2796 si
771 2761 965 2797 sodisfece
979 2773 1000 2796 a
1019 2773 1071 2796 un
1088 2762 1246 2797 residuo
1263 2762 1302 2797 di
1328 2762 1614 2797 sciocchissime
1634 2762 1799 2798 fantasie

169 2809 397 2863 imaginatq
418 2829 441 2852 e
458 2824 642 2865 proposte
660 2825 795 2855 contro
819 2821 855 2855 a'
881 2819 1108 2855 Confessori
1133 2821 1447 2856 massimamente
1473 2820 1573 2856 della
1604 2814 1704 2856 Casa
1734 2821 1796 2856 de'

172 2874 358 2918 Professi,
378 2878 547 2922 peroche
564 2877 698 2914 aventi
712 2879 787 2914 alla
804 2880 862 2914 lor
878 2879 1012 2914 chiesa
1029 2891 1082 2914 un
1099 2885 1238 2926 troppo
1258 2891 1464 2914 numeroso
1479 2891 1499 2914 e
1522 2887 1797 2925 perseverante

168 2944 360 2970 concurso
376 2934 416 2970 di
445 2935 653 2982 penitenti,
672 2947 695 2971 e
718 2936 857 2982 divoti,
883 2949 904 2972 e
924 2937 1056 2984 percio
1080 2938 1226 2973 veduto
1249 2938 1287 2972 di
1320 2940 1407 2972 mal'
1434 2938 1580 2981 occhiO,
1609 2949 1630 2972 e
1658 2938 1696 2972 di
1723 2940 1796 2973 mal

166 3003 303 3029 cuore:
322 3005 344 3029 e
362 2994 499 3041 quindi
528 2996 619 3042 quel
650 2995 711 3031 ch·
728 3007 794 3031 era
816 2995 939 3032 frutto
962 2996 1000 3032 d’
1025 2996 1228 3043 assiduita‚
1248 3002 1277 3032 e·
1295 2998 1399 3032 buon
1420 2997 1556 3032 effetto
1581 2996 1620 3031 di
1644 2997 1793 3042 spirito,

98 3070 110 3077 -r
169 3051 303 3088 reeato
320 3064 343 3087 a
361 3053 551 3089 industria
568 3053 607 3089 d’
627 3054 701 3090 arti
719 3054 1040 3091 disconvenevoli
1057 3055 1106 3090 ad
1124 3057 1267 3091 usarsi.
1279 3070 1295 3088 »
1316 3057 1371 3096 Ex
1403 3055 1544 3102 quibus
1571 3055 1701 3090 verbis
1727 3056 1797 3090 Po-

66 3126 82 3136 ’-
125 3135 136 3138 -
159 3110 326 3150 ,Ιαηειιω
344 3123 433 3147 cum
447 3112 578 3148 Natali
594 3113 632 3148 in
650 3113 722 3148 hac
739 3114 918 3160 apologia
937 3114 1174 3162 lucubranda
1192 3116 1450 3150 collaborasse
1470 3114 1552 3149 erui
1568 3114 1735 3149 videtur.
