2098 3470
355 265 377 298 8
927 267 962 303 N
965 275 1108 303 orn-112.
1135 276 1323 303 comeum

310 368 504 415 primeras
523 370 850 408 anotaciones‚..>›
872 369 968 408 Des.
991 370 1057 408 fol.
1082 380 1194 419 314v:
1220 386 1279 407 «...
1302 370 1353 406 de
1374 370 1487 417 uiuir,
1508 382 1533 419 y
1563 382 1614 408 ua
1644 370 1934 409 discurriendo.

310 439 419 475 Laus
439 439 567 478 Deo.»
599 440 684 479 Fol.
714 448 816 490 315v
851 442 954 479 hane
990 447 1144 479 tantum
1182 441 1334 478 Natalis
1368 446 1504 478 notam
1538 441 1722 490 praefert:
1753 442 1934 480 «Varia»

311 510 508 558 Quisnam
530 511 671 549 harum
690 513 996 550 annotationum
1017 519 1156 550 auctor
1177 513 1366 558 extiterit,
1386 524 1466 549 non
1489 518 1658 551 constat.
1680 513 1782 551 Illud
1801 518 1936 551 tamen

310 593 365 618 ex
390 583 514 630 ipsius
541 584 715 620 auctoris
742 584 973 620 testimonio
1005 585 1086 620 erui
1123 595 1244 631 posse
1278 583 1449 630 videtur,
1480 585 1640 632 saepius
1669 596 1774 631 eum,
1799 565 1841 622 ἐι
1868 584 1937 622 ali-

310 653 477 700 quando
497 654 573 691 sub
591 654 630 691 P.
654 654 795 703 Ignatii
811 655 1034 703 disciplina,
1052 655 1244 692 exercitia
1256 655 1473 703 spiritualia
1490 656 1575 693 aliis
1590 655 1818 702 tradidisse,
1835 656 1936 693 haec

294 714 443 762 ‘autem
464 725 709 763 documenta
730 738 803 764 seu
824 726 947 763 breue
968 727 1238 772 directorium,
1258 731 1343 763 tum
1364 738 1418 764 ex
1439 726 1477 765 S.
1499 727 1641 776 Ignatii
1659 726 1938 778 documentis,

308 803 394 833 tum
414 807 468 833 ex
489 797 575 844 ipsa
595 798 846 845 experientia
866 798 1179 845 deprompsisse3
1200 798 1255 834 ait
1274 798 1394 844 enim,
1422 798 1487 836 fol.
1513 808 1531 845 3
1544 809 1619 845 14r:
1643 810 1719 836 «en
1739 799 1776 836 el
1804 798 1939 837 darios

310 868 465 916 guarde
485 868 522 904 la
538 867 664 905 orden
681 868 824 914 dellos,
842 880 920 916 que
942 870 1112 916 importa
1132 870 1293 906 mucho:
1314 882 1339 919 y
1355 870 1378 907 a
1397 874 1462 914 mi,
1480 870 1641 907 cuando
1661 870 1722 907 los
1737 869 1854 916 daua,
1874 880 1939 908 me

310 938 377 975 fue
397 942 478 976 assi
498 939 809 977 encomendado
830 940 882 976 de
903 945 1067 976 nuestro
1099 940 1241 986 Padre,
1270 952 1426 988 porque
1456 941 1507 978 de
1538 947 1623 978 otra
1652 952 1816 978 manera
1844 941 1939 979 hara

310 1011 481 1047 muchos
513 1022 733 1049 errores...»
769 1011 861 1048 Hoc
892 1011 1126 1059 exemplum
1156 1011 1317 1049 Eborae
1346 1018 1594 1049 asservatum
1623 1012 1746 1050 fuisse
1773 1013 1939 1050 innuere

309 1081 499 1118 videntur
518 1081 582 1118 illa
607 1081 731 1119 verba
751 1082 903 1119 Natalis
935 1093 1039 1129 «que
1064 1086 1200 1119 tenian
1227 1094 1277 1119 en
1303 1071 1478 1129 Euora»;
1511 1083 1575 1120 vel
1609 1083 1751 1121 saltem
1785 1095 1839 1121 ex
1872 1083 1938 1121 illo

310 1153 595 1200 transcriptum
617 1153 751 1190 fuisse.
774 1153 927 1190 Monita
947 1165 1079 1190 rerum
1100 1154 1366 1200 minimarum,
1386 1166 1491 1202 quae
1510 1166 1606 1204 erga
1626 1166 1711 1201 eOS‚
1732 1155 1800 1202 qui
1820 1166 1938 1192 exer-

312 1229 465 1270 centur,
487 1225 687 1262 servanda
707 1230 811 1270 sunt,
832 1226 871 1261 in
893 1226 970 1261 hoc
992 1225 1208 1262 directorio
1229 1226 1491 1273 reperiuntur.

393 1295 478 1333 Fol.
504 1296 676 1344 316-323
700 1297 909 1332 continent
928 1300 1143 1332 tractatum
1170 1295 1222 1332 de
1250 1297 1432 1334 oratione
1458 1308 1532 1345 pro
1561 1297 1620 1339 iis.
1643 1297 1712 1345 qui
1737 1297 1777 1334 in
1802 1297 1940 1334 Socie—

311 1371 393 1403 tate
412 1367 536 1403 vitam
553 1366 717 1415 degunt.
735 1366 820 1403 Fol.
845 1367 939 1415 316r
954 1372 1110 1403 tantum
1125 1367 1233 1404 hunc
1251 1367 1373 1404 habet
1387 1367 1557 1404 titulum:
1577 1367 1664 1404 «De
1679 1368 1716 1405 13
1733 1368 1938 1406 oracion.»

314 1433 426 1474 Alter
440 1437 578 1474 titulus
599 1437 752 1474 Natalis
774 1449 907 1483 manu,
929 1438 967 1474 in
990 1438 1055 1475 fol.
1078 1447 1096 1484 3
1110 1448 1185 1487 17r:
1210 1438 1297 1475 «De
1317 1438 1353 1476 la
1369 1439 1525 1476 oration
1542 1439 1828 1487 specialmente
1844 1451 1941 1488 para

261 1541 267 1547 .
313 1509 374 1545 los
395 1509 447 1545 de
469 1497 791 1556 la'Compafn‘a.»
814 1509 1018 1557 Scriptura
1039 1515 1101 1546 est
1120 1514 1205 1546 tota
1227 1509 1353 1547 Patris
1370 1510 1558 1558 Jimenez:
1580 1510 1886 1548 emendationes
1902 1515 1942 1547 et

317 1579 548 1616 additiones
568 1579 703 1627 plures
733 1591 756 1616 a
786 1579 918 1616 Natali
947 1585 1139 1618 exaratae
1164 1581 1429 1628 reperiuntur.
1459 1580 1555 1630 Agit
1573 1581 1702 1629 primo
1731 1581 1783 1618 de
1803 1581 1942 1619 schola

315 1651 521 1696 orationis,
543 1662 648 1697 quae
670 1655 763 1687 sunt
783 1651 977 1688 exercitia
998 1651 1227 1699 spiritualia:
1250 1651 1301 1688 de
1321 1651 1442 1688 animi
1462 1652 1730 1700 dispositione
1755 1663 1829 1700 pro
1855 1663 1941 1690 ora·

313 1722 424 1758 tione
446 1722 651 1759 fructuose
672 1721 871 1758 habenda:
894 1722 946 1758 de
966 1722 1097 1759 fructu
1118 1734 1172 1758 ex
1192 1722 1257 1759 illa
1277 1722 1476 1760 eliciendo
1497 1722 1723 1760 secundum
1737 1723 1943 1771 proprium

317 1793 530 1830 Societatis
550 1793 786 1830 institutum:
810 1793 860 1829 de
881 1793 1062 1841 partibus
1083 1795 1286 1840 orationis,
1307 1806 1364 1832 sc.
1385 1794 1436 1831 de
1457 1795 1603 1831 mentis
1629 1794 1680 1831 ad
1703 1794 1837 1832 Deum
1856 1793 1945 1832 ere-⁴

316 1865 463 1909 ctione,
484 1863 535 1900 de
556 1865 772 1913 gratiarum
793 1865 964 1910 actione,
984 1865 1035 1901 de
1062 1866 1256 1913 petitione
1277 1870 1317 1902 et
1337 1865 1631 1904 obsecratione.
1658 1865 1721 1903 De
1749 1876 1941 1914 perseve-

302 1935 442 1972 vvrantia
463 1936 502 1971 in
519 1935 714 1972 oratione.
736 1935 798 1972 De
821 1936 987 1972 materia
1009 1936 1202 1973 orationis
1222 1937 1408 1974 mentalis
1428 1949 1501 1985 per
1519 1943 1600 1975 tres
1624 1937 1711 1975 vias
1734 1937 1842 1974 vitae
1861 1937 1942 1984 spi—

314 2006 480 2051 ritualis,
501 2006 570 2042 ubi
590 2006 828 2054 proponitur
848 2007 1057 2056 catalogus
1076 2019 1222 2053 rerum,
1242 2008 1281 2044 in
1303 2008 1451 2055 quibus
1472 2008 1680 2046 meditatio
1700 2019 1794 2045 cum
1813 2007 1944 2044 fructu

318 2077 500 2114 exerceri
519 2077 678 2124 poterit.
695 2076 882 2114 Tandem
902 2079 1010 2115 varia
1030 2079 1181 2115 monita
1199 2084 1240 2116 et
1260 2079 1506 2117 documenta
1526 2079 1636 2117 utilia
1659 2078 1872 2117 traduntur
1891 2067 1949 2116 ad*

317 2148 608 2195 perfectionem
629 2149 831 2196 propriam
852 2148 1063 2186 Societatis
1084 2161 1225 2187 secura
1246 2150 1309 2187 via
1336 2150 1635 2198 assequendam
1661 2161 1733 2198 per
1753 2149 1944 2187 orationis

320 2220 571 2256 exercitium.
599 2219 802 2256 Nonnulla
836 2220 899 2256 hic
933 2221 1187 2268 reperiuntur
1222 2233 1276 2258 ex
1310 2222 1368 2267 iis,
1403 2233 1508 2268 quae
1542 2221 1742 2258 habentur
1773 2221 1814 2257 in
1850 2218 1943 2257 Cod.

332 2289 452 2327 Vatic.
473 2287 508 2334 ό,
531 2290 597 2328 fol.
619 2292 710 2337 404',
730 2302 835 2338 quae
855 2292 918 2328 hic
941 2291 1067 2328 fusius
1086 2297 1319 2330 tractantur.
1342 2292 1423 2341 Ine.
1449 2292 1595 2342 «Sigue
1615 2292 1652 2329 13
1673 2291 1899 2339 (Ξοῐῃρ3ἶ113
1918 2302 1944 2339 y

320 2362 536 2409 abraca...»
559 2361 654 2398 Des.
679 2377 739 2399 «...
762 2373 813 2398 en
832 2362 953 2399 todos
974 2362 1033 2399 los
1054 2364 1296 2400 ministerios
1317 2364 1436 2400 etiam
1457 2364 1718 2413 exteriores.»
1739 2362 1826 2400 Fol.
1851 2371 1946 2411 324-

323 2444 400 2481 330
418 2444 548 2470 vacua
578 2438 797 2470 remanent.
826 2433 870 2469 In
898 2433 1037 2470 ultimo
1064 2435 1182 2482 hujus
1210 2435 1486 2482 quaternionis
1513 2434 1622 2480 folio,
1643 2433 1754 2482 quod
1775 2438 1838 2470 est
1857 2442 1947 2482 331,

320 2504 474 2541 Natalis
494 2516 627 2541 manu:
651 2505 996 2542 «conseruanda.»
1186 2551 1188 2557 y

402 2575 488 2612 Fol.
512 2583 746 2624 332r—345V‚
767 2575 938 2612 habetur
957 2576 1141 2613 collectio
1163 2577 1501 2614 documentorum
1517 2576 1569 2613 de
1589 2576 1735 2614 virtute
1751 2574 1947 2612 obedien·

319 2647 411 2691 tiae,
432 2658 554 2693 quam
574 2646 995 2702 Societaslprofitetur.
1018 2646 1190 2693 Titulus,
1212 2648 1363 2685 Natalis
1384 2660 1506 2685 manu
1533 2647 1643 2684 initio
1671 2647 1838 2695 positus:
1862 2644 1948 2682 «De

320 2717 570 2765 perfectione
597 2717 854 2754 obedientiae
882 2717 1131 2754 Societatis.»
1161 2718 1206 2754 In
1233 2731 1303 2755 ora
1330 2719 1524 2767 superiori
1558 2717 1743 2766 ejusdem
1775 2717 1950 2766 paginae

321 2799 445 2825 manu
465 2789 591 2836 ipsius
612 2789 712 2825 haec
732 2793 828 2824 nota
855 2789 1111 2836 conspicitur:
1143 2790 1213 2825 «R.
1238 2799 1271 2826 2.
1299 2801 1494 2827 rursum.»
1521 2789 1636 2826 Haec
1671 2788 1817 2834 omnia,
1844 2798 1950 2835 quae

322 2859 372 2895 ad
396 2859 671 2897 obedientiam
691 2864 888 2907 spectant,
910 2865 1003 2896 sunt
1024 2872 1046 2896 a
1064 2860 1240 2906 Jimenez
1261 2866 1427 2897 exarata
1447 2865 1487 2897 et
1513 2871 1536 2897 a
1562 2859 1693 2896 Natali
1720 2859 1951 2907 frequenter

322 2930 549 2967 emendata.
573 2931 666 2967 Non
688 2935 749 2967 est
767 2935 961 2967 tractatus
983 2930 1165 2967 ordinate
1187 2931 1371 2978 scriptus,
1393 2930 1466 2968 sed
1492 2930 1831 2968 documentorum
1857 2929 1950 2966 hinc

323 3001 419 3038 inde
440 3007 729 3050 excerptorum
750 3002 976 3051 congeries.
1002 3002 1115 3038 Prius
1136 3002 1244 3038 enim
1265 3002 1316 3038 de
1342 3002 1520 3050 perfecta
1548 3001 1793 3047 obedientia,
1813 3011 1950 3048 opere,

323 3072 533 3109 voluntate
554 3078 594 3110 et
614 3072 820 3110 intellectu
842 3072 1097 3120 praestanda:
1120 3073 1214 3109 dein
1235 3072 1286 3109 de
1307 3072 1540 3111 obedientia
1561 3083 1698 3112 caeca.
1721 3071 1954 3119 Sequuntur
