2098 3470
319 252 389 294 624
790 252 947 290 ernis
972 253 1215 289 H1ERONYM1
1241 252 1392 288 NADAL

364 351 667 396 Obedientiae
698 360 743 396 et
780 353 1047 397 humilitatis
1075 353 1294 410 perfectio
1332 353 1376 396 in
1413 353 1642 399 Societate
1670 353 1828 411 exigit,
1868 354 1903 397 si

274 428 378 484 quis
400 429 458 472 de
481 443 755 485 quacunque
779 446 825 475 re
847 431 1076 474 deferatur
1101 431 1172 474 uel
1195 438 1454 483 accusetur,
1481 439 1531 473 ut
1560 431 1597 474 is
1625 445 1784 475 uerum
1813 438 1904 474 sta-

253 505 352 558 ‚tim
391 506 589 550 fateatur
621 507 844 563 superiori
882 507 1122 563 legittimo,
1150 507 1195 549 in
1228 508 1388 552 eodem
1423 508 1522 551 foro
1545 515 1712 560 tamen,
1743 507 1790 550 in
1813 522 1905 563 quo

273 582 384 624 illud
406 581 567 635 scitur,
592 597 741 639 neque
763 599 812 627 se
835 592 1040 647 excuset,
1063 591 1207 626 totum
1233 598 1341 626 uero
1358 599 1407 628 se
1426 584 1656 640 permittat
1678 584 1902 628 uoluntati

272 672 324 701 ac
346 657 516 702 iudicio
538 660 782 716 superioris
803 660 889 714 sui3
916 661 1037 716 quod
1060 660 1096 702 si
1121 660 1273 704 uideat
1297 661 1453 704 falsam
1483 675 1583 704 esse
1611 660 1900 712 delationem,

272 735 407 779 uenia
429 743 690 781 reuerenter
711 737 867 794 petita,
894 745 1041 793 potest
1060 736 1298 781 ueritatem
1315 751 1426 780 suae
1443 736 1729 781 innocentiae
1746 744 1901 781 osten-

203 867 208 871 .
241 836 244 838 >
270 814 378 857 dere
399 812 679 868 simpliciter,
703 813 965 870 praesertim
988 813 1025 857 si
1048 828 1102 857 eo
1125 828 1196 857 res
1219 820 1393 870 spectet
1418 821 1466 856 ut
1488 813 1818 870 periclitaretur
1843 814 1901 856 de

271 888 548 943 exclusione3
574 903 706 946 porro
729 890 765 933 si
788 891 901 934 fides
929 889 1182 933 defensioni
1219 904 1328 933 suae
1357 905 1451 934 non
1480 890 1765 942 adhibeatur,
1792 904 1901 933 con-

271 973 424 1010 seruet
448 973 598 1009 tamen
627 981 782 1022 pacem
812 966 997 1022 spiritus
1024 973 1069 1009 et
1101 966 1325 1022 patienter
1363 968 1475 1010 ferat
1513 967 1649 1012 etiam
1678 966 1901 1011 exclusio—

272 1057 392 1097 nem;
418 1050 464 1088 et
486 1050 637 1087 tamen
659 1043 722 1086 illi
744 1051 868 1100 patet
890 1043 1157 1100 confugium
1186 1044 1243 1087 ad
1271 1043 1631 1087 commissarium
1656 1043 1729 1087 uel
1757 1047 1900 1100 g'ene-

271 1121 409 1164 ralem
434 1120 755 1176 praepositum,
781 1121 901 1176 apud
925 1134 1039 1177 quos
1066 1119 1272 1164 similiter
1310 1128 1418 1177 aget
1448 1127 1584 1177 atque
1615 1120 1788 1164 dictum
1812 1127 1898 1173 est,

272 1196 464 1252 eiusque
495 1197 699 1240 consilio.
736 1196 783 1241 Si
822 1196 867 1239 id
901 1196 1010 1240 uelit
1043 1196 1302 1253 praecipere
1333 1197 1606 1250 obedientia,
1633 1197 1899 1254 religionem

271 1275 404 1317 adeat
425 1273 574 1326 aliam,
600 1274 737 1317 etiarn
760 1274 795 1318 si
826 1282 844 1299 ²
872 1274 1190 1318 excluderetur
1219 1282 1401 1330 propter
1424 1275 1578 1318 falsam
1607 1273 1896 1327 delationem3

270 1365 362 1406 quo
383 1358 554 1394 euentu
578 1350 689 1394 nihil
713 1358 860 1407 potest
883 1365 981 1395 esse
1003 1350 1212 1395 acerbius
1235 1351 1348 1393 nihil
1371 1351 1545 1394 tristius
1561 1350 1596 1404 b;
1616 1366 1719 1394 nam
1737 1350 1774 1394 si
1791 1365 1895 1407 poe-

270 1426 490 1472 nitentiae
507 1427 858 1483 iniungerentur
880 1442 932 1470 ac
955 1427 1260 1483 probationes,
1293 1428 1587 1484 gaudendum
1618 1427 1784 1484 potius,
1809 1434 1898 1472 etc.

269 1506 399 1549 Haec
420 1519 511 1547 non
544 1506 689 1548 solum
722 1505 838 1548 ratio
868 1504 1108 1562 religiosae
1145 1504 1430 1548 obedientiae
1463 1512 1645 1548 nostrae
1680 1505 1896 1560 postulat,

268 1582 348 1625 sed
370 1581 537 1626 diserte
559 1581 745 1638 exponit
768 1581 880 1624 ratio
902 1581 1171 1625 humilitatis
1194 1581 1355 1625 tradita
1388 1582 1433 1625 in
1455 1581 1684 1626 exercitiis
1706 1588 1751 1627 et
1773 1582 1901 1627 loeus

271 1658 455 1701 ultimus
477 1657 535 1712 4³
557 1658 717 1715 capitis
739 1666 785 1701 et
809 1667 887 1701 2.·15
910 1661 935 1712 ξ
961 1658 1018 1712 7.ἰ
1041 1657 1200 1714 capitis
1223 1658 1443 1703 examinis
1465 1666 1496 1702 ⁶.

358 1737 479 1779 Num
503 1735 765 1788 conuenire,
787 1735 1004 1780 Societati
1027 1743 1148 1779 esset
1171 1750 1305 1791 opere
1322 1734 1534 1791 pretium,
1554 1750 1658 1779 cum
1677 1735 1900 1792 episcopis

268 1814 345 1857 uel
366 1812 502 1856 etiam
525 1827 703 1855 summo
726 1812 953 1868 pontifice,
982 1819 1029 1854 ut
1051 1826 1146 1864 eos,
1172 1811 1248 1867 qui
1271 1811 1563 1855 dimittuntur
1591 1827 1617 1855 a
1639 1811 1772 1855 nobis
1793 1819 1898 1869 post

271 1897 376 1933 uota
399 1889 563 1943 aedita,
589 1888 789 1945 episcopi
808 1890 864 1932 de
884 1903 1019 1932 manu
1042 1896 1196 1931 nostra
1219 1888 1408 1932 traditos
1429 1889 1706 1945 exciperent,
1725 1889 1899 1932 solutos

268 1966 452 2021 quidem
476 1982 502 2011 e
538 1965 780 2011 Societatis
816 1965 1112 2022 obligatione,
1145 1967 1225 2009 sed
1262 1980 1351 2008 non
1383 1967 1441 2009 ab
1469 1965 1653 2022 speciali
1680 1965 1895 2024 episcopi,

268 2043 343 2086 cui
367 2045 654 2087 traderentur
675 2042 710 2095 d,
731 2042 1006 2096 obedientia;
1032 2042 1297 2099 praesertim
1321 2043 1595 2098 sacerdotes,
1614 2050 1660 2087 et
1681 2042 1718 2087 si
1740 2042 1899 2089 iniussi

266 2121 570 2174 discederent,
596 2127 646 2163 ut
668 2121 725 2163 ab
747 2119 971 2176 episcopis
990 2127 1264 2176 cogerentur
1287 2121 1342 2163 ad
1366 2134 1448 2162 nos
1471 2120 1617 2164 redire
1639 2121 1712 2163 uel
1734 2119 1821 2164 sibi
1842 2120 1898 2166 li.-

266 2199 374 2242 bere
394 2214 421 2242 a
443 2197 671 2243 Societate
693 2196 899 2242 concedi.
1166 2248 1168 2250 v

310 2288 315 2294 ·
355 2274 623 2330 Superiores
645 2273 887 2318 Societatis
910 2273 1031 2316 omni
1055 2273 1207 2317 studio
1229 2281 1275 2317 et
1302 2273 1538 2330 diligentia
1565 2275 1675 2317 dent
1697 2288 1894 2330 operam,

266 2359 315 2395 ut
342 2353 540 2397 habeant
570 2351 836 2403 beneuolos,
863 2358 959 2393 tum
992 2350 1077 2393 sibi
1110 2358 1155 2394 et
1177 2350 1386 2407 collegio,
1413 2357 1508 2394 tum
1539 2350 1774 2404 Societati‚
1799 2365 1894 2403 eos,

266 2429 342 2485 qui
366 2436 534 2486 gerunt
559 2427 752 2485 primum
789 2427 1123 2483 magistratum,
1150 2436 1245 2470 tum
1282 2428 1530 2480 saeculare,
1556 2435 1651 2470 tum
1682 2427 1896 2472 ecclesia-

268 2507 450 2559 sticum;
475 2519 528 2548 ea
551 2503 671 2548 enirn
704 2503 965 2547 coniunctio
995 2518 1085 2546 non
1113 2519 1271 2560 parurn
1307 2505 1513 2547 conferre
1540 2504 1706 2560 poterit
1728 2505 1786 2548 ad
1805 2519 1895 2562 gu-

266 2583 577 2627 bernationem
601 2580 919 2637 collegiorum,
945 2588 991 2624 et
1014 2580 1314 2624 continendos
1337 2580 1380 2623 in
1405 2580 1570 2634 officio,
1595 2580 1711 2636 siqui
1733 2596 1790 2625 ex
1811 2596 1895 2624 no-

267 2661 372 2704 stris
395 2659 551 2703 discoli
580 2659 885 2703 efficerentur.
921 2659 1052 2702 Esset
1080 2658 1214 2701 etiarn
1250 2658 1360 2702 utile
1393 2673 1720 2715 nonnunquam
1743 2666 1760 2684 ⁶
1788 2672 1893 2701 cum

266 2736 354 2780 illis
377 2735 654 2780 familiariter
677 2748 814 2791 agere
831 2734 888 2777 de
904 2736 1042 2777 rebus
1057 2742 1102 2778 et
1119 2734 1450 2791 gubernatione
1467 2734 1667 2791 collegii,
1691 2749 1894 2791 praeser-

332 2951 350 2967 τι
399 2938 658 2974 Emendatum
683 2949 705 2972 a
731 2937 820 2972 Nat.
854 2947 902 2971 ex
936 2938 1049 2971 modo
1080 2948 1174 2973 non.
1225 2939 1291 2964 —b
1313 2936 1532 2980 Emendata
1562 2938 1658 2972 haec
1688 2945 1710 2972 2
1734 2937 1894 2973 verbaa

262 2999 351 3034 Nat.
373 3010 422 3034 ex
444 2998 506 3034 uel
522 2996 754 3044 difficilius.
810 3004 873 3023 -c
898 2996 979 3031 Ult.
1000 3004 1020 3040 5
1041 2996 1159 3030 verba
1177 2995 1307 3030 addita
1334 3001 1425 3030 sunt
1443 3006 1465 3030 a
1484 2995 1574 3034 Nat.
1623 2997 1691 3023 —d
1715 2996 1895 3031 tradere-

265 3063 332 3094 tur
351 3070 422 3095 ms.
475 3069 537 3086 -e
564 3056 821 3093 Emendatum
840 3067 862 3090 a
881 3055 970 3090 Nat.
992 3067 1039 3090 ex
1059 3055 1359 3101 Nonnunquam
1380 3057 1502 3091 etiam
1521 3058 1618 3091 esset
1636 3055 1748 3092 utile.
