2098 3470
754 277 1032 317 Moumnn
1057 269 1328 315 Inna-18
1744 281 1810 326 167

51 423 54 425 ,
75 416 93 441 4
208 367 509 438 ''Vlissippona
529 379 710 426 Vilnam
733 393 879 436 usque
899 379 946 423 in
968 379 1198 432 Lituania,
1219 381 1275 422 ad
1292 394 1451 425 omnes
1467 380 1634 433 Indias,
1656 388 1752 425 tum
1782 395 1854 426 re-

51 444 119 499 ,5:⁴ss
137 447 163 485 ’Ψ
220 455 295 514 gis
319 452 642 514 Portugalliae,
667 463 764 500 tum
786 455 910 514 regis
932 455 1150 513 Philippi.

55 538 90 594 ,ᾗ
147 539 153 591 j
186 518 190 521 ¹
308 534 479 591 Magna
499 533 608 578 item
635 540 707 578 est
731 533 1034 586 confirmatio,
1064 533 1191 589 quod
1219 540 1310 576 tarn
1339 534 1469 576 multi
1496 534 1589 577 sint
1618 535 1766 578 uocati
1795 536 1853 578 ad

40 594 106 664 [3
150 606 201 664 >f
219 610 311 655 hoc
337 609 615 665 institutum,
644 625 672 655 a
696 612 797 656 Deo
823 610 1014 663 scilicet,
1038 620 1088 654 vt
1109 610 1241 654 nobis
1261 618 1332 655 est
1353 625 1635 667 persuasum.
1661 613 1848 656 Nullum

217 686 340 734 euim
361 687 606 747 recipimus
622 687 670 731 in
692 687 984 740 Societatem,
1009 701 1144 743 quem
1166 702 1260 731 non
1286 687 1541 731 iudicemus
1563 703 1588 731 a
1618 690 1719 733 Deo
1752 703 1852 734 esse

119 787 129 792 Δ·
200 764 449 809 Τιιοεειωῐη.
475 765 526 808 ln
545 763 617 826 his
637 763 834 826 illustres
849 770 957 808 sunt
972 771 1042 808 sat
1057 764 1188 808 multi
1204 771 1252 807 et
1267 764 1458 816 nobileS,
1478 764 1602 810 docti
1620 765 1850 820 permulti,

66 830 80 847 ⁵
218 853 388 897 magna
421 841 619 886 selectae
652 841 904 886 iuventutis
939 841 1084 898 copia.
1129 843 1318 885 Praeter
1349 840 1470 884 enim
1502 855 1599 893 eos,
1635 841 1712 897 qui
1746 850 1854 884 sunt

50 968 85 983 „⁷
159 910 162 912 v
219 915 480 969 ministeriis
507 917 705 963 externis
732 918 1010 974 occupandi,
1040 918 1217 961 nullum
1245 917 1514 974 recipimus,
1554 917 1632 973 qui
1667 918 1854 975 ingenio

40 989 45 998 '
81 984 87 990 ¹
153 1043 155 1046 Α
217 993 379 1037 saltem
401 982 491 1037 non
514 994 684 1048 ualeat,
706 1002 753 1040 et
773 994 872 1038 aliis
892 994 1031 1038 animi
1051 993 1252 1047 dotibus3
1278 1001 1375 1036 tum
1397 994 1475 1049 qui
1503 993 1654 1049 aliqua
1682 995 1854 1039 medio-

190 1119 195 1124 ,
220 1069 637 1133 critate‘doctrinae
658 1086 751 1115 non
774 1070 834 1115 sit
854 1071 1104 1128 praeditus.

308 1137 717 1204 Suusprouinciae
742 1148 834 1191 iam
860 1149 1084 1193 hactenus
1109 1136 1387 1192 constitutae
1422 1160 1489 1204 19:
1529 1147 1723 1204 collegia
1759 1156 1849 1190 tam

219 1223 382 1283 multa,
403 1230 455 1266 ut
481 1238 720 1270 necessum
746 1224 879 1268 nobis
905 1224 965 1268 sit
985 1239 1171 1268 manum
1198 1225 1468 1268 contrahere
1489 1224 1551 1268 42
1571 1223 1744 1282 (159)v,
1769 1239 1854 1269 nec

54 1353 78 1359 W
115 1350 118 1351 ⁷
217 1299 350 1357 plura
372 1300 620 1358 suscipere,
645 1315 754 1345 cum>
770 1302 914 1345 multa
933 1316 1102 1358 magna
1121 1301 1340 1345 instantia
1362 1307 1593 1358 petantur.
1615 1302 1852 1354 Fructum,

54 1369 58 1374 ⁴
93 1405 109 1421 ι
164 1435 166 1437 ‚
219 1389 356 1434 quem
376 1378 528 1422 attulit
547 1379 675 1422 Deus
694 1378 915 1423 ecclesiae
935 1394 1017 1435 per
1033 1378 1324 1430 Societatem,
1345 1393 1430 1421 nos
1446 1393 1539 1421 non
1556 1393 1851 1434 exponemus.

82 1448 101 1460 “
218 1454 280 1499 D.
299 1454 359 1498 V.
378 1455 519 1499 lllma.
538 1455 685 1508 nouit,
704 1462 751 1500 et
766 1470 840 1500 res
855 1455 981 1512 ipsae
1000 1457 1267 1512 loquuntur.
1293 1457 1396 1499 Hoc
1419 1470 1559 1499 unum
1583 1456 1640 1498 ad
1663 1454 1853 1511 gloriam

90 1517 110 1563 Ῑ·
212 1530 307 1576 Dei
343 1532 563 1589 (tacentes
597 1547 716 1590 quae
750 1533 799 1576 in
834 1533 933 1577 aliis
968 1533 1234 1590 regionibus
1270 1532 1509 1590 geruntur)
1546 1532 1766 1583 dicemus,
1807 1532 1854 1574 in

218 1607 375 1662 Indiis,
412 1609 578 1663 Gallia,
601 1610 864 1663 Germania,
903 1611 1123 1655 Bohemia
1157 1617 1204 1655 et
1233 1610 1422 1654 Polonia
1450 1624 1541 1652 non
1570 1624 1670 1654 esse
1698 1616 1852 1652 conte-

219 1686 485 1739 mnendum.
507 1686 624 1730 Illud
650 1701 760 1732 vero
786 1687 1144 1744 suspiciendum,
1170 1688 1291 1743 quod
1313 1686 1538 1731 Dominus
1558 1686 1776 1742 dignatus
1797 1685 1855 1728 sit

86 1775 115 1822 J
155 1756 157 1758 ’
219 1769 312 1807 tam
339 1762 508 1806 multos
535 1770 773 1820 martyres,
804 1771 896 1808 tam
923 1766 1067 1808 multa
1095 1764 1314 1808 miracula
1340 1764 1386 1807 in
1418 1763 1558 1806 Indiis
1580 1764 1637 1806 ad
1663 1761 1769 1805 fidei
1805 1770 1851 1805 et

147 1850 159 1890 ἢ
217 1837 543 1895 plantationem
570 1848 617 1886 et
643 1842 1019 1898 propagationem
1046 1842 1290 1898 designare
1315 1849 1349 1894 ὃ,
1376 1849 1427 1883 ut
1454 1840 1625 1883 scilicet
1647 1840 1750 1890 illae
1774 1853 1852 1883 ec-

102 1902 156 1981 Ξ
217 1913 383 1961 cIaeiae
403 1915 608 1968 similiter
628 1919 932 1962 fundarentur
952 1926 1092 1975 atque
1112 1926 1296 1963 nostrae
1322 1919 1426 1970 hae,
1452 1932 1532 1974 per
1559 1916 1777 1959 miracula
1804 1923 1853 1959 et

214 1997 466 2051 martyrum
486 1994 759 2052 sanguinem
779 1995 828 2038 in
850 1995 1035 2040 Christo
1050 1997 1178 2054 Jesu,
1197 2010 1377 2038 summo
1396 1993 1603 2050 angulari
1620 1992 1785 2049 lapide,
1805 1992 1852 2034 in

195 2080 311 2124 »quo
330 2069 477 2114 omnis
496 2071 751 2115 aedificatio
773 2079 1038 2116 constructa
1059 2072 1223 2116 crescit
1249 2075 1277 2124 ¹,
1302 2078 1393 2116 etc.

119 2197 131 2204 δ
215 2197 218 2199 Α
247 2165 251 2170 ·
307 2145 574 2194 Omittimus
598 2149 1019 2206 comprobationem
1047 2157 1094 2192 et
1122 2149 1388 2205 applausum
1410 2146 1613 2190 omnium
1641 2146 1848 2189 ordinum

140 2272 182 2282 ‚
215 2220 267 2270 in
291 2223 538 2269 christiana
563 2226 818 2282 republica,
850 2241 1064 2283 magnam
1092 2226 1434 2282 imperatorum,
1467 2238 1653 2280 regum,
1685 2222 1853 2278 princi-

117 2299 346 2365 pum
384 2299 700 2359 episcoporum
735 2303 1102 2346 beneuolentiam
1138 2302 1187 2345 in
1223 2317 1307 2346 nos
1344 2309 1390 2345 et
1426 2300 1772 2357 benignitatem,
1808 2307 1853 2342 et

175 2362 182 2369 Ἀ
206 2373 339 2421 'illam
361 2377 604 2435 praecipue
624 2394 803 2423 summo
824 2386 1056 2423 momento
1085 2379 1392 2430 aestimamuS,
1425 2392 1515 2432 qua
1542 2375 1708 2419 summi
1740 2389 1854 2430 pon-

215 2450 364 2507 flfices
383 2468 542 2499 omnes
562 2457 619 2500 ab
641 2455 877 2500 institutae
898 2456 1140 2501 Societatis
1167 2455 1308 2499 initiis
1337 2469 1421 2497 nos
1443 2461 1550 2497 sunt
1572 2452 1849 2509 prosequuti:

205 2529 392 2574 ‘Paulus
413 2544 457 2587 3,
475 2532 627 2590 Julius
649 2547 692 2588 3,
724 2534 968 2578 Marcellus
1006 2546 1049 2586 2,
1090 2533 1262 2576 Paulus
1298 2545 1342 2586 4,
1377 2531 1487 2573 Pius
1515 2543 1559 2583 4,
1593 2529 1703 2572 Pius
1733 2539 1774 2581 5,
1806 2536 1851 2569 et

214 2644 216 2647 .
240 2652 246 2659 s
279 2619 311 2657 Vc
337 2607 487 2652 foelici
522 2609 792 2665 pontificatu
830 2610 903 2653 his
938 2610 1096 2666 paucis
1132 2609 1293 2653 diebus
1319 2609 1472 2652 Smus.
1498 2608 1555 2649 D.
1582 2606 1639 2648 N.
1666 2605 1851 2658 Grego—

188 2676 315 2738 ,iius
334 2685 455 2728 XIII.

132 2803 170 2821 ‚⁷
302 2759 383 2806 ma
402 2761 598 2817 denique
618 2747 944 2819 approbatione
963 2777 1054 2806 non
1077 2762 1222 2805 caruit
1244 2761 1463 2810 Societas,
1485 2772 1601 2813 quae
1618 2757 1732 2799 solet
1748 2769 1851 2798 esse

147 2819 182 2841 Γ
197 2847 368 2880 lerum
384 2837 655 2894 optimarum
671 2838 720 2882 in
735 2839 931 2882 ecclesia
947 2838 1033 2883 Dei
1049 2838 1338 2889 examinatio,
1365 2850 1442 2892 per
1460 2831 1853 2877 contradictiones

115 2841 195 2888 ἑ

128 2919 191 2934 ,p

117 2972 206 3003 ’ἃ
221 2978 241 2994 ·’
285 2982 306 3001 ²
351 2972 467 3008 Prius
479 2974 726 3021 designasse;
741 2973 834 3010 dein
851 2974 1101 3010 emendatum
1119 2980 1163 3009 ut
1181 2985 1314 3020 supra.

122 3064 198 3141 {J
220 3118 230 3134 ἢ,
288 3059 311 3099 ἶ
349 3081 525 3128 Eprius„
541 3083 591 3127 11,
608 3089 668 3127 20,
688 3087 749 3116 21.
