2098 3470
701 318 976 368 Mouuussura
995 303 1174 355 'quat-2
1184 341 1218 346 -
1227 328 1241 354 1
1249 329 1270 364 5
1691 323 1756 360 133

156 416 336 461 'nostris
357 425 392 474 ²,
418 419 668 471 Bobadilla,
692 420 774 463 sed
794 418 887 463 tuis
908 419 1055 473 factis3
1088 420 1195 474 tuis;
1223 428 1352 465 taceo
1384 429 1552 476 tamen,
1586 438 1660 476 ne,
1686 440 1803 481 quae

169 492 407 539 uerissime
428 494 579 539 dicere
600 510 797 552 possem,
821 509 875 539 ac
896 510 979 552 pro
1001 497 1100 540 zelo
1119 496 1268 540 Patris
1295 499 1460 554 Ignatii
1483 514 1535 544 ac
1558 501 1801 546 Societatis

172 576 371 623 nostrae,
396 571 561 628 oppido
581 587 716 628 quam
737 572 812 629 pie
833 572 1120 629 interpretari
1141 573 1271 618 aliter
1292 575 1531 632 quispiam,
1553 578 1630 632 qui
1650 586 1693 622 te
1713 594 1799 622 non

168 643 351 700 nouerit
378 647 412 701 b,
442 649 600 705 possit.
627 650 915 706 Quamquam
947 665 1037 707 ego
1070 658 1246 703 tecum,
1278 653 1528 706 Bobadilla,
1560 654 1699 700 libere
1736 657 1800 699 sic

161 734 305 778 agere
326 739 529 781 possum,
552 732 599 770 et
619 725 803 782 quidem
824 726 887 769 ita
911 726 1035 769 uolui
1057 741 1212 784 agere,
1238 736 1290 771 ut
1317 730 1524 785 superior
1553 746 1656 774 cum
1688 733 1798 775 sub-

164 805 277 848 dito.
304 802 405 849 Scis
425 803 544 847 enim
566 810 612 847 te
633 817 784 847 meum
816 817 917 847 esse
947 803 1183 847 subditum
1215 804 1307 855 iam
1337 806 1502 850 abhinc
1533 808 1793 861 triennium,

165 867 423 925 scis'meam
443 879 728 932 electionem,
753 879 828 923 cui
850 887 899 923 tu
922 880 1051 924 iussu
1074 881 1225 925 Patris
1246 882 1414 939 Ignatii
1435 885 1688 940 praefuisti,
1709 886 1797 929 seis

164 957 242 1002 ina
266 957 490 1002 electione
524 972 597 1001 me
635 959 815 1001 Patrem
854 957 1084 1014 ignatium
1122 958 1209 1001 sibi
1245 959 1552 1013 substituisse,
1586 962 1663 1017 qui
1698 963 1796 1006 eius

165 1043 310 1079 essem
330 1034 432 1079 siue
453 1034 668 1086 uicarius,
692 1018 790 1079 siue
817 1034 1152 1078 commissarius
1189 1037 1415 1092 generalis
1447 1038 1491 1080 in
1531 1039 1792 1084 uniuersam

150 1111 454 1165 Societatem3
474 1111 522 1154 in
542 1111 873 1155 constituendis
894 1119 1082 1157 autem..

191 1180 197 1191 ’
249 1189 342 1232 Hic
361 1189 543 1244 explicit
561 1188 677 1242 haec„
682 1189 918 1244 peroratio
939 1190 1105 1232 ultima
1126 1192 1308 1234 tandem
1329 1207 1468 1235 manu
1488 1194 1537 1234 in
1554 1193 1791 1236 documen-

156 1268 204 1308 to
221 1265 304 1308 sub
323 1279 371 1309 n.
398 1276 454 1320 15
469 1266 616 1322 posito
635 1265 818 1309 donata.
847 1267 889 1308 A
918 1270 1049 1324 tergo
1067 1268 1182 1325 folii
1204 1269 1284 1322 3.¹'¹'
1306 1269 1428 1322 lzaec,
1462 1271 1620 1326 ignota
1648 1286 1788 1314 manu

155 1345 365 1394 exarata,
386 1343 623 1397 inscriptio
636 1343 786 1398 posita
814 1347 894 1386 est:
916 1343 1065 1387 Patris
1087 1345 1262 1389 Natalis
1283 1346 1450 1402 scripta
1471 1345 1724 1391 incorrecta
1747 1355 1793 1392 et

156 1417 462 1462 inemendata.

603 1598 656 1642 P.
691 1599 1045 1643 HIERONYMI
1076 1601 1345 1646 NATALIS

281 1674 427 1729 ACTIO
445 1699 495 1729 IN
527 1701 570 1730 P.
606 1701 937 1740 BOBADILLAM,
973 1703 1074 1732 DUM
1105 1698 1190 1734 HIC
1221 1704 1306 1743 JUS
1337 1704 1648 1735 GUBERNANDI

151 1773 457 1806 SOCIETATEM
495 1776 589 1807 SIBI
629 1778 690 1808 ET
727 1778 1076 1818 PRIMISSOCIIS
1117 1781 1379 1811 VINDICARE
1412 1782 1781 1813 CONTENDEBAT.

430 1864 591 1903 nomn,
617 1865 756 1893 ussusr.
781 1867 975 1895 AUGUSTO
998 1868 1079 1895 VEL
1105 1868 1341 1897 supremum
1372 1871 1460 1907 1557
1489 1862 1514 1898 ¹.

906 1944 1028 1987 Ihus.

219 2034 393 2078 'Causa
414 2034 616 2092 agitatur
635 2049 740 2079 eum
769 2037 948 2081 iusticia
974 2046 1020 2082 et
1047 2040 1287 2092 charitate,
1318 2056 1392 2093 an,
1426 2050 1607 2085 mortuo
1638 2044 1691 2085 R.
1725 2043 1777 2084 P.

150 2108 346 2166 IgnatiO,
369 2111 629 2168 praeposito
651 2112 892 2158 Societatis
907 2116 1035 2172 Jesu,
1061 2117 1334 2172 gubernatio
1358 2117 1417 2160 sit
1439 2119 1496 2162 de
1526 2117 1622 2162 iure
1647 2133 1788 2174 penes

221 2279 240 2297 a
289 2270 397 2306 Haec
411 2280 436 2316 4
453 2272 573 2307 verba
591 2271 742 2308 Natalis
761 2284 876 2309 manu
893 2273 1024 2310 addita
1042 2281 1147 2311 sunt.
1199 2277 1265 2303 —b
1294 2276 1404 2312 Prius
1425 2279 1554 2319 nouit,
1576 2277 1645 2313 sed
1667 2279 1785 2313 Nata·

34 2320 52 2350 ἶ
80 2354 91 2358 ,
124 2356 127 2358 ,
148 2327 199 2364 lis
215 2329 442 2371 emendavit
460 2335 504 2365 ut
520 2342 651 2378 supra.

219 2470 231 2492 ¹
282 2472 342 2507 Ex
359 2473 588 2520 archetypo,
606 2473 647 2509 in
663 2473 799 2509 codice
818 2474 878 2510 De
896 2475 1011 2522 (ebus
1027 2487 1167 2523 congr.
1184 2489 1278 2524 gen.
1298 2478 1332 2511 I-
1346 2479 1388 2521 V,
1403 2477 1506 2513 foliis
1521 2478 1670 2522 §Or-58¹
1685 2477 1786 2522 (135-

153 2528 249 2576 143).
279 2531 370 2566 1)υο
396 2531 514 2578 hujus
545 2533 787 2568 monumenti
813 2535 994 2580 exempla
1024 2534 1064 2569 in
1094 2535 1233 2571 eodem
1258 2536 1394 2572 codice
1419 2538 1625 2572 habentur.
1657 2537 1786 2571 Primo

84 2591 86 2593 ’
145 2587 248 2635 loco,
265 2588 309 2625 ff.
330 2589 479 2626 21r·28r
498 2591 608 2636 (olim
629 2591 785 2627 122-128
803 2593 866 2637 bis)
884 2593 1051 2628 habetur
1069 2598 1356 2641 transumptum
1383 2607 1588 2641 coaevum,
1614 2597 1662 2630 ab
1687 2606 1786 2629 ama—

146 2647 287 2684 mensi
310 2648 436 2685 Patris
460 2645 619 2685 Pola'nei
648 2650 901 2697 descriptum.
935 2651 1087 2687 Paucae
1116 2651 1157 2687 in
1187 2652 1253 2689 illo
1283 2653 1592 2699 emendationes,
1621 2654 1670 2688 ab
1689 2654 1783 2699 ipsis

67 2702 71 2705 ’
133 2707 462 2753 amanuensibus,
482 2708 678 2744 interdum
703 2709 821 2744 etiam
845 2711 894 2745 ab
920 2709 1056 2755 ignota
1079 2711 1194 2747 nobis
1222 2724 1338 2747 manu
1364 2718 1558 2756 exaratae,
1587 2712 1784 2758 reperiun-

145 2769 224 2801 tur.
248 2764 430 2802 Secundo
447 2768 548 2814 loco,
569 2767 611 2803 ff.
631 2768 781 2813 sor—581*
806 2768 914 2814 (olim
942 2768 1113 2815 135-143)
1137 2771 1303 2806 habetur
1328 2772 1596 2817 archetypum,
1623 2782 1692 2805 seu
1719 2781 1782 2816 po-

129 2822 223 2868 ‚tius
246 2824 535 2872 palimpsestus,
557 2827 607 2861 ab
632 2838 870 2863 amanuense
896 2827 1132 2874 descriptus,
1160 2835 1200 2864 et
1227 2841 1248 2864 a
1275 2830 1322 2864 P.
1356 2830 1484 2864 Natali
1511 2829 1782 2876 frequentibus

143 2882 483 2920 emendationibus
499 2885 730 2931 castigatus.
750 2886 971 2922 Nonnullae
997 2887 1115 2922 etiam
1133 2888 1177 2923 P.
1198 2888 1357 2923 Polanci
1384 2899 1498 2923 manu
1518 2894 1698 2922 exaratae
1724 2899 1781 2922 re-

142 2941 359 2988 periuntur.
378 2943 464 2978 Hoc
481 2943 698 2980 seeundum
715 2946 939 2992 exemplum
958 2957 1029 2981 nos
1047 2946 1111 2982 hic
1128 2947 1376 2993 proferimus,
1396 2947 1538 2982 additis
1557 2958 1606 2981 ex
1621 2957 1779 2993 apogra-

142 3000 220 3046 pho
236 3002 386 3048 paucis,
403 3013 504 3048 quae
521 3002 561 3038 in
578 3004 791 3050 archetypo
809 3003 1099 3040 desiderantur.
1123 3007 1235 3051 Quae
1254 3012 1384 3040 autem
1404 3005 1553 3040 Natalis
1574 3016 1689 3039 manu
1716 3005 1780 3039 ad-

141 3057 225 3095 dita
241 3061 304 3096 vel
323 3061 530 3096 emendata
547 3067 651 3108 sant,
672 3073 719 3097 ea
737 3062 878 3098 italicis
895 3063 1038 3099 litteris
1057 3070 1257 3099 notamus.

213 3118 341 3165 Hujus
358 3109 583 3156 documenti
601 3121 832 3167 lucubratio,
851 3133 966 3168 quam
984 3128 1165 3158 accurate
1183 3135 1205 3158 a
1224 3123 1352 3158 Natali
1372 3122 1422 3158 sit
1440 3128 1610 3168 peracta,
1638 3134 1685 3157 ex
1715 3133 1778 3156 va-
