2098 3470
343 254 408 299 178
811 256 964 292 PATms
991 256 1233 292 H1ERONYM1
1259 257 1294 292 N
1297 266 1410 294 ADAL

293 363 393 399 tuto
412 355 571 399 nouitii
594 356 796 399 moribus
819 357 1057 414 religiosis,
1084 365 1129 402 et
1152 359 1208 401 ad
1232 357 1498 416 religionem
1521 367 1719 404 nostram
1744 362 1922 418 proprie

289 432 639 477 accommodatis
677 432 992 488 instituuntur;
1033 443 1304 479 exercentur
1340 436 1474 479 simul
1506 452 1673 494 magna
1701 439 1921 483 obserua-

292 510 414 553 tione
437 510 647 553 omnibus
669 509 929 554 ministeriis
952 511 1195 556 Societatis
1223 513 1279 555 ad
1308 513 1531 557 iuuandas
1559 514 1747 567 animas,
1779 514 1820 558 si
1843 515 1921 570 qui

289 587 407 630 illam
428 587 691 631 facultatem
713 588 924 632 habeant.
959 588 1048 631 Hic
1086 588 1222 632 etiam
1262 598 1363 645 post
1400 590 1572 642 studia,
1598 591 1756 634 saltem
1778 606 1920 635 vnum

288 679 456 707 annum
481 670 766 717 exercentur,
793 663 869 720 qui
888 664 1049 708 studiis
1067 673 1174 708 sunt
1192 666 1431 722 perfuncti.
1455 669 1744 710 Reuocantur
1762 668 1817 711 ad
1835 682 1912 710 no-

289 740 495 784 uitiatum
519 740 670 794 etiam,
695 741 733 784 si
756 741 832 797 qui
861 741 1028 785 auxilio
1064 742 1285 798 spirituali
1321 751 1504 799 egeant,
1538 745 1610 788 uel
1637 743 1825 800 spiritus
1848 759 1917 788 re-

287 818 549 863 nouafione.

373 895 579 952 Collegia
601 895 805 939 bifariam
829 903 951 939 sunt:
977 895 1078 948 alia,
1105 897 1226 941 unde
1248 897 1389 940 nostri
1417 898 1474 940 ad
1503 898 1708 954 publicas
1735 899 1917 942 scholas

285 973 472 1026 adeunt,
497 972 702 1028 publicos
726 973 1004 1028 professores
1021 973 1228 1027 audiunt,
1255 973 1338 1029 ipsi
1362 974 1587 1018 neminem
1610 975 1791 1029 docent3
1811 974 1915 1028 alia,

283 1054 330 1091 et
351 1047 535 1103 quidem
557 1048 713 1091 maiori
732 1063 922 1092 numero
940 1050 1026 1091 hoc
1045 1056 1247 1104 ternpore
1264 1057 1385 1101 sunt,
1407 1049 1484 1092 ubi
1503 1050 1720 1093 docemus
1736 1050 1917 1106 publice

284 1125 358 1168 uel
380 1126 573 1180 quadam
597 1125 909 1170 mediocritate
937 1126 1122 1170 latinam
1149 1126 1370 1182 linguam,
1401 1127 1470 1170 uel
1497 1126 1674 1183 plenius
1703 1141 1916 1183 graecam

283 1201 419 1245 etiam
443 1209 488 1244 et
505 1201 856 1258 philosophiam3
879 1203 954 1247 uel
971 1203 1155 1246 omnino
1173 1203 1322 1246 omnia
1338 1203 1506 1256 studia,
1525 1218 1642 1258 quae
1660 1203 1916 1248 desiderare

281 1287 432 1335 potest
455 1280 715 1335 theologus;
741 1288 785 1323 et
807 1280 1066 1324 huiusmodi
1090 1279 1296 1337 collegiis
1323 1280 1468 1336 plenis
1497 1281 1694 1324 solemus
1722 1280 1915 1324 coniun-

283 1368 395 1412 gere
416 1356 725 1400 vniuersitatis
747 1357 1001 1413 priuilegia.
1036 1359 1092 1400 Et
1120 1357 1341 1401 habemus
1369 1357 1456 1400 iam
1485 1357 1659 1412 aliquas
1689 1357 1913 1402 vniuersi-

283 1441 414 1477 tates.
440 1435 490 1477 In
513 1433 723 1477 omnibus
747 1449 856 1478 uero
886 1435 981 1477 fere
1008 1434 1214 1491 collegiis
1245 1449 1378 1478 casus
1407 1434 1711 1477 conscientiae
1739 1434 1916 1490 praele-
1949 1482 1954 1485 ,

279 1510 448 1567 gimus.
473 1510 650 1554 Viuunt
671 1522 830 1566 autem*
847 1511 1039 1568 collegia
1061 1527 1116 1555 ex
1134 1511 1402 1564 redditibus,
1428 1510 1464 1554 si
1482 1526 1560 1554 eos
1578 1510 1795 1566 consequi
1816 1525 1917 1567 pos-

282 1595 404 1640 sunt,
430 1588 476 1631 et
497 1588 632 1632 certis
656 1587 1017 1640 fundationibus,
1045 1596 1094 1631 ut
1117 1588 1267 1631 studia
1285 1588 1400 1631 tueri
1422 1587 1662 1644 possimus.
1685 1589 1753 1630 Ex
1775 1588 1916 1631 colle-

280 1663 368 1721 giis
390 1679 654 1709 exercemus
677 1665 925 1709 ministeria
954 1665 1195 1730 Societatis
1223 1664 1474 1721 spiritualia
1501 1666 1547 1708 in
1577 1664 1808 1710 auditores
1831 1679 1915 1708 no-

281 1749 399 1785 stros
421 1743 695 1796 necessario;
722 1743 768 1786 in
796 1743 924 1796 alios,
949 1743 987 1786 si
1013 1758 1255 1799 possumus
1284 1743 1519 1786 commode
1548 1744 1720 1798 absque
1742 1741 1915 1785 studio-

285 1834 383 1862 rum
407 1819 696 1864 detrimento.
720 1821 1060 1876 Nonnunquam
1084 1819 1219 1864 etiarn
1250 1820 1295 1862 in
1324 1819 1528 1875 collegiis
1556 1818 1717 1862 alimus
1746 1818 1917 1874 aliquot

280 1895 502 1950 nouicios,
527 1896 770 1952 separatim
794 1911 850 1939 ex
873 1896 1055 1952 collegii
1078 1896 1346 1941 redditibus.

367 1973 543 2016 Domus
571 1988 708 2030 porro
737 1974 968 2029 professae
997 1980 1208 2016 constant
1237 1988 1293 2016 ex
1315 1973 1544 2029 professis,
1576 1972 1915 2016 coadiutoribus

278 2049 602 2105 spiritualibus,
616 2050 694 2105 qui
711 2050 756 2093 in
774 2050 1085 2106 spiritualibus
1101 2051 1329 2106 professos
1346 2057 1391 2094 et
1403 2049 1680 2094 Societatem
1693 2048 1914 2107 48(!65)v

278 2126 514 2180 adiuuent;
549 2134 595 2171 et
628 2127 968 2183 temporalibus,
1003 2127 1080 2183 qui
1112 2127 1158 2170 in
1192 2127 1514 2183 temporalibus
1551 2125 1914 2170 subministrent.

279 2204 380 2246 Hae
397 2204 558 2247 domus
580 2204 744 2247 viuunt
765 2219 820 2247 ex
844 2204 1069 2260 praesenti
1091 2205 1394 2259 eleemosyna3
1417 2203 1527 2245 nihil
1545 2203 1819 2255 reddituum,
1841 2202 1911 2245 ni-

278 2279 357 2332 hil,
373 2282 494 2336 quod
511 2280 598 2323 illis
616 2281 916 2336 aequiualeat,
931 2281 1162 2337 possidere
1174 2288 1379 2337 possunt.
1396 2281 1446 2323 In
1459 2280 1529 2323 his
1546 2279 1695 2323 omnia
1710 2279 1915 2323 ministe-

281 2357 345 2401 ria
361 2359 495 2414 plene
515 2365 786 2411 tractantur,
812 2373 928 2413 quae
950 2357 1144 2402 conferri
1166 2365 1356 2414 possunt
1374 2372 1429 2400 ex
1446 2357 1654 2400 instituto
1677 2357 1733 2398 ad
1750 2356 1917 2400 iuuan-

280 2431 361 2478 'das
381 2443 400 2460 a
422 2435 611 2477 animas.
638 2436 695 2477 Et
720 2442 872 2479 tamen
897 2435 941 2477 in
971 2435 1041 2477 his
1069 2434 1289 2479 lectiones
1318 2434 1614 2477 scholasticae
1638 2431 1794 2476 haberi
1822 2447 1915 2475 non

279 2519 485 2567 possunt,
512 2512 585 2554 uel
609 2512 792 2556 scholae
815 2511 1040 2556 literariae
1063 2511 1240 2567 aperiri,
1265 2511 1385 2566 quod
1415 2518 1484 2553 est
1513 2510 1748 2553 dumtaxat
1776 2509 1916 2553 colle-

278 2587 473 2644 giorum.
515 2588 813 2631 Admittimus
851 2589 907 2631 ad
935 2589 1019 2631 has
1051 2589 1209 2631 domos
1247 2587 1540 2638 nouitiorum,
1578 2586 1685 2630 item
1719 2585 1915 2641 aliquem

280 2680 520 2709 numerum
544 2664 804 2721 separatim,
831 2679 945 2720 quos
974 2681 1029 2709 ex
1057 2663 1358 2720 eleemosynis
1389 2664 1553 2706 domus
1585 2669 1911 2706 sustentamus.

369 2743 567 2786 Vltimus
589 2743 732 2797 locus,
758 2742 835 2784 ubi
866 2742 1007 2785 nostri
1039 2749 1294 2794 uersantur,
1320 2748 1365 2785 et
1388 2740 1569 2796 quidem
1594 2738 1913 2796 amplissimus,

279 2826 387 2862 sunt
409 2820 662 2873 missiones;
688 2834 778 2862 non
801 2819 921 2862 enim
945 2819 1302 2863 continebuntur
1329 2817 1473 2861 nostri
1501 2817 1545 2860 in
1575 2816 1784 2860 domibus
1813 2828 1916 2872 pro-

282 2896 411 2939 fessis
439 2898 645 2950 tandem,
676 2897 757 2939 sed
785 2910 941 2939 eorum
970 2910 1137 2952 magna
1163 2910 1268 2951 pars
1305 2894 1605 2951 occupabitur
1642 2893 1687 2936 in
1725 2891 1917 2936 diuersis

352 3062 369 3078 a
419 3052 620 3098 archetyp,
642 3051 946 3087 iuuandandas.
