2098 3470
257 229 326 274 558
730 231 884 268 PATms
911 234 1155 270 Hmnoxvm
1184 233 1333 270 NADAL

298 333 426 376 Haec
448 331 780 389 intelligantur,
804 333 922 378 intra
945 335 1223 391 prouinciam
1243 335 1278 378 si
1302 335 1381 378 fiat
1402 334 1572 379 missio.

298 410 497 464 Quando
529 423 638 452 vero
667 409 910 453 mittuntur
937 411 1073 466 aliqui
1097 419 1224 455 extra
1249 411 1545 468 prouinciam,
1571 412 1608 455 si
1631 414 1838 465 Romam,

206 485 389 528 videtur
416 485 663 530 conuenire
694 494 742 529 vt
780 495 874 530 tota
910 487 1143 544 prouincia
1181 489 1350 540 soluat,
1390 489 1465 531 vbi
1502 488 1612 532 nulli
1645 490 1843 546 collegio

208 562 328 605 illius
351 563 611 618 prouinciae
633 571 702 606 est
725 565 894 607 bonum
918 566 1039 620 quod
1063 564 1318 610 mittantur.
1343 567 1472 609 quta
1494 581 1731 610 numerum
1754 581 1834 609 au-

209 646 299 683 tem
322 655 634 696 personarum,
661 655 777 696 quae
799 649 1114 686 sustentantur
1136 642 1181 684 in
1205 642 1408 698 collegiis
1431 659 1486 687 ex
1509 643 1743 697 reditibus,
1769 644 1842 687 vel

208 717 394 760 omnino
422 731 477 760 ex
505 717 822 783 eleemosynis,
854 720 1180 763 conferendum
1210 727 1278 763 est
1306 720 1540 763 viaticum.
1575 722 1705 764 Ratio
1734 735 1844 764 vero

211 794 421 838 habenda
442 802 512 837 est
533 809 691 838 eorum
717 792 1030 852 collegiorum,
1057 810 1173 850 quae
1195 810 1252 839 ex
1275 797 1572 852 eleemosynis
1594 797 1774 851 viuunt,
1794 804 1844 839 vt

209 870 297 913 illis
329 870 499 926 aliquid
536 871 845 928 indulgeatur.
875 873 965 915 Iam
998 872 1034 914 si
1072 873 1281 929 collegio,
1314 873 1433 917 vnde
1461 858 1622 928 aliquis
1651 873 1845 917 mittitur

211 948 415 999 Romam,
435 954 504 990 est
526 949 646 1009 bono
669 955 717 990 vt
734 948 955 1000 mittatur,
978 956 1129 1004 tamen
1150 964 1243 992 non
1261 949 1478 992 continuo
1495 949 1676 992 videtur
1694 956 1843 992 totum

208 1024 422 1068 viaticum
445 1025 501 1068 ab
530 1025 606 1068 illo
634 1025 827 1082 collegio
849 1026 1064 1069 dandum.
1091 1028 1206 1070 Nam
1236 1026 1410 1070 etiamsi
1433 1027 1492 1070 sit
1519 1026 1628 1071 vtile
1655 1026 1718 1068 illi
1751 1027 1844 1070 col-

206 1102 346 1159 legio,
371 1116 462 1144 non
485 1116 662 1157 semper
687 1109 778 1145 tam
802 1103 872 1146 516
896 1103 1034 1158 longe
1058 1105 1246 1145 Romam
1272 1117 1435 1158 vsque.

297 1180 452 1235 Quare
483 1179 569 1223 erit
606 1179 824 1222 iudicium
864 1179 1172 1235 prouincialis,
1210 1187 1258 1222 vt
1295 1182 1532 1223 conferant
1563 1179 1732 1235 aliquid
1761 1179 1847 1223 alia

210 1255 405 1312 collegia
432 1257 487 1298 ad
511 1257 592 1299 has
621 1255 870 1300 missiones.
899 1256 949 1298 In
973 1257 1130 1300 eadem
1161 1256 1397 1313 prouincia
1428 1256 1645 1300 iudicabit
1666 1256 1846 1300 ordina-

207 1332 274 1376 rie
301 1347 412 1375 suus
435 1332 726 1388 prouincialis
756 1334 812 1376 de
850 1333 938 1386 his,
971 1347 1088 1388 quae
1117 1335 1338 1378 hactenus
1369 1333 1489 1376 dicta
1517 1340 1639 1386 sunt3
1665 1333 1848 1388 quando

208 1416 361 1454 autem
391 1410 636 1453 mittuntur
673 1410 817 1453 nostri
857 1411 913 1453 ad
951 1410 1061 1453 alias
1089 1410 1361 1466 prouincias,
1394 1411 1494 1466 quis
1530 1410 1588 1453 sit
1615 1412 1847 1454 soluturus

210 1486 444 1539 viaticum,
471 1486 516 1529 id
539 1486 758 1542 pendebit
780 1502 835 1530 ex
860 1486 1358 1530 arbitrio-commissarii
1375 1488 1447 1530 vel
1469 1487 1694 1544 generalis
1715 1502 1823 1544 prae

212 1562 360 1619 positi3
387 1571 440 1606 et.
458 1571 609 1607 tamen
633 1564 763 1607 facile
786 1563 871 1608 erit
893 1564 1011 1608 inter
1033 1579 1082 1608 se
1105 1564 1354 1608 conuenire
1377 1563 1694 1620 prouinciales.
1713 1590 1715 1595 ·
1731 1566 1846 1608 Nam

209 1639 285 1682 cui
306 1641 428 1683 bono
450 1639 507 1682 sit
529 1647 598 1684 est
614 1640 1003 1696 prospiciendum,
1029 1648 1075 1684 et
1097 1641 1134 1684 si
1163 1641 1312 1684 neutri
1342 1640 1605 1697 prouinciae
1636 1642 1707 1684 vel
1736 1642 1848 1683 nulli

211 1717 406 1773 collegio
429 1724 549 1760 esset
578 1718 717 1771 bono,
743 1717 1046 1762 communiter
1083 1719 1363 1773 ab‹vtraque
1401 1717 1637 1774 prouincia
1667 1717 1848 1777 videtur

213 1795 540 1837 conferendum
557 1794 788 1837 viaticum.

304 1871 379 1924 Iis,
410 1871 488 1926 qui
513 1878 695 1928 propter
723 1872 916 1928 negocia
945 1871 1204 1925 mittuntur,
1231 1873 1365 1915 datur
1391 1872 1624 1925 viaticum;
1656 1871 1727 1924 iis,
1770 1871 1846 1927 qui

214 1948 261 1991 in
283 1948 712 2004 peregrinationem,
738 1963 829 1991 non
858 1950 1006 2002 datur3
1032 1949 1101 2002 iis,
1130 1949 1207 2004 qui
1236 1949 1282 1991 in
1319 1948 1618 1992 ministerium
1659 1949 1731 1992 vel
1762 1948 1847 1992 alia

212 2025 387 2069 ratione
406 2026 663 2078 mittuntur,
684 2026 904 2081 siquidem
923 2034 1114 2082 possunt
1131 2028 1303 2081 absque
1319 2026 1485 2070 viatico
1502 2025 1586 2069 iter
1606 2027 1769 2078 facere,
1788 2039 1846 2068 ne
1909 2084 1914 2088 ι

215 2103 362 2146 detur.

217 2215 291 2259 517
774 2229 836 2258 DE
866 2229 1020 2259 socns
1050 2229 1368 2259 AssmNANDIs

304 2333 483 2377 Nostris
505 2332 847 2390 egredientibus
870 2326 1004 2376 domo
1026 2335 1192 2378 dentur
1213 2334 1323 2377 socii
1352 2349 1376 2376 a
1407 2333 1636 2390 superiore
1660 2334 1733 2378 vel
1762 2333 1846 2376 mi·
1897 2367 1899 2370 ,

219 2411 378 2465 nistro,
403 2411 440 2453 si
458 2409 621 2454 eodem
643 2411 743 2453 loco
765 2411 1031 2466 egrediendi
1054 2411 1276 2467 accipiant
1300 2412 1580 2456 facultatem.
1601 2413 1643 2454 A
1667 2411 1762 2454 solo
1783 2418 1847 2453 ta-

216 2503 320 2532 men
343 2487 580 2543 superiori,
605 2486 643 2530 si
665 2487 722 2530 ad
746 2487 883 2529 alium
912 2478 1063 2530 locum
1086 2487 1171 2530 iter
1194 2495 1300 2530 sunt
1324 2487 1500 2540 facturi3
1526 2487 1643 2530 ethi
1665 2487 1845 2542 quidem

218 2565 399 2619 quando
423 2564 597 2620 possint
619 2563 684 2606 ire
707 2563 789 2607 soli
812 2564 1105 2619 prouidenter
1127 2564 1419 2620 praescribet,
1446 2564 1523 2619 qui
1545 2564 1644 2606 illos
1666 2570 1844 2615 euocat,

218 2642 292 2686 vel
314 2649 463 2686 rector
485 2655 542 2684 ex
565 2640 897 2684 commissione.
926 2642 992 2683 Ex
1017 2641 1115 2684 aliis
1136 2656 1245 2684 vero
1262 2642 1386 2684 solus
1403 2649 1579 2696 emptor
1595 2641 1708 2683 solet
1725 2640 1848 2682 solus

219 2719 394 2775 egredi,
420 2725 466 2761 et
489 2718 534 2760 in
559 2717 739 2775 magnis
770 2718 973 2774 collegiis
997 2733 1117 2760 vnus
1138 2725 1216 2761 aut
1239 2719 1351 2760 alter
1373 2717 1607 2760 coadiutor
1629 2717 1847 2772 probatus

221 2796 335 2839 solet
357 2795 627 2851 dessignari,
653 2793 731 2850 qui
751 2794 858 2837 item
882 2795 1024 2850 possit
1046 2796 1170 2838 solus
1193 2794 1366 2851 egredi.

311 2872 529 2928 Superior
550 2870 749 2928 collegii,
769 2870 806 2914 si
828 2871 975 2914 socios
997 2871 1301 2928 assignauerit
1322 2870 1519 2914 nouitios
1542 2869 1754 2913 Patribus
1776 2869 1847 2927 vel
1865 2863 1867 2865 ¹

218 2949 449 3016 fratribus,
474 2949 520 2991 id
551 2963 642 2991 non
671 2955 884 3004 poterunt
915 2948 1095 3003 quidem
1125 2947 1342 3004 impedire
1378 2946 1594 3003 praefecti
1623 2945 1846 3002 probatio-

219 3040 326 3068 num
350 3026 447 3069 eius
470 3025 666 3082 collegii.
699 3027 919 3069 Poterunt
943 3032 1094 3067 tamen
1117 3032 1161 3068 et
1184 3025 1606 3068 debebunt.referre
1627 3021 1848 3079 superiori
