2098 3470
312 294 382 341 436
785 297 939 333 PATms
966 297 1210 334 H1ERONYMI
1238 296 1387 332 NADAL

357 398 502 449 Haeo,
528 411 646 452 quae
667 398 898 454 generalia
920 406 1042 452 sunt,
1068 398 1201 442 simul
1223 406 1267 441 et
1291 413 1407 453 quae
1424 406 1679 455 sequuntur
1699 401 1897 455 particu-
1948 450 1950 455 Α

269 472 400 526 laria,
425 473 607 517 docebit
629 488 713 518 nos
733 476 876 527 Deus,
903 475 939 518 si
963 474 1135 531 gratiae
1158 475 1298 530 ipsius
1320 475 1552 531 cooperari
1574 475 1778 521 velimus.

358 551 532 594 Blande
553 551 765 606 loquatur
787 551 991 608 superior
1013 560 1058 595 et
1081 551 1297 595 suauiter.

355 628 527 671 Sereno
549 627 772 683 hilarique
794 629 939 671 vultu.

355 704 430 748 176
464 705 582 748 Cum
605 705 837 748 charitatis
854 705 1200 761 significatione.
1798 760 1801 763 Ι

354 783 458 825 Non
481 783 758 838 praeseferat
780 784 960 838 culpam
983 782 1240 825 meminisse
1260 780 1476 840 P[atrum]
1502 797 1554 826 ac
1578 781 1805 844 f[ratrum]
1820 784 1895 827 vbi

264 871 367 900 cum
392 858 480 902 illis
502 857 613 915 agit,
639 860 719 903 sed
742 859 892 915 potius
914 859 1034 902 illam
1057 867 1247 903 excuset
1269 867 1313 902 et
1337 859 1526 910 minuat,
1551 860 1589 902 si
1611 860 1708 919 fieri
1735 860 1890 917 possit.

354 937 523 978 Earum
547 951 715 989 rerum,
742 951 858 992 quae
886 937 930 978 in
962 936 1070 992 ipsis
1102 937 1275 980 laudari
1306 944 1513 993 possunt,
1549 937 1809 982 memoriam
1846 953 1895 982 se

265 1008 423 1057 tenere
445 1012 687 1069 significet.

354 1091 424 1133 Ne
446 1104 502 1132 ex
526 1089 715 1146 imperio
738 1091 999 1147 praecipiat,
1025 1091 1105 1135 sed
1129 1106 1183 1135 ex
1212 1090 1511 1147 benignitate,
1544 1091 1799 1147 tranquille,
1824 1091 1894 1134 di-

264 1173 385 1211 serte
410 1173 562 1211 tamen
585 1174 630 1211 et
652 1174 822 1224 aperte,
849 1175 898 1209 vt
919 1167 955 1211 si
979 1168 1114 1211 dicat:

351 1243 511 1287 Facias
534 1246 635 1287 hoc.
663 1245 823 1288 Facias
846 1247 932 1287 hoc
957 1246 1109 1297 frater,
1135 1247 1207 1288 vel
1232 1247 1383 1290 Pater.
1409 1247 1586 1288 Bonum
1610 1245 1710 1298 erit,
1741 1245 1779 1289 si
1806 1247 1892 1289 hoc

258 1320 436 1364 feceris.
455 1306 564 1363 ‘Hoc
585 1320 724 1363 facias
746 1336 897 1364 amore
920 1321 1021 1365 Dei.
1043 1323 1384 1377 Nonnunquam
1403 1321 1555 1366 etiam:
1581 1335 1710 1378 rogo,
1730 1329 1780 1364 vt
1802 1323 1892 1365 hoc

259 1397 417 1442 facias.
443 1398 547 1441 Non
569 1397 704 1440 dicet:
731 1400 897 1440 mando
920 1399 990 1441 vel
1014 1398 1257 1454 praecipi03
1283 1399 1428 1441 multo
1451 1398 1616 1441 minus:
1638 1399 1801 1442 mando
1820 1400 1891 1443 vel

258 1473 488 1530 praecipio
510 1473 556 1516 in
579 1473 748 1517 virtute
770 1482 954 1518 sanctae
978 1475 1278 1529 obedientiae,
1303 1475 1377 1517 vel
1404 1475 1450 1517 in
1479 1475 1662 1519 nomine
1690 1475 1886 1518 Domini.

257 1553 360 1594 Hoc
390 1558 539 1596 tamen
569 1551 719 1596 dicere
748 1552 912 1608 poterit
939 1553 1190 1606 dumtaxat,
1216 1551 1252 1594 si
1281 1552 1343 1595 ita
1370 1552 1586 1606 iubendo,
1611 1551 1793 1609 insigne
1815 1567 1888 1609 pe-

259 1627 453 1671 riculum
477 1629 549 1673 vel
571 1629 786 1672 damnum
809 1629 940 1671 vitari
962 1629 1091 1673 aliter
1113 1644 1205 1672 non
1226 1636 1394 1686 posset.

348 1706 422 1749 177
455 1706 700 1757 Omnibus,
726 1706 802 1761 qui
826 1714 932 1748 sunt
955 1707 1039 1749 sub
1062 1706 1159 1750 eius
1181 1706 1529 1762 gubernatione,
1555 1706 1630 1749 vbi
1647 1706 1734 1763 ipsi
1755 1715 1895 1763 caput

264 1782 483 1838 aperient,
510 1783 606 1839 ipse
627 1782 735 1827 item
758 1783 943 1839 aperiet,
969 1784 1048 1827 sed
1071 1783 1222 1826 statim
1246 1790 1387 1839 teget.

347 1860 450 1903 Non
475 1859 706 1916 permittat
729 1867 885 1916 aperto
907 1859 1055 1915 capite
1078 1866 1185 1903 ante
1201 1875 1250 1904 se
1273 1859 1523 1904 consistere
1546 1861 1707 1903 Patres
1728 1866 1773 1902 et
1797 1860 1888 1902 fra-

255 1943 370 1990 tres3
402 1937 484 1981 sed
513 1944 664 1981 tamen
693 1952 814 1979 nunc
843 1937 998 1989 citius,
1023 1951 1146 1980 nunc
1179 1951 1271 1979 non
1299 1936 1360 1980 ita
1388 1937 1495 1990 cito,
1526 1936 1681 1980 iubeat
1710 1944 1887 1992 tegere,

257 2028 340 2070 pro
362 2028 659 2070 personarum
683 2014 756 2056 vel
779 2029 928 2056 rerum
951 2014 1195 2070 exigentia.

348 2091 417 2136 Sit
439 2105 548 2134 vero
571 2091 917 2147 praescriptum,
944 2098 991 2132 vt
1014 2092 1234 2136 abeuntes
1256 2106 1311 2135 ex
1342 2090 1580 2145 colloquiis
1608 2090 1888 2146 superiorum

263 2167 467 2224 aperiant
490 2174 643 2224 caput,
669 2176 779 2210 tunc
803 2175 950 2211 tamen
976 2183 1210 2212 necessum
1234 2182 1328 2211 non
1357 2167 1441 2210 erit
1469 2167 1725 2224 superiores
1753 2175 1894 2223 caput

257 2245 448 2302 aperire.

350 2322 658 2367 Subministro
681 2323 940 2366 sacerdotes
962 2330 1100 2378 caput
1122 2336 1212 2364 non
1241 2321 1458 2378 aperiant,
1489 2322 1569 2364 sed
1598 2320 1747 2377 potius
1778 2321 1888 2364 sub-—

259 2399 466 2444 minister
488 2398 815 2451 sacerdotibus,
837 2401 957 2454 quod
981 2413 1120 2454 quum
1140 2398 1321 2450 facient,
1343 2406 1451 2441 tunc
1473 2397 1608 2442 etiam
1630 2398 1892 2441 sacerdotes

257 2475 478 2532 aperient.
685 2531 689 2535 Δ

346 2554 415 2598 Ne
438 2553 495 2596 sit
517 2566 738 2609 praeceps
759 2551 804 2594 in
828 2553 1054 2607 loquendo
1077 2552 1283 2608 superior
1304 2551 1376 2595 vel
1399 2550 1530 2603 leuis,
1556 2551 1636 2594 sed
1653 2551 1888 2593 moderate

254 2629 426 2686 grauis.
724 2689 726 2692 Ι

347 2706 418 2751 Sit
440 2706 538 2751 eius
564 2704 730 2763 agendi
760 2703 872 2747 ratio
904 2704 1060 2756 facilis,
1091 2706 1226 2757 clara,
1261 2704 1476 2756 iucunda,
1507 2703 1639 2759 plana
1669 2716 1722 2745 ac
1754 2701 1885 2745 fami-

254 2783 392 2826 liaris.

345 2859 520 2904 Audiat
542 2873 646 2902 cum
669 2858 1019 2902 mansuetudine
1042 2865 1230 2901 attente.

346 2937 576 2992 Intelligat
597 2943 824 2979 accurate.

340 3014 416 3058 Nil
440 3022 609 3058 temere
631 3020 676 3057 et
697 3026 996 3068 praepropere
1019 3012 1306 3067 respondeat.
1334 3010 1406 3056 178
1429 3010 1486 3053 Et
1509 3017 1660 3054 tamen
1682 3008 1728 3052 in
1746 3010 1883 3053 rebus

250 3091 458 3135 facilibus
480 3091 572 3133 cito
596 3089 880 3146 respondeat.

2091 2290 2098 2316 ³.

2082 2453 2098 2509 ζὲ,

2078 2510 2098 2622 ἓ
