2098 3470
351 4 381 12 ra.
400 0 475 9 ἰν“’
503 0 578 12 *ea*

335 11 394 30 *ag-2,
415 3 527 35 ιῐῖὴςς-
556 24 558 27 1
579 11 589 15 ·
666 20 670 22 .

406 39 426 55 ,ι
463 39 486 59 .'
561 37 570 46 ,

774 279 955 316 Non-rui
980 286 1171 316 comeum
1698 279 1745 330 33

91 405 101 419 .
157 384 296 423 ultima
314 384 409 422 folia
426 385 532 422 sexti
551 383 841 432 quaternionis,
860 381 1000 430 implet
1016 387 1126 420 totos
1145 381 1435 429 quaterniones
1458 392 1495 431 7,
1523 382 1559 428 8,
1578 392 1617 429 9,
1643 388 1684 420 et
1709 383 1791 420 fere

155 459 288 493 totum
311 465 371 501 10;
390 456 444 492 66
461 455 555 492 folia
573 454 728 492 scilicet
745 453 866 503 plena
883 458 926 490 et
942 464 967 490 a
986 452 1120 490 Natali
1134 457 1316 495 exarata.
1336 452 1383 489 In
1403 453 1479 490 hac
1500 453 1623 503 longa
1641 454 1791 491 adhor-

155 526 310 565 tatione
323 527 579 575 explicantur
591 525 656 563 illa
669 524 796 562 verba
809 524 1006 562 formulae
1021 524 1189 561 instituti
1209 521 1436 570 Societatis,
1450 524 1490 560 in
1511 524 1660 571 quibus
1680 525 1790 562 varia

144 597 388 644 ministeria,
408 609 432 635 a
451 597 573 636 sociis
591 596 796 642 obeunda,
814 601 1089 634 recensentur.
1109 595 1173 632 De
1200 595 1411 643 multiplici
1431 595 1546 632 verbi
1573 596 1649 632 Dei
1675 597 1790 633 mini-

155 669 279 707 sterio
293 681 342 706 ac
355 669 408 707 de
421 669 576 706 ratione
587 668 824 717 praesertim
836 666 1109 705 concionandi
1124 667 1166 703 in
1173 666 1378 704 Societate
1392 667 1584 713 tenenda,
1596 667 1648 704 de
1663 668 1789 705 modo

119 730 135 743 ⁵
155 740 389 778 instituendi
408 740 542 778 bonos
561 739 871 779 concionatores
890 739 1095 787 sapienter
1114 743 1156 775 et
1174 738 1332 775 erudite
1346 738 1514 786 quidem
1533 738 1695 776 disserit
1709 739 1790 776 Na-

89 816 94 828 ·'
154 811 258 858 talis,
271 812 469 860 pluraque
488 815 781 848 commemorat
797 810 849 847 ad
869 810 1078 847 historiam
1097 809 1310 861 Societatis
1329 809 1453 847 utilia.
1475 810 1559 847 Ine.
1587 810 1790 856 «Vidistis,

154 882 308 929 fratres,
345 882 690 937 quemadmodum
726 881 910 919 Societas
946 882 988 918 in
1025 881 1217 918 examine
1250 881 1374 918 finem
1412 881 1651 929 explicet...»
1690 881 1788 919 Des.

158 970 218 992 ο...
236 954 476 1000 monendas,
495 953 741 1003 dirigendas,
759 958 884 1001 atque
902 952 1192 1002 gubernandas
1211 953 1265 989 ad
1285 954 1481 990 maiorem
1500 953 1578 990 Dei
1598 954 1785 1001 omnipo-

154 1025 276 1064 tentis
293 1025 476 1075 gloriam.
494 1025 662 1063 Amen.»

233 1095 438 1145 Sepfimae
456 1096 751 1134 exhortationis
762 1097 851 1133 'tres
867 1100 1026 1132 tantum
1039 1095 1236 1144 pagellae,
1253 1107 1424 1143 quarum
1442 1095 1558 1132 tertia
1578 1095 1790 1132 obliterata

154 1169 240 1215 fixit,
258 1167 460 1206 habentur
477 1168 518 1205 in
535 1168 618 1204 fine
636 1167 783 1205 decimi
801 1167 1092 1215 quaternionis.
1107 1167 1171 1204 De
1191 1167 1527 1204 subordinatione
1547 1167 1788 1211 mediorum,

153 1240 208 1278 ad
225 1240 349 1277 finem
366 1239 579 1278 Societatis
596 1239 919 1288 adipiscendum,
937 1244 1109 1276 tractare
1128 1238 1268 1287 incipit
1287 1239 1399 1276 hisce
1419 1238 1567 1275 verbis:
1595 1238 1679 1275 1De
1705 1239 1786 1275 fine

153 1311 366 1348 Societatis
380 1311 564 1357 audistis,
581 1311 735 1357 fratres,
754 1310 867 1358 etlde
886 1310 1031 1347 mediis
1050 1315 1092 1347 et
1109 1310 1188 1356 via,
1203 1321 1310 1357 quae
1325 1310 1378 1346 ad
1394 1309 1504 1346 illum
1519 1322 1595 1347 nos
1611 1310 1783 1348 ducit...»

151 1381 249 1420 Des.
273 1399 333 1420 c...
351 1382 405 1420 ad
424 1387 627 1420 summum
646 1382 756 1420 illum
774 1382 899 1419 finem
916 1382 1054 1419 referri
1072 1381 1286 1418 debeant.
1317 1381 1381 1418 De
1408 1382 1471 1418 his
1491 1382 1785 1419 adhortationi-

150 1453 230 1491 bus
246 1453 346 1491 illud
365 1453 772 1491 animadvertendum
791 1458 866 1499 est,
885 1458 926 1490 et
943 1458 1181 1502 argumenta
1200 1453 1240 1489 in
1260 1452 1335 1490 illis
1355 1453 1526 1502 digesta,
1540 1458 1581 1490 et
1600 1454 1783 1490 ordinem

113 1528 117 1538 ¹
150 1525 191 1562 in
210 1535 352 1562 eorum
369 1525 608 1562 tractatione
628 1529 832 1562 servatum
849 1524 1012 1572 reperiri
1033 1524 1115 1561 fere
1136 1524 1175 1560 in
1192 1525 1398 1572 excerptis
1413 1536 1436 1561 a
1456 1525 1496 1562 P.
1513 1525 1672 1562 Busaeo
1689 1526 1785 1562 scri—

150 1597 243 1646 ptis,
262 1607 368 1644 quae
386 1596 427 1633 in
448 1596 592 1633 codice
611 1594 849 1633 Aliscell.'de
866 1594 995 1644 regul.
1015 1595 1056 1633 S.
1078 1594 1135 1640 J„
1158 1608 1196 1632 n.
1220 1604 1255 1642 5,
1275 1596 1546 1634 continentur.

228 1667 326 1715 Post
342 1667 496 1705 Natalis
514 1668 835 1713 exhortationes,
856 1672 1082 1715 sequuntur
1100 1672 1276 1714 quatuor
1294 1667 1389 1704 folia
1418 1667 1543 1704 nitide
1565 1667 1616 1704 ab
1643 1668 1784 1716 ignoto

97 1744 101 1746 ’
149 1739 311 1778 librario
330 1744 497 1776 exarata
516 1744 557 1776 et
575 1751 599 1776 a
619 1739 660 1776 P.
679 1739 856 1776 Polanco
876 1739 983 1776 notis
1002 1739 1043 1776 in
1062 1739 1245 1788 margine
1265 1751 1289 1775 a
1314 1739 1498 1776 secundo
1526 1739 1622 1775 folio
1651 1745 1782 1785 aucta,

135 1800 221 1848 ‘ubi
236 1810 445 1860 catalogus
464 1814 601 1847 exstat
618 1810 877 1859 negotiorum
894 1810 1212 1856 tractandorum,
1230 1822 1304 1858 pro
1324 1810 1405 1847 fine
1420 1810 1634 1847 Societatis
1650 1810 1767 1847 effica

149 1882 236 1919 cius
254 1863 407 1929 ubique
427 1881 719 1931 attingendum.
740 1870 891 1929 Aliquo
909 1886 1031 1929 pacto
1050 1881 1104 1918 ad
1122 1878 1165 1918 P.
1182 1880 1370 1918 Natalem
1388 1883 1467 1918 hoc
1488 1882 1781 1918 documentum

149 1958 368 2002 spectasse,
388 1953 429 1990 in
449 1953 537 2001 ejus
556 1953 809 2002 autographa
828 1952 1092 1990 annotatione
1118 1952 1170 1989 ad
1197 1953 1351 1990 calcem
1377 1953 1504 1990 ultimi
1526 1953 1607 1990 folii
1636 1954 1780 2001 posita,

148 2024 360 2071 indicatur,
373 2035 479 2072 quae
494 2024 548 2061 ita
562 2023 697 2061 habet:
720 2023 979 2061 «Tractanda
997 2024 1050 2061 ad
1069 2024 1194 2062 finem
1208 2024 1459 2062 Societatis.»
1480 2025 1575 2072 Quo
1595 2030 1778 2072 tempore

151 2095 343 2143 scriptum
362 2095 413 2132 sit
430 2096 510 2132 hoe
524 2094 830 2141 documentum,
844 2106 899 2132 ex
918 2094 1040 2142 rebus
1061 2095 1100 2132 in
1121 2096 1211 2143 ipso
1227 2094 1430 2132 contentis
1446 2096 1548 2133 forte
1564 2096 1648 2132 erui
1665 2100 1780 2143 pote-

149 2166 210 2215 rit.
230 2166 313 2204 Inc.
335 2166 406 2203 «In
425 2167 575 2214 primis,
600 2177 706 2214 quae
730 2166 934 2214 pertinent
950 2166 1004 2203 ad
1031 2167 1344 2204 conuersionem
1365 2167 1651 2204 infidelium...»
1684 2167 1781 2203 Des.

152 2238 257 2276 «...in
269 2238 483 2275 missarum
499 2238 704 2275 sacrificiis
718 2249 792 2275 eos
809 2238 1032 2275 iuuarent.»

164 2310 166 2313 ’
228 2309 336 2347 Huic
355 2309 603 2347 documento
623 2309 731 2347 aliud
746 2310 879 2356 etiam,
899 2309 1054 2347 Natalis
1068 2322 1192 2347 manu
1207 2315 1404 2356 notatum,
1421 2310 1617 2355 succedit,
1636 2309 1779 2345 decem

149 2380 253 2418 foliis
271 2381 475 2426 constans,
496 2381 560 2419 cui
578 2381 729 2418 titulus:
753 2381 927 2431 «Reglas
948 2381 999 2418 de
1020 2382 1082 2418 los
1102 2382 1335 2431 collegios.»
1358 2382 1512 2419 Natalis
1540 2382 1640 2418 haec
1668 2380 1784 2416 titulo

150 2451 318 2490 addidit:
345 2457 524 2500 «quanto
545 2452 569 2489 a
587 2452 647 2489 las
665 2452 824 2490 letras.»
846 2453 899 2490 Et
917 2453 957 2490 in
978 2453 1120 2500 quinto
1142 2453 1238 2490 folio
1259 2459 1371 2490 recto
1391 2453 1493 2489 haec
1515 2453 1641 2500 ipsius
1662 2463 1784 2487 manu

150 2528 317 2562 exarata
335 2529 440 2561 sunt:
462 2523 637 2573 «Reglas
656 2529 809 2572 quanto
829 2524 853 2561 a
870 2524 930 2562 las
949 2524 1241 2562 costumbres.»
1271 2524 1344 2560 Est
1370 2524 1651 2573 apographum
1679 2522 1783 2558 illius

149 2595 398 2641 documenfi,
416 2594 528 2642 quod
547 2595 588 2632 in
603 2596 695 2634 cod.
711 2577 852 2634 Natal.
872 2596 990 2633 instr.
1011 2595 1156 2640 Lusit„
1178 2595 1245 2632 sol.
1273 2596 1346 2632 106
1366 2601 1445 2631 25²2
1466 2606 1555 2635 ser..
1576 2594 1782 2641 reperitur.

149 2666 230 2704 Hic
247 2671 383 2704 tamen
403 2667 537 2715 aliqua
555 2672 721 2713 mutata,
740 2672 781 2704 et
798 2667 913 2715 plura
932 2678 1145 2714 perperam
1165 2667 1312 2714 scripta
1333 2666 1542 2702 habentur.
1572 2665 1782 2701 Variantes

150 2737 319 2787 alicujus
338 2739 532 2775 momenti
550 2750 625 2776 suo
645 2738 737 2775 loco
757 2743 959 2775 notantur.
980 2738 1151 2785 Insuper
1166 2738 1204 2774 in
1227 2737 1317 2774 cod.
1338 2737 1465 2773 Lusit.
1488 2737 1597 2783 prius
1623 2747 1782 2783 ponun-

149 2813 214 2846 tur
231 2809 395 2859 regulae
413 2810 465 2846 ad
485 2821 620 2847 mores
638 2811 899 2858 pertinentes;
918 2810 983 2847 hic
1002 2820 1115 2855 vero,
1131 2810 1260 2857 primo
1277 2809 1368 2845 loco
1385 2807 1585 2844 habentur
1600 2819 1660 2851 ea,
1677 2817 1783 2853 quae

110 2866 117 2879 ’
150 2878 203 2916 ad
221 2878 372 2916 litteras
391 2885 589 2927 spectant.
609 2879 692 2918 Inc.
715 2880 802 2916 «En
821 2879 883 2916 los
903 2879 1099 2928 collegios
1125 2890 1205 2926 que
1232 2879 1270 2915 la
1296 2877 1523 2926 Compafn'a
1548 2883 1659 2913 toma
1687 2877 1710 2912 a
1737 2888 1784 2912 su

150 2955 358 2998 assumpto
379 2950 466 2988 solo
485 2951 538 2987 de
557 2950 640 2988 leer
657 2951 970 2988 humanidad...»
992 2951 1087 2988 Des.
1111 2950 1241 2987 <‹...del
1260 2950 1379 2986 timor
1404 2949 1526 2985 todos
1551 2959 1627 2984 nos
1653 2947 1782 2995 pode-

150 3033 240 3058 mos
261 3033 330 3058 mu
339 3022 419 3058 cho
437 3022 616 3060 aiudar.»

229 3091 327 3130 Post
351 3092 511 3142 regulas
537 3093 726 3131 classium
751 3093 998 3139 inferiorum,
1015 3093 1196 3140 sequitur
1223 3092 1503 3140 apographum
1538 3090 1781 3125 monitorum

328 3161 448 3190 Epist.
470 3164 497 3191 Ρ
534 3162 670 3197 ΝΔυΑι,
690 3169 771 3191 τοιι.
797 3162 861 3190 lV.
1592 3159 1609 3184 4
