<?xml version="1.0" encoding="UTF-8"?>
<!DOCTYPE html PUBLIC "-//W3C//DTD XHTML 1.0 Transitional//EN"
    "http://www.w3.org/TR/xhtml1/DTD/xhtml1-transitional.dtd">
<html xmlns="http://www.w3.org/1999/xhtml" xml:lang="en" lang="en">
 <head>
  <title>
</title>
<meta http-equiv="Content-Type" content="text/html;charset=utf-8" />
  <meta name='ocr-system' content='tesseract 3.04.00' />
  <meta name='ocr-capabilities' content='ocr_page ocr_carea ocr_par ocr_line ocrx_word'/>
</head>
<body>
  <div class='ocr_page' id='page_1' title='image "./epistolaephieron04nadauoft_0883.png"; bbox 0 0 2098 3470; ppageno 0'>
   <div class='ocr_carea' id='block_1_1' title="bbox 0 0 485 110">
    <p class='ocr_par' dir='ltr' id='par_1_1' title="bbox 0 0 485 110">
     <span class='ocr_line' id='line_1_1' title="bbox 0 0 485 110; baseline 0 3360"><span class='ocrx_word' id='word_1_1' title='bbox 0 0 485 110; x_wconf 95' lang='lat' dir='ltr'><strong> </strong></span> 
     </span>
    </p>
   </div>
   <div class='ocr_carea' id='block_1_2' title="bbox 0 2218 89 3470">
    <p class='ocr_par' dir='ltr' id='par_1_2' title="bbox 0 2218 89 3470">
     <span class='ocr_line' id='line_1_2' title="bbox 0 2218 89 3470; baseline 0 0"><span class='ocrx_word' id='word_1_2' title='bbox 0 2218 89 3470; x_wconf 95' lang='lat' dir='ltr'><strong> </strong></span> 
     </span>
    </p>
   </div>
   <div class='ocr_carea' id='block_1_3' title="bbox 773 221 1766 269">
    <p class='ocr_par' dir='ltr' id='par_1_3' title="bbox 773 221 1766 269">
     <span class='ocr_line' id='line_1_3' title="bbox 773 221 1766 269; baseline -0.002 -10"><span class='ocrx_word' id='word_1_3' title='bbox 773 222 1216 268; x_wconf 68' lang='lat' dir='ltr'><strong>Suprtmuruu—zs</strong></span> <span class='ocrx_word' id='word_1_4' title='bbox 1695 221 1766 269; x_wconf 83' lang='lat'><strong>857</strong></span> 
     </span>
    </p>
   </div>
   <div class='ocr_carea' id='block_1_4' title="bbox 155 322 1813 2922">
    <p class='ocr_par' dir='ltr' id='par_1_4' title="bbox 171 322 1813 1612">
     <span class='ocr_line' id='line_1_4' title="bbox 173 322 1813 385; baseline -0.002 -13"><span class='ocrx_word' id='word_1_5' title='bbox 173 339 295 385; x_wconf 84' lang='lat' dir='ltr'><strong>quae</strong></span> <span class='ocrx_word' id='word_1_6' title='bbox 315 327 550 371; x_wconf 68' lang='lat' dir='ltr'><strong>³-habetur</strong></span> <span class='ocrx_word' id='word_1_7' title='bbox 569 325 627 370; x_wconf 85' lang='lat' dir='ltr'><strong>de</strong></span> <span class='ocrx_word' id='word_1_8' title='bbox 646 324 741 377; x_wconf 90' lang='lat' dir='ltr'><strong>illo,</strong></span> <span class='ocrx_word' id='word_1_9' title='bbox 772 322 1005 377; x_wconf 86' lang='lat' dir='ltr'><strong>euidentia</strong></span> <span class='ocrx_word' id='word_1_10' title='bbox 1034 329 1173 378; x_wconf 89' lang='lat' dir='ltr'><strong>atque</strong></span> <span class='ocrx_word' id='word_1_11' title='bbox 1205 323 1502 379; x_wconf 82' lang='lat' dir='ltr'>experientia,</span> <span class='ocrx_word' id='word_1_12' title='bbox 1537 331 1585 367; x_wconf 90' lang='lat' dir='ltr'><strong>vt</strong></span> <span class='ocrx_word' id='word_1_13' title='bbox 1616 325 1674 369; x_wconf 93' lang='lat' dir='ltr'><strong>de</strong></span> <span class='ocrx_word' id='word_1_14' title='bbox 1706 332 1813 368; x_wconf 91' lang='lat' dir='ltr'><strong>actu</strong></span> 
     </span>
     <span class='ocr_line' id='line_1_5' title="bbox 175 399 1812 460; baseline -0.003 -11"><span class='ocrx_word' id='word_1_15' title='bbox 175 411 334 450; x_wconf 91' lang='lat' dir='ltr'><strong>nostro</strong></span> <span class='ocrx_word' id='word_1_16' title='bbox 363 416 498 460; x_wconf 89' lang='lat' dir='ltr'><strong>quem</strong></span> <span class='ocrx_word' id='word_1_17' title='bbox 526 401 676 460; x_wconf 89' lang='lat' dir='ltr'><strong>(modo</strong></span> <span class='ocrx_word' id='word_1_18' title='bbox 704 401 761 444; x_wconf 90' lang='lat' dir='ltr'><strong>ad</strong></span> <span class='ocrx_word' id='word_1_19' title='bbox 787 400 936 457; x_wconf 91' lang='lat' dir='ltr'><strong>ipsum</strong></span> <span class='ocrx_word' id='word_1_20' title='bbox 973 399 1280 455; x_wconf 81' lang='lat' dir='ltr'><strong>aduertamus)</strong></span> <span class='ocrx_word' id='word_1_21' title='bbox 1320 400 1556 444; x_wconf 89' lang='lat' dir='ltr'><strong>sentimus:</strong></span> <span class='ocrx_word' id='word_1_22' title='bbox 1597 400 1659 444; x_wconf 90' lang='lat' dir='ltr'><strong>ita</strong></span> <span class='ocrx_word' id='word_1_23' title='bbox 1691 401 1812 446; x_wconf 91' lang='lat' dir='ltr'><strong>enirn</strong></span> 
     </span>
     <span class='ocr_line' id='line_1_6' title="bbox 176 475 1813 533; baseline -0.003 -8"><span class='ocrx_word' id='word_1_24' title='bbox 176 479 527 525; x_wconf 84' lang='lat' dir='ltr'><strong>commeministi</strong></span> <span class='ocrx_word' id='word_1_25' title='bbox 554 477 670 522; x_wconf 89' lang='lat' dir='ltr'><strong>tradi</strong></span> <span class='ocrx_word' id='word_1_26' title='bbox 701 493 729 521; x_wconf 91' lang='lat' dir='ltr'><strong>a</strong></span> <span class='ocrx_word' id='word_1_27' title='bbox 756 476 1022 529; x_wconf 89' lang='lat' dir='ltr'><strong>dialecticis,</strong></span> <span class='ocrx_word' id='word_1_28' title='bbox 1057 475 1157 519; x_wconf 90' lang='lat' dir='ltr'><strong>siue</strong></span> <span class='ocrx_word' id='word_1_29' title='bbox 1178 476 1356 533; x_wconf 85' lang='lat' dir='ltr'><strong>logicis,</strong></span> <span class='ocrx_word' id='word_1_30' title='bbox 1396 478 1454 522; x_wconf 92' lang='lat' dir='ltr'><strong>de</strong></span> <span class='ocrx_word' id='word_1_31' title='bbox 1492 478 1659 522; x_wconf 88' lang='lat' dir='ltr'><strong>nostris</strong></span> <span class='ocrx_word' id='word_1_32' title='bbox 1697 478 1813 522; x_wconf 87' lang='lat' dir='ltr'><strong>acti-</strong></span> 
     </span>
     <span class='ocr_line' id='line_1_7' title="bbox 175 553 1806 612; baseline -0.001 -12"><span class='ocrx_word' id='word_1_33' title='bbox 175 557 263 601; x_wconf 90' lang='lat' dir='ltr'><strong>bus</strong></span> <span class='ocrx_word' id='word_1_34' title='bbox 298 555 388 598; x_wconf 84' lang='lat'><strong>220</strong></span> <span class='ocrx_word' id='word_1_35' title='bbox 428 555 586 600; x_wconf 87' lang='lat' dir='ltr'><strong>haberi</strong></span> <span class='ocrx_word' id='word_1_36' title='bbox 620 568 755 612; x_wconf 89' lang='lat' dir='ltr'><strong>posse</strong></span> <span class='ocrx_word' id='word_1_37' title='bbox 789 553 1043 597; x_wconf 83' lang='lat' dir='ltr'><strong>naturalem</strong></span> <span class='ocrx_word' id='word_1_38' title='bbox 1087 553 1329 608; x_wconf 89' lang='lat' dir='ltr'><strong>quamdam</strong></span> <span class='ocrx_word' id='word_1_39' title='bbox 1369 554 1664 598; x_wconf 90' lang='lat' dir='ltr'><strong>euidentiam.</strong></span> <span class='ocrx_word' id='word_1_40' title='bbox 1702 556 1806 598; x_wconf 92' lang='lat' dir='ltr'><strong>Hoc</strong></span> 
     </span>
     <span class='ocr_line' id='line_1_8' title="bbox 175 628 1811 688; baseline -0.001 -12"><span class='ocrx_word' id='word_1_41' title='bbox 175 642 328 679; x_wconf 89' lang='lat' dir='ltr'><strong>tamen</strong></span> <span class='ocrx_word' id='word_1_42' title='bbox 349 633 463 676; x_wconf 88' lang='lat' dir='ltr'><strong>nihil</strong></span> <span class='ocrx_word' id='word_1_43' title='bbox 482 646 585 677; x_wconf 88' lang='lat' dir='ltr'><strong>esse</strong></span> <span class='ocrx_word' id='word_1_44' title='bbox 604 638 755 688; x_wconf 91' lang='lat' dir='ltr'><strong>potest</strong></span> <span class='ocrx_word' id='word_1_45' title='bbox 777 631 925 688; x_wconf 85' lang='lat' dir='ltr'><strong>magis</strong></span> <span class='ocrx_word' id='word_1_46' title='bbox 948 628 1038 674; x_wconf 89' lang='lat' dir='ltr'><strong>tuis</strong></span> <span class='ocrx_word' id='word_1_47' title='bbox 1060 628 1312 673; x_wconf 89' lang='lat' dir='ltr'><strong>rationibus</strong></span> <span class='ocrx_word' id='word_1_48' title='bbox 1342 631 1634 684; x_wconf 86' lang='lat' dir='ltr'><strong>contrarium,</strong></span> <span class='ocrx_word' id='word_1_49' title='bbox 1662 639 1708 675; x_wconf 86' lang='lat' dir='ltr'><strong>vt</strong></span> <span class='ocrx_word' id='word_1_50' title='bbox 1732 631 1811 688; x_wconf 93' lang='lat' dir='ltr'><strong>qui</strong></span> 
     </span>
     <span class='ocr_line' id='line_1_9' title="bbox 174 706 1810 762; baseline -0.002 -7"><span class='ocrx_word' id='word_1_51' title='bbox 174 709 413 755; x_wconf 86' lang='lat' dir='ltr'><strong>contendis</strong></span> <span class='ocrx_word' id='word_1_52' title='bbox 454 723 539 753; x_wconf 91' lang='lat' dir='ltr'><strong>nos</strong></span> <span class='ocrx_word' id='word_1_53' title='bbox 578 709 636 752; x_wconf 93' lang='lat' dir='ltr'><strong>de</strong></span> <span class='ocrx_word' id='word_1_54' title='bbox 678 707 876 752; x_wconf 85' lang='lat' dir='ltr'><strong>sensuali</strong></span> <span class='ocrx_word' id='word_1_55' title='bbox 917 706 1075 751; x_wconf 91' lang='lat' dir='ltr'><strong>nescio</strong></span> <span class='ocrx_word' id='word_1_56' title='bbox 1118 720 1208 762; x_wconf 87' lang='lat' dir='ltr'><strong>qua</strong></span> <span class='ocrx_word' id='word_1_57' title='bbox 1250 707 1528 762; x_wconf 80' lang='lat' dir='ltr'><strong>experientia</strong></span> <span class='ocrx_word' id='word_1_58' title='bbox 1575 709 1810 752; x_wconf 88' lang='lat' dir='ltr'><strong>charitatis</strong></span> 
     </span>
     <span class='ocr_line' id='line_1_10' title="bbox 172 783 1809 842; baseline -0.001 -13"><span class='ocrx_word' id='word_1_59' title='bbox 172 791 441 840; x_wconf 77' lang='grc' dir='ltr'>ὅογματιζέσθαι,</span> <span class='ocrx_word' id='word_1_60' title='bbox 465 799 569 830; x_wconf 86' lang='lat' dir='ltr'><strong>nam</strong></span> <span class='ocrx_word' id='word_1_61' title='bbox 592 785 706 828; x_wconf 86' lang='lat' dir='ltr'><strong>nihil</strong></span> <span class='ocrx_word' id='word_1_62' title='bbox 728 793 798 829; x_wconf 91' lang='lat' dir='ltr'><strong>est</strong></span> <span class='ocrx_word' id='word_1_63' title='bbox 825 785 948 840; x_wconf 92' lang='lat' dir='ltr'><strong>quod</strong></span> <span class='ocrx_word' id='word_1_64' title='bbox 976 783 1123 840; x_wconf 89' lang='lat' dir='ltr'><strong>possis</strong></span> <span class='ocrx_word' id='word_1_65' title='bbox 1151 783 1240 826; x_wconf 89' lang='lat' dir='ltr'><strong>iam</strong></span> <span class='ocrx_word' id='word_1_66' title='bbox 1272 783 1423 828; x_wconf 88' lang='lat' dir='ltr'><strong>dicere</strong></span> <span class='ocrx_word' id='word_1_67' title='bbox 1455 785 1809 842; x_wconf 83' lang='lat' dir='ltr'><strong>assumptionem</strong></span> 
     </span>
     <span class='ocr_line' id='line_1_11' title="bbox 174 859 1807 918; baseline -0.002 -10"><span class='ocrx_word' id='word_1_68' title='bbox 174 878 277 909; x_wconf 87' lang='lat' dir='ltr'><strong>esse</strong></span> <span class='ocrx_word' id='word_1_69' title='bbox 299 864 473 915; x_wconf 88' lang='lat' dir='ltr'><strong>falsam,</strong></span> <span class='ocrx_word' id='word_1_70' title='bbox 499 862 627 918; x_wconf 87' lang='lat' dir='ltr'><strong>sequi</strong></span> <span class='ocrx_word' id='word_1_71' title='bbox 657 862 818 905; x_wconf 88' lang='lat' dir='ltr'><strong>falsum</strong></span> <span class='ocrx_word' id='word_1_72' title='bbox 846 876 903 905; x_wconf 89' lang='lat' dir='ltr'><strong>ex</strong></span> <span class='ocrx_word' id='word_1_73' title='bbox 935 861 1066 913; x_wconf 88' lang='lat' dir='ltr'><strong>falso,</strong></span> <span class='ocrx_word' id='word_1_74' title='bbox 1100 859 1138 903; x_wconf 86' lang='lat' dir='ltr'><strong>si</strong></span> <span class='ocrx_word' id='word_1_75' title='bbox 1169 860 1226 903; x_wconf 88' lang='lat' dir='ltr'><strong>ad</strong></span> <span class='ocrx_word' id='word_1_76' title='bbox 1255 861 1487 916; x_wconf 82' lang='lat' dir='ltr'><strong>superiora</strong></span> <span class='ocrx_word' id='word_1_77' title='bbox 1516 862 1752 905; x_wconf 88' lang='lat' dir='ltr'><strong>aduertisti</strong></span> <span class='ocrx_word' id='word_1_78' title='bbox 1774 861 1807 904; x_wconf 78' lang='lat'><strong>¹³.</strong></span> 
     </span>
     <span class='ocr_line' id='line_1_12' title="bbox 174 937 1811 996; baseline -0.002 -11"><span class='ocrx_word' id='word_1_79' title='bbox 174 940 258 986; x_wconf 90' lang='lat' dir='ltr'><strong>Sin</strong></span> <span class='ocrx_word' id='word_1_80' title='bbox 274 941 503 983; x_wconf 83' lang='lat' dir='ltr'><strong>infirmam</strong></span> <span class='ocrx_word' id='word_1_81' title='bbox 527 947 703 983; x_wconf 91' lang='lat' dir='ltr'><strong>statuas</strong></span> <span class='ocrx_word' id='word_1_82' title='bbox 724 953 826 983; x_wconf 90' lang='lat' dir='ltr'><strong>esse</strong></span> <span class='ocrx_word' id='word_1_83' title='bbox 847 937 1236 993; x_wconf 85' lang='lat' dir='ltr'><strong>consequentiam,</strong></span> <span class='ocrx_word' id='word_1_84' title='bbox 1262 937 1307 979; x_wconf 92' lang='lat' dir='ltr'><strong>id</strong></span> <span class='ocrx_word' id='word_1_85' title='bbox 1341 953 1449 982; x_wconf 86' lang='lat' dir='ltr'><strong>vero</strong></span> <span class='ocrx_word' id='word_1_86' title='bbox 1478 939 1608 982; x_wconf 90' lang='lat' dir='ltr'><strong>nobis</strong></span> <span class='ocrx_word' id='word_1_87' title='bbox 1637 939 1811 996; x_wconf 87' lang='lat' dir='ltr'><strong>gratifi—</strong></span> 
     </span>
     <span class='ocr_line' id='line_1_13' title="bbox 175 1014 1812 1073; baseline 0.001 -13"><span class='ocrx_word' id='word_1_88' title='bbox 175 1017 312 1070; x_wconf 88' lang='lat' dir='ltr'><strong>caris,</strong></span> <span class='ocrx_word' id='word_1_89' title='bbox 338 1024 388 1060; x_wconf 95' lang='lat' dir='ltr'><strong>vt</strong></span> <span class='ocrx_word' id='word_1_90' title='bbox 409 1016 488 1073; x_wconf 92' lang='lat' dir='ltr'><strong>qui</strong></span> <span class='ocrx_word' id='word_1_91' title='bbox 508 1016 634 1059; x_wconf 89' lang='lat' dir='ltr'><strong>dicas</strong></span> <span class='ocrx_word' id='word_1_92' title='bbox 665 1030 750 1059; x_wconf 92' lang='lat' dir='ltr'><strong>nos</strong></span> <span class='ocrx_word' id='word_1_93' title='bbox 780 1016 838 1060; x_wconf 93' lang='lat' dir='ltr'><strong>de</strong></span> <span class='ocrx_word' id='word_1_94' title='bbox 866 1015 942 1058; x_wconf 94' lang='lat' dir='ltr'><strong>illo</strong></span> <span class='ocrx_word' id='word_1_95' title='bbox 969 1029 1107 1058; x_wconf 90' lang='lat' dir='ltr'><strong>sensu</strong></span> <span class='ocrx_word' id='word_1_96' title='bbox 1135 1014 1277 1070; x_wconf 92' lang='lat' dir='ltr'><strong>loqui,</strong></span> <span class='ocrx_word' id='word_1_97' title='bbox 1312 1015 1369 1059; x_wconf 92' lang='lat' dir='ltr'><strong>de</strong></span> <span class='ocrx_word' id='word_1_98' title='bbox 1402 1015 1478 1057; x_wconf 90' lang='lat' dir='ltr'><strong>illo</strong></span> <span class='ocrx_word' id='word_1_99' title='bbox 1510 1016 1644 1072; x_wconf 88' lang='lat' dir='ltr'><strong>signo</strong></span> <span class='ocrx_word' id='word_1_100' title='bbox 1674 1024 1812 1072; x_wconf 91' lang='lat' dir='ltr'><strong>atque</strong></span> 
     </span>
     <span class='ocr_line' id='line_1_14' title="bbox 171 1091 1810 1150; baseline -0.001 -13"><span class='ocrx_word' id='word_1_101' title='bbox 171 1093 343 1138; x_wconf 85' lang='lat' dir='ltr'><strong>indicio</strong></span> <span class='ocrx_word' id='word_1_102' title='bbox 364 1093 614 1146; x_wconf 89' lang='lat' dir='ltr'><strong>charitatis,</strong></span> <span class='ocrx_word' id='word_1_103' title='bbox 639 1094 697 1138; x_wconf 89' lang='lat' dir='ltr'><strong>de</strong></span> <span class='ocrx_word' id='word_1_104' title='bbox 718 1093 794 1136; x_wconf 88' lang='lat' dir='ltr'><strong>illa</strong></span> <span class='ocrx_word' id='word_1_105' title='bbox 814 1092 1001 1149; x_wconf 89' lang='lat' dir='ltr'><strong>spiritus</strong></span> <span class='ocrx_word' id='word_1_106' title='bbox 1022 1091 1349 1143; x_wconf 89' lang='lat' dir='ltr'><strong>consolatione,</strong></span> <span class='ocrx_word' id='word_1_107' title='bbox 1370 1093 1426 1135; x_wconf 91' lang='lat' dir='ltr'><strong>de</strong></span> <span class='ocrx_word' id='word_1_108' title='bbox 1449 1092 1523 1136; x_wconf 90' lang='lat' dir='ltr'><strong>illa</strong></span> <span class='ocrx_word' id='word_1_109' title='bbox 1539 1092 1686 1149; x_wconf 89' lang='lat' dir='ltr'><strong>gratia</strong></span> <span class='ocrx_word' id='word_1_110' title='bbox 1703 1108 1810 1150; x_wconf 85' lang='lat' dir='ltr'><strong>gra-</strong></span> 
     </span>
     <span class='ocr_line' id='line_1_15' title="bbox 172 1168 1811 1226; baseline 0 -13"><span class='ocrx_word' id='word_1_111' title='bbox 172 1171 233 1215; x_wconf 89' lang='lat' dir='ltr'><strong>tis</strong></span> <span class='ocrx_word' id='word_1_112' title='bbox 252 1171 374 1223; x_wconf 89' lang='lat' dir='ltr'><strong>data,</strong></span> <span class='ocrx_word' id='word_1_113' title='bbox 401 1185 535 1226; x_wconf 89' lang='lat' dir='ltr'><strong>quam</strong></span> <span class='ocrx_word' id='word_1_114' title='bbox 558 1169 735 1215; x_wconf 88' lang='lat' dir='ltr'><strong>etiamsi</strong></span> <span class='ocrx_word' id='word_1_115' title='bbox 756 1184 838 1226; x_wconf 93' lang='lat' dir='ltr'><strong>pro</strong></span> <span class='ocrx_word' id='word_1_116' title='bbox 860 1183 943 1213; x_wconf 90' lang='lat' dir='ltr'><strong>sua</strong></span> <span class='ocrx_word' id='word_1_117' title='bbox 963 1168 1142 1212; x_wconf 89' lang='lat' dir='ltr'><strong>infinita</strong></span> <span class='ocrx_word' id='word_1_118' title='bbox 1170 1169 1412 1212; x_wconf 86' lang='lat' dir='ltr'><strong>clementia</strong></span> <span class='ocrx_word' id='word_1_119' title='bbox 1444 1183 1498 1213; x_wconf 91' lang='lat' dir='ltr'><strong>ac</strong></span> <span class='ocrx_word' id='word_1_120' title='bbox 1527 1169 1811 1226; x_wconf 86' lang='lat' dir='ltr'><strong>benignitate</strong></span> 
     </span>
     <span class='ocr_line' id='line_1_16' title="bbox 172 1247 1807 1305; baseline -0.001 -15"><span class='ocrx_word' id='word_1_121' title='bbox 172 1247 361 1305; x_wconf 88' lang='lat' dir='ltr'><strong>largitur</strong></span> <span class='ocrx_word' id='word_1_122' title='bbox 402 1249 663 1303; x_wconf 87' lang='lat' dir='ltr'><strong>frequenter</strong></span> <span class='ocrx_word' id='word_1_123' title='bbox 695 1247 906 1292; x_wconf 89' lang='lat' dir='ltr'><strong>coelestis</strong></span> <span class='ocrx_word' id='word_1_124' title='bbox 934 1248 1087 1298; x_wconf 87' lang='lat' dir='ltr'><strong>Pater,</strong></span> <span class='ocrx_word' id='word_1_125' title='bbox 1122 1260 1214 1289; x_wconf 93' lang='lat' dir='ltr'><strong>non</strong></span> <span class='ocrx_word' id='word_1_126' title='bbox 1254 1253 1406 1290; x_wconf 91' lang='lat' dir='ltr'><strong>tamen</strong></span> <span class='ocrx_word' id='word_1_127' title='bbox 1444 1260 1621 1302; x_wconf 90' lang='lat' dir='ltr'><strong>semper</strong></span> <span class='ocrx_word' id='word_1_128' title='bbox 1658 1247 1703 1289; x_wconf 91' lang='lat' dir='ltr'><strong>id</strong></span> <span class='ocrx_word' id='word_1_129' title='bbox 1742 1248 1807 1289; x_wconf 90' lang='lat' dir='ltr'><strong>fa-</strong></span> 
     </span>
     <span class='ocr_line' id='line_1_17' title="bbox 172 1322 1805 1382; baseline 0.001 -15"><span class='ocrx_word' id='word_1_130' title='bbox 172 1325 253 1378; x_wconf 89' lang='lat' dir='ltr'><strong>cit,</strong></span> <span class='ocrx_word' id='word_1_131' title='bbox 282 1323 291 1382; x_wconf 82' lang='grc' dir='ltr'>Ι</span> <span class='ocrx_word' id='word_1_132' title='bbox 318 1325 440 1380; x_wconf 92' lang='lat' dir='ltr'><strong>quod</strong></span> <span class='ocrx_word' id='word_1_133' title='bbox 469 1338 647 1379; x_wconf 86' lang='lat' dir='ltr'><strong>rursum</strong></span> <span class='ocrx_word' id='word_1_134' title='bbox 676 1338 787 1367; x_wconf 89' lang='lat' dir='ltr'><strong>suae</strong></span> <span class='ocrx_word' id='word_1_135' title='bbox 808 1331 878 1367; x_wconf 90' lang='lat' dir='ltr'><strong>est</strong></span> <span class='ocrx_word' id='word_1_136' title='bbox 905 1322 1153 1380; x_wconf 84' lang='lat' dir='ltr'><strong>sapientiae</strong></span> <span class='ocrx_word' id='word_1_137' title='bbox 1181 1337 1234 1366; x_wconf 91' lang='lat' dir='ltr'><strong>ac</strong></span> <span class='ocrx_word' id='word_1_138' title='bbox 1262 1322 1446 1367; x_wconf 88' lang='lat' dir='ltr'><strong>diuinae</strong></span> <span class='ocrx_word' id='word_1_139' title='bbox 1478 1323 1805 1379; x_wconf 88' lang='lat' dir='ltr'><strong>prouidentiae.</strong></span> 
     </span>
     <span class='ocr_line' id='line_1_18' title="bbox 172 1400 1811 1458; baseline 0 -13"><span class='ocrx_word' id='word_1_140' title='bbox 172 1402 330 1458; x_wconf 90' lang='lat' dir='ltr'><strong>Itaque</strong></span> <span class='ocrx_word' id='word_1_141' title='bbox 353 1417 443 1444; x_wconf 91' lang='lat' dir='ltr'><strong>non</strong></span> <span class='ocrx_word' id='word_1_142' title='bbox 467 1401 724 1446; x_wconf 88' lang='lat' dir='ltr'><strong>necessario</strong></span> <span class='ocrx_word' id='word_1_143' title='bbox 746 1401 952 1456; x_wconf 88' lang='lat' dir='ltr'><strong>sequitur</strong></span> <span class='ocrx_word' id='word_1_144' title='bbox 967 1415 1024 1444; x_wconf 87' lang='lat' dir='ltr'><strong>ex</strong></span> <span class='ocrx_word' id='word_1_145' title='bbox 1040 1400 1117 1443; x_wconf 91' lang='lat' dir='ltr'><strong>illo</strong></span> <span class='ocrx_word' id='word_1_146' title='bbox 1138 1408 1261 1452; x_wconf 87' lang='lat' dir='ltr'><strong>actu,</strong></span> <span class='ocrx_word' id='word_1_147' title='bbox 1287 1415 1421 1456; x_wconf 92' lang='lat' dir='ltr'><strong>quem</strong></span> <span class='ocrx_word' id='word_1_148' title='bbox 1446 1416 1471 1443; x_wconf 89' lang='lat' dir='ltr'><strong>a</strong></span> <span class='ocrx_word' id='word_1_149' title='bbox 1494 1400 1715 1443; x_wconf 85' lang='lat' dir='ltr'><strong>charitate</strong></span> <span class='ocrx_word' id='word_1_150' title='bbox 1738 1401 1811 1457; x_wconf 90' lang='lat' dir='ltr'><strong>pie</strong></span> 
     </span>
     <span class='ocr_line' id='line_1_19' title="bbox 171 1477 1808 1535; baseline -0.001 -14"><span class='ocrx_word' id='word_1_151' title='bbox 171 1478 400 1522; x_wconf 89' lang='lat' dir='ltr'><strong>credimus</strong></span> <span class='ocrx_word' id='word_1_152' title='bbox 423 1478 663 1535; x_wconf 88' lang='lat' dir='ltr'><strong>proficisci,</strong></span> <span class='ocrx_word' id='word_1_153' title='bbox 689 1479 814 1521; x_wconf 90' lang='lat' dir='ltr'><strong>hunc</strong></span> <span class='ocrx_word' id='word_1_154' title='bbox 836 1492 1021 1522; x_wconf 88' lang='lat' dir='ltr'><strong>sensum</strong></span> <span class='ocrx_word' id='word_1_155' title='bbox 1051 1477 1306 1521; x_wconf 89' lang='lat' dir='ltr'><strong>dulcedinis</strong></span> <span class='ocrx_word' id='word_1_156' title='bbox 1330 1477 1574 1533; x_wconf 89' lang='lat' dir='ltr'><strong>spiritualis</strong></span> <span class='ocrx_word' id='word_1_157' title='bbox 1599 1491 1808 1534; x_wconf 88' lang='lat' dir='ltr'><strong>emerge-</strong></span> 
     </span>
     <span class='ocr_line' id='line_1_20' title="bbox 173 1546 1314 1612; baseline -0.002 -14"><span class='ocrx_word' id='word_1_158' title='bbox 173 1571 240 1600; x_wconf 88' lang='lat' dir='ltr'><strong>re.</strong></span> <span class='ocrx_word' id='word_1_159' title='bbox 266 1546 325 1599; x_wconf 86' lang='lat' dir='ltr'><strong>Et</strong></span> <span class='ocrx_word' id='word_1_160' title='bbox 347 1555 528 1612; x_wconf 88' lang='lat' dir='ltr'><strong>quidem</strong></span> <span class='ocrx_word' id='word_1_161' title='bbox 553 1556 610 1599; x_wconf 92' lang='lat' dir='ltr'><strong>de</strong></span> <span class='ocrx_word' id='word_1_162' title='bbox 633 1563 711 1598; x_wconf 87' lang='lat' dir='ltr'><strong>tua</strong></span> <span class='ocrx_word' id='word_1_163' title='bbox 732 1554 1004 1611; x_wconf 89' lang='lat' dir='ltr'><strong>di[a]lectica</strong></span> <span class='ocrx_word' id='word_1_164' title='bbox 1025 1554 1134 1598; x_wconf 87' lang='lat' dir='ltr'><strong>satis</strong></span> <span class='ocrx_word' id='word_1_165' title='bbox 1156 1554 1314 1597; x_wconf 91' lang='lat' dir='ltr'><strong>multa.</strong></span> 
     </span>
    </p>

    <p class='ocr_par' dir='ltr' id='par_1_5' title="bbox 155 1631 1811 2922">
     <span class='ocr_line' id='line_1_21' title="bbox 262 1631 1807 1689; baseline -0.001 -14"><span class='ocrx_word' id='word_1_166' title='bbox 262 1631 442 1677; x_wconf 88' lang='lat' dir='ltr'><strong>Addam</strong></span> <span class='ocrx_word' id='word_1_167' title='bbox 474 1646 619 1689; x_wconf 91' lang='lat' dir='ltr'><strong>pauca</strong></span> <span class='ocrx_word' id='word_1_168' title='bbox 657 1633 714 1676; x_wconf 92' lang='lat' dir='ltr'><strong>de</strong></span> <span class='ocrx_word' id='word_1_169' title='bbox 749 1631 1063 1688; x_wconf 88' lang='lat' dir='ltr'><strong>grammatica,</strong></span> <span class='ocrx_word' id='word_1_170' title='bbox 1102 1631 1192 1674; x_wconf 90' lang='lat' dir='ltr'><strong>vbi-</strong></span> <span class='ocrx_word' id='word_1_171' title='bbox 1219 1639 1366 1675; x_wconf 83' lang='lat' dir='ltr'><strong>tamen</strong></span> <span class='ocrx_word' id='word_1_172' title='bbox 1403 1631 1514 1674; x_wconf 91' lang='lat' dir='ltr'><strong>nihil</strong></span> <span class='ocrx_word' id='word_1_173' title='bbox 1552 1646 1807 1687; x_wconf 87' lang='lat' dir='ltr'><strong>oppugnas,</strong></span> 
     </span>
     <span class='ocr_line' id='line_1_22' title="bbox 171 1708 1811 1767; baseline -0.002 -14"><span class='ocrx_word' id='word_1_174' title='bbox 171 1717 348 1757; x_wconf 86' lang='lat' dir='ltr'><strong>tantum</strong></span> <span class='ocrx_word' id='word_1_175' title='bbox 372 1710 552 1767; x_wconf 89' lang='lat' dir='ltr'><strong>colligis</strong></span> <span class='ocrx_word' id='word_1_176' title='bbox 573 1724 627 1753; x_wconf 90' lang='lat' dir='ltr'><strong>ac</strong></span> <span class='ocrx_word' id='word_1_177' title='bbox 648 1724 796 1766; x_wconf 89' lang='lat' dir='ltr'><strong>paras,</strong></span> <span class='ocrx_word' id='word_1_178' title='bbox 827 1710 949 1764; x_wconf 90' lang='lat' dir='ltr'><strong>quod</strong></span> <span class='ocrx_word' id='word_1_179' title='bbox 978 1708 1059 1751; x_wconf 91' lang='lat' dir='ltr'><strong>tibi</strong></span> <span class='ocrx_word' id='word_1_180' title='bbox 1085 1709 1142 1752; x_wconf 91' lang='lat' dir='ltr'><strong>ad</strong></span> <span class='ocrx_word' id='word_1_181' title='bbox 1171 1710 1232 1752; x_wconf 82' lang='lat' dir='ltr'><strong>fo.</strong></span> <span class='ocrx_word' id='word_1_182' title='bbox 1266 1709 1347 1752; x_wconf 83' lang='lat'><strong>106</strong></span> <span class='ocrx_word' id='word_1_183' title='bbox 1375 1709 1732 1764; x_wconf 86' lang='lat' dir='ltr'><strong>expugnandum</strong></span> <span class='ocrx_word' id='word_1_184' title='bbox 1757 1722 1811 1751; x_wconf 90' lang='lat' dir='ltr'><strong>ac</strong></span> 
     </span>
     <span class='ocr_line' id='line_1_23' title="bbox 168 1786 1808 1842; baseline -0.002 -12"><span class='ocrx_word' id='word_1_185' title='bbox 168 1787 415 1832; x_wconf 89' lang='lat' dir='ltr'><strong>delendum</strong></span> <span class='ocrx_word' id='word_1_186' title='bbox 438 1787 512 1830; x_wconf 86' lang='lat' dir='ltr'><strong>sit.</strong></span> <span class='ocrx_word' id='word_1_187' title='bbox 537 1788 652 1831; x_wconf 90' lang='lat' dir='ltr'><strong>Nam</strong></span> <span class='ocrx_word' id='word_1_188' title='bbox 676 1788 803 1842; x_wconf 91' lang='lat' dir='ltr'><strong>quod</strong></span> <span class='ocrx_word' id='word_1_189' title='bbox 824 1786 938 1830; x_wconf 89' lang='lat' dir='ltr'><strong>dicis</strong></span> <span class='ocrx_word' id='word_1_190' title='bbox 958 1787 1122 1830; x_wconf 89' lang='lat' dir='ltr'><strong>docere</strong></span> <span class='ocrx_word' id='word_1_191' title='bbox 1143 1801 1228 1830; x_wconf 90' lang='lat' dir='ltr'><strong>nos</strong></span> <span class='ocrx_word' id='word_1_192' title='bbox 1250 1787 1372 1841; x_wconf 89' lang='lat' dir='ltr'><strong>quod</strong></span> <span class='ocrx_word' id='word_1_193' title='bbox 1391 1786 1530 1842; x_wconf 88' lang='lat' dir='ltr'><strong>possit</strong></span> <span class='ocrx_word' id='word_1_194' title='bbox 1549 1786 1686 1828; x_wconf 91' lang='lat' dir='ltr'><strong>homo</strong></span> <span class='ocrx_word' id='word_1_195' title='bbox 1704 1800 1808 1828; x_wconf 91' lang='lat' dir='ltr'><strong>sen-</strong></span> 
     </span>
     <span class='ocr_line' id='line_1_24' title="bbox 155 1863 1810 1922; baseline -0.001 -14"><span class='ocrx_word' id='word_1_196' title='bbox 155 1864 276 1918; x_wconf 62' lang='lat' dir='ltr'><strong>tire,</strong></span> <span class='ocrx_word' id='word_1_197' title='bbox 302 1864 599 1922; x_wconf 88' lang='lat' dir='ltr'><strong>praesentire,</strong></span> <span class='ocrx_word' id='word_1_198' title='bbox 631 1863 896 1916; x_wconf 87' lang='lat' dir='ltr'><strong>sentiscere,</strong></span> <span class='ocrx_word' id='word_1_199' title='bbox 931 1864 1286 1922; x_wconf 84' lang='lat' dir='ltr'><strong>praesentiscere</strong></span> <span class='ocrx_word' id='word_1_200' title='bbox 1318 1863 1601 1914; x_wconf 86' lang='lat' dir='ltr'><strong>charitatem,</strong></span> <span class='ocrx_word' id='word_1_201' title='bbox 1636 1864 1721 1905; x_wconf 89' lang='lat' dir='ltr'><strong>hac</strong></span> <span class='ocrx_word' id='word_1_202' title='bbox 1754 1863 1810 1906; x_wconf 92' lang='lat' dir='ltr'><strong>de</strong></span> 
     </span>
     <span class='ocr_line' id='line_1_25' title="bbox 169 1939 1805 1996; baseline -0.002 -11"><span class='ocrx_word' id='word_1_203' title='bbox 169 1955 217 1986; x_wconf 88' lang='lat' dir='ltr'><strong>re</strong></span> <span class='ocrx_word' id='word_1_204' title='bbox 238 1941 355 1985; x_wconf 90' lang='lat' dir='ltr'><strong>nihil</strong></span> <span class='ocrx_word' id='word_1_205' title='bbox 377 1949 427 1984; x_wconf 90' lang='lat' dir='ltr'><strong>tu</strong></span> <span class='ocrx_word' id='word_1_206' title='bbox 450 1943 536 1984; x_wconf 93' lang='lat' dir='ltr'><strong>hoc</strong></span> <span class='ocrx_word' id='word_1_207' title='bbox 557 1941 674 1993; x_wconf 93' lang='lat' dir='ltr'><strong>loco,</strong></span> <span class='ocrx_word' id='word_1_208' title='bbox 699 1940 811 1983; x_wconf 90' lang='lat' dir='ltr'><strong>nihil</strong></span> <span class='ocrx_word' id='word_1_209' title='bbox 833 1955 917 1984; x_wconf 90' lang='lat' dir='ltr'><strong>nos</strong></span> <span class='ocrx_word' id='word_1_210' title='bbox 938 1940 1061 1984; x_wconf 91' lang='lat' dir='ltr'><strong>aliud</strong></span> <span class='ocrx_word' id='word_1_211' title='bbox 1083 1941 1191 1985; x_wconf 89' lang='lat' dir='ltr'><strong>item</strong></span> <span class='ocrx_word' id='word_1_212' title='bbox 1213 1941 1348 1983; x_wconf 92' lang='lat' dir='ltr'><strong>modo</strong></span> <span class='ocrx_word' id='word_1_213' title='bbox 1371 1939 1441 1980; x_wconf 88' lang='grc'><strong>221</strong></span> <span class='ocrx_word' id='word_1_214' title='bbox 1474 1955 1608 1996; x_wconf 84' lang='lat' dir='ltr'><strong>quam</strong></span> <span class='ocrx_word' id='word_1_215' title='bbox 1634 1940 1805 1996; x_wconf 84' lang='lat' dir='ltr'><strong>gratias</strong></span> 
     </span>
     <span class='ocr_line' id='line_1_26' title="bbox 172 2011 1806 2076; baseline -0.002 -14"><span class='ocrx_word' id='word_1_216' title='bbox 172 2018 352 2076; x_wconf 81' lang='lat' dir='ltr'><strong>agimus</strong></span> <span class='ocrx_word' id='word_1_217' title='bbox 373 2011 471 2062; x_wconf 60' lang='lat' dir='ltr'><strong>viro</strong></span> <span class='ocrx_word' id='word_1_218' title='bbox 500 2019 636 2071; x_wconf 86' lang='lat' dir='ltr'><strong>bono,</strong></span> <span class='ocrx_word' id='word_1_219' title='bbox 667 2017 880 2074; x_wconf 90' lang='lat' dir='ltr'><strong>religioso</strong></span> <span class='ocrx_word' id='word_1_220' title='bbox 907 2031 962 2062; x_wconf 92' lang='lat' dir='ltr'><strong>ac</strong></span> <span class='ocrx_word' id='word_1_221' title='bbox 999 2019 1154 2069; x_wconf 87' lang='lat' dir='ltr'><strong>docto,</strong></span> <span class='ocrx_word' id='word_1_222' title='bbox 1195 2018 1273 2073; x_wconf 93' lang='lat' dir='ltr'><strong>qui</strong></span> <span class='ocrx_word' id='word_1_223' title='bbox 1306 2033 1390 2061; x_wconf 90' lang='lat' dir='ltr'><strong>nos</strong></span> <span class='ocrx_word' id='word_1_224' title='bbox 1426 2017 1603 2074; x_wconf 87' lang='lat' dir='ltr'><strong>stipites</strong></span> <span class='ocrx_word' id='word_1_225' title='bbox 1636 2017 1806 2068; x_wconf 83' lang='lat' dir='ltr'><strong>credat3</strong></span> 
     </span>
     <span class='ocr_line' id='line_1_27' title="bbox 170 2094 1809 2152; baseline -0.002 -13"><span class='ocrx_word' id='word_1_226' title='bbox 170 2095 396 2152; x_wconf 80' lang='lat' dir='ltr'><strong>siquidem</strong></span> <span class='ocrx_word' id='word_1_227' title='bbox 420 2094 665 2138; x_wconf 87' lang='lat' dir='ltr'><strong>arbitratur</strong></span> <span class='ocrx_word' id='word_1_228' title='bbox 686 2109 771 2137; x_wconf 91' lang='lat' dir='ltr'><strong>nos</strong></span> <span class='ocrx_word' id='word_1_229' title='bbox 793 2095 906 2139; x_wconf 89' lang='lat' dir='ltr'><strong>adeo</strong></span> <span class='ocrx_word' id='word_1_230' title='bbox 927 2094 1149 2151; x_wconf 88' lang='lat' dir='ltr'><strong>desipere,</strong></span> <span class='ocrx_word' id='word_1_231' title='bbox 1174 2095 1290 2139; x_wconf 90' lang='lat' dir='ltr'><strong>adeo</strong></span> <span class='ocrx_word' id='word_1_232' title='bbox 1313 2094 1478 2138; x_wconf 90' lang='lat' dir='ltr'><strong>oblitos</strong></span> <span class='ocrx_word' id='word_1_233' title='bbox 1500 2109 1599 2138; x_wconf 89' lang='lat' dir='ltr'><strong>esse</strong></span> <span class='ocrx_word' id='word_1_234' title='bbox 1621 2108 1713 2136; x_wconf 91' lang='lat' dir='ltr'><strong>non</strong></span> <span class='ocrx_word' id='word_1_235' title='bbox 1736 2108 1809 2135; x_wconf 91' lang='lat' dir='ltr'><strong>so-</strong></span> 
     </span>
     <span class='ocr_line' id='line_1_28' title="bbox 168 2168 1811 2229; baseline -0.002 -15"><span class='ocrx_word' id='word_1_236' title='bbox 168 2172 263 2215; x_wconf 92' lang='lat' dir='ltr'><strong>lum</strong></span> <span class='ocrx_word' id='word_1_237' title='bbox 295 2172 542 2229; x_wconf 86' lang='lat' dir='ltr'><strong>euangelii,</strong></span> <span class='ocrx_word' id='word_1_238' title='bbox 574 2186 807 2215; x_wconf 88' lang='lat' dir='ltr'><strong>sacrorum</strong></span> <span class='ocrx_word' id='word_1_239' title='bbox 836 2168 1091 2224; x_wconf 78' lang='lat' dir='ltr'><strong>doctorum,</strong></span> <span class='ocrx_word' id='word_1_240' title='bbox 1131 2172 1334 2216; x_wconf 90' lang='lat' dir='ltr'><strong>Thomae</strong></span> <span class='ocrx_word' id='word_1_241' title='bbox 1362 2171 1519 2228; x_wconf 87' lang='lat' dir='ltr'><strong>ipsius,</strong></span> <span class='ocrx_word' id='word_1_242' title='bbox 1554 2172 1635 2215; x_wconf 90' lang='lat' dir='ltr'><strong>sed</strong></span> <span class='ocrx_word' id='word_1_243' title='bbox 1673 2170 1811 2212; x_wconf 89' lang='lat' dir='ltr'><strong>totius</strong></span> 
     </span>
     <span class='ocr_line' id='line_1_29' title="bbox 168 2248 1809 2306; baseline -0.003 -13"><span class='ocrx_word' id='word_1_244' title='bbox 168 2249 304 2293; x_wconf 88' lang='lat' dir='ltr'><strong>etiam</strong></span> <span class='ocrx_word' id='word_1_245' title='bbox 329 2249 660 2306; x_wconf 89' lang='lat' dir='ltr'><strong>philosophiae,</strong></span> <span class='ocrx_word' id='word_1_246' title='bbox 685 2256 822 2304; x_wconf 86' lang='lat' dir='ltr'><strong>atque</strong></span> <span class='ocrx_word' id='word_1_247' title='bbox 850 2249 964 2293; x_wconf 85' lang='lat' dir='ltr'><strong>adeo</strong></span> <span class='ocrx_word' id='word_1_248' title='bbox 992 2249 1248 2292; x_wconf 91' lang='lat' dir='ltr'><strong>communis</strong></span> <span class='ocrx_word' id='word_1_249' title='bbox 1276 2263 1454 2302; x_wconf 91' lang='lat' dir='ltr'><strong>sensus,</strong></span> <span class='ocrx_word' id='word_1_250' title='bbox 1490 2256 1537 2290; x_wconf 89' lang='lat' dir='ltr'><strong>vt</strong></span> <span class='ocrx_word' id='word_1_251' title='bbox 1570 2248 1809 2292; x_wconf 80' lang='lat' dir='ltr'><strong>credamus</strong></span> 
     </span>
     <span class='ocr_line' id='line_1_30' title="bbox 169 2325 1808 2382; baseline -0.002 -14"><span class='ocrx_word' id='word_1_252' title='bbox 169 2327 427 2371; x_wconf 87' lang='lat' dir='ltr'><strong>sensualem</strong></span> <span class='ocrx_word' id='word_1_253' title='bbox 449 2340 534 2370; x_wconf 89' lang='lat' dir='ltr'><strong>nos</strong></span> <span class='ocrx_word' id='word_1_254' title='bbox 565 2327 738 2372; x_wconf 88' lang='lat' dir='ltr'><strong>habere</strong></span> <span class='ocrx_word' id='word_1_255' title='bbox 765 2341 903 2382; x_wconf 90' lang='lat' dir='ltr'><strong>posse</strong></span> <span class='ocrx_word' id='word_1_256' title='bbox 932 2325 1167 2370; x_wconf 87' lang='lat' dir='ltr'><strong>charitatis</strong></span> <span class='ocrx_word' id='word_1_257' title='bbox 1195 2326 1419 2378; x_wconf 89' lang='lat' dir='ltr'><strong>notitiam;</strong></span> <span class='ocrx_word' id='word_1_258' title='bbox 1452 2340 1555 2367; x_wconf 90' lang='lat' dir='ltr'><strong>nam</strong></span> <span class='ocrx_word' id='word_1_259' title='bbox 1585 2325 1642 2368; x_wconf 92' lang='lat' dir='ltr'><strong>de</strong></span> <span class='ocrx_word' id='word_1_260' title='bbox 1671 2338 1808 2367; x_wconf 89' lang='lat' dir='ltr'><strong>sensu</strong></span> 
     </span>
     <span class='ocr_line' id='line_1_31' title="bbox 168 2402 1809 2460; baseline -0.003 -14"><span class='ocrx_word' id='word_1_261' title='bbox 168 2402 394 2460; x_wconf 86' lang='lat' dir='ltr'><strong>spirituali</strong></span> <span class='ocrx_word' id='word_1_262' title='bbox 416 2403 551 2448; x_wconf 82' lang='lat' dir='ltr'><strong>video</strong></span> <span class='ocrx_word' id='word_1_263' title='bbox 573 2410 618 2448; x_wconf 91' lang='lat' dir='ltr'><strong>te</strong></span> <span class='ocrx_word' id='word_1_264' title='bbox 640 2403 685 2446; x_wconf 88' lang='lat' dir='ltr'><strong>id</strong></span> <span class='ocrx_word' id='word_1_265' title='bbox 707 2418 800 2446; x_wconf 88' lang='lat' dir='ltr'><strong>non</strong></span> <span class='ocrx_word' id='word_1_266' title='bbox 828 2403 1100 2460; x_wconf 87' lang='lat' dir='ltr'><strong>intelligere.</strong></span> <span class='ocrx_word' id='word_1_267' title='bbox 1136 2404 1207 2448; x_wconf 90' lang='lat' dir='ltr'><strong>De</strong></span> <span class='ocrx_word' id='word_1_268' title='bbox 1240 2418 1331 2459; x_wconf 92' lang='lat' dir='ltr'><strong>quo</strong></span> <span class='ocrx_word' id='word_1_269' title='bbox 1363 2402 1503 2459; x_wconf 87' lang='lat' dir='ltr'><strong>igitur</strong></span> <span class='ocrx_word' id='word_1_270' title='bbox 1535 2416 1617 2444; x_wconf 89' lang='lat' dir='ltr'><strong>nos</strong></span> <span class='ocrx_word' id='word_1_271' title='bbox 1649 2414 1809 2444; x_wconf 88' lang='lat' dir='ltr'><strong>censes</strong></span> 
     </span>
     <span class='ocr_line' id='line_1_32' title="bbox 168 2476 1807 2536; baseline -0.002 -14"><span class='ocrx_word' id='word_1_272' title='bbox 168 2479 314 2535; x_wconf 81' lang='lat' dir='ltr'><strong>loqui?</strong></span> <span class='ocrx_word' id='word_1_273' title='bbox 334 2481 404 2523; x_wconf 93' lang='lat' dir='ltr'><strong>De</strong></span> <span class='ocrx_word' id='word_1_274' title='bbox 429 2479 629 2523; x_wconf 84' lang='lat' dir='ltr'><strong>externis</strong></span> <span class='ocrx_word' id='word_1_275' title='bbox 651 2479 881 2523; x_wconf 89' lang='lat' dir='ltr'><strong>sensibus?</strong></span> <span class='ocrx_word' id='word_1_276' title='bbox 903 2481 1035 2536; x_wconf 88' lang='lat' dir='ltr'><strong>(Nam</strong></span> <span class='ocrx_word' id='word_1_277' title='bbox 1057 2479 1106 2522; x_wconf 92' lang='lat' dir='ltr'><strong>in</strong></span> <span class='ocrx_word' id='word_1_278' title='bbox 1128 2479 1331 2524; x_wconf 91' lang='lat' dir='ltr'><strong>internos</strong></span> <span class='ocrx_word' id='word_1_279' title='bbox 1354 2478 1466 2522; x_wconf 91' lang='lat' dir='ltr'><strong>nihil</strong></span> <span class='ocrx_word' id='word_1_280' title='bbox 1494 2484 1694 2535; x_wconf 89' lang='lat' dir='ltr'><strong>permeat</strong></span> <span class='ocrx_word' id='word_1_281' title='bbox 1724 2476 1807 2518; x_wconf 90' lang='lat' dir='ltr'><strong>nisi</strong></span> 
     </span>
     <span class='ocr_line' id='line_1_33' title="bbox 169 2553 1806 2613; baseline -0.003 -14"><span class='ocrx_word' id='word_1_282' title='bbox 169 2570 247 2612; x_wconf 89' lang='lat' dir='ltr'><strong>per</strong></span> <span class='ocrx_word' id='word_1_283' title='bbox 266 2556 513 2613; x_wconf 84' lang='lat' dir='ltr'><strong>externos.)</strong></span> <span class='ocrx_word' id='word_1_284' title='bbox 531 2557 630 2600; x_wconf 91' lang='lat' dir='ltr'><strong>Nae</strong></span> <span class='ocrx_word' id='word_1_285' title='bbox 647 2563 715 2611; x_wconf 86' lang='lat' dir='ltr'><strong>tu,</strong></span> <span class='ocrx_word' id='word_1_286' title='bbox 734 2556 805 2599; x_wconf 93' lang='lat' dir='ltr'><strong>vir</strong></span> <span class='ocrx_word' id='word_1_287' title='bbox 821 2557 1105 2609; x_wconf 88' lang='lat' dir='ltr'><strong>suavissime,</strong></span> <span class='ocrx_word' id='word_1_288' title='bbox 1123 2557 1261 2600; x_wconf 89' lang='lat' dir='ltr'><strong>miras</strong></span> <span class='ocrx_word' id='word_1_289' title='bbox 1276 2556 1377 2613; x_wconf 90' lang='lat' dir='ltr'><strong>agis</strong></span> <span class='ocrx_word' id='word_1_290' title='bbox 1391 2570 1555 2612; x_wconf 90' lang='lat' dir='ltr'><strong>nugas,</strong></span> <span class='ocrx_word' id='word_1_291' title='bbox 1573 2554 1650 2609; x_wconf 84' lang='lat' dir='ltr'><strong>qui</strong></span> <span class='ocrx_word' id='word_1_292' title='bbox 1677 2553 1684 2610; x_wconf 87' lang='grc' dir='ltr'>Ι</span> <span class='ocrx_word' id='word_1_293' title='bbox 1714 2561 1806 2595; x_wconf 86' lang='lat' dir='ltr'><strong>tam</strong></span> 
     </span>
     <span class='ocr_line' id='line_1_34' title="bbox 169 2629 1807 2690; baseline -0.004 -14"><span class='ocrx_word' id='word_1_294' title='bbox 169 2646 385 2686; x_wconf 86' lang='lat' dir='ltr'><strong>crassam,</strong></span> <span class='ocrx_word' id='word_1_295' title='bbox 412 2641 504 2677; x_wconf 88' lang='lat' dir='ltr'><strong>tam</strong></span> <span class='ocrx_word' id='word_1_296' title='bbox 525 2634 796 2690; x_wconf 86' lang='lat' dir='ltr'><strong>palpabilem</strong></span> <span class='ocrx_word' id='word_1_297' title='bbox 818 2648 872 2677; x_wconf 88' lang='lat' dir='ltr'><strong>ac</strong></span> <span class='ocrx_word' id='word_1_298' title='bbox 894 2635 1151 2678; x_wconf 88' lang='lat' dir='ltr'><strong>sensualem</strong></span> <span class='ocrx_word' id='word_1_299' title='bbox 1175 2634 1333 2677; x_wconf 90' lang='lat' dir='ltr'><strong>credas</strong></span> <span class='ocrx_word' id='word_1_300' title='bbox 1357 2633 1525 2676; x_wconf 89' lang='lat' dir='ltr'><strong>habere</strong></span> <span class='ocrx_word' id='word_1_301' title='bbox 1555 2646 1637 2674; x_wconf 91' lang='lat' dir='ltr'><strong>nos</strong></span> <span class='ocrx_word' id='word_1_302' title='bbox 1658 2629 1807 2673; x_wconf 87' lang='lat' dir='ltr'><strong>chari-</strong></span> 
     </span>
     <span class='ocr_line' id='line_1_35' title="bbox 169 2708 1803 2764; baseline -0.002 -12"><span class='ocrx_word' id='word_1_303' title='bbox 169 2710 325 2764; x_wconf 82' lang='lat' dir='ltr'><strong>tater‘n,</strong></span> <span class='ocrx_word' id='word_1_304' title='bbox 352 2718 443 2754; x_wconf 90' lang='lat' dir='ltr'><strong>tam</strong></span> <span class='ocrx_word' id='word_1_305' title='bbox 466 2712 654 2755; x_wconf 86' lang='lat' dir='ltr'><strong>fatuam.</strong></span> <span class='ocrx_word' id='word_1_306' title='bbox 679 2711 832 2755; x_wconf 89' lang='lat' dir='ltr'><strong>Facile</strong></span> <span class='ocrx_word' id='word_1_307' title='bbox 854 2718 1006 2755; x_wconf 90' lang='lat' dir='ltr'><strong>tamen</strong></span> <span class='ocrx_word' id='word_1_308' title='bbox 1027 2713 1144 2755; x_wconf 85' lang='lat' dir='ltr'><strong>hanc</strong></span> <span class='ocrx_word' id='word_1_309' title='bbox 1168 2709 1487 2754; x_wconf 89' lang='lat' dir='ltr'><strong>contumeliam</strong></span> <span class='ocrx_word' id='word_1_310' title='bbox 1508 2708 1803 2758; x_wconf 90' lang='lat' dir='ltr'><strong>sustinemus,</strong></span> 
     </span>
     <span class='ocr_line' id='line_1_36' title="bbox 168 2785 1806 2844; baseline -0.003 -14"><span class='ocrx_word' id='word_1_311' title='bbox 168 2788 304 2831; x_wconf 89' lang='lat' dir='ltr'><strong>modo</strong></span> <span class='ocrx_word' id='word_1_312' title='bbox 327 2794 373 2830; x_wconf 88' lang='lat' dir='ltr'><strong>te</strong></span> <span class='ocrx_word' id='word_1_313' title='bbox 395 2787 494 2832; x_wconf 91' lang='lat' dir='ltr'><strong>eius</strong></span> <span class='ocrx_word' id='word_1_314' title='bbox 515 2787 761 2844; x_wconf 88' lang='lat' dir='ltr'><strong>poeniteat,</strong></span> <span class='ocrx_word' id='word_1_315' title='bbox 786 2788 908 2843; x_wconf 92' lang='lat' dir='ltr'><strong>quod</strong></span> <span class='ocrx_word' id='word_1_316' title='bbox 931 2803 1064 2844; x_wconf 90' lang='lat' dir='ltr'><strong>spero</strong></span> <span class='ocrx_word' id='word_1_317' title='bbox 1087 2795 1132 2832; x_wconf 91' lang='lat' dir='ltr'><strong>te</strong></span> <span class='ocrx_word' id='word_1_318' title='bbox 1154 2787 1318 2831; x_wconf 89' lang='lat' dir='ltr'><strong>fecisse</strong></span> <span class='ocrx_word' id='word_1_319' title='bbox 1335 2787 1407 2830; x_wconf 87' lang='lat' dir='ltr'><strong>vel</strong></span> <span class='ocrx_word' id='word_1_320' title='bbox 1430 2785 1678 2841; x_wconf 90' lang='lat' dir='ltr'><strong>propedum</strong></span> <span class='ocrx_word' id='word_1_321' title='bbox 1706 2796 1806 2826; x_wconf 91' lang='lat' dir='ltr'><strong>esse</strong></span> 
     </span>
     <span class='ocr_line' id='line_1_37' title="bbox 169 2863 593 2922; baseline 0.005 -16"><span class='ocrx_word' id='word_1_322' title='bbox 169 2863 395 2908; x_wconf 81' lang='lat' dir='ltr'><strong>facturum</strong></span> <span class='ocrx_word' id='word_1_323' title='bbox 417 2863 593 2922; x_wconf 88' lang='lat' dir='ltr'><strong>opinor.</strong></span> 
     </span>
    </p>
   </div>
   <div class='ocr_carea' id='block_1_5' title="bbox 169 2945 450 2953">
    <p class='ocr_par' dir='ltr' id='par_1_6' title="bbox 169 2945 450 2953">
     <span class='ocr_line' id='line_1_38' title="bbox 169 2945 450 2953; baseline 0 0"><span class='ocrx_word' id='word_1_324' title='bbox 169 2945 450 2953; x_wconf 95' lang='lat' dir='ltr'><strong> </strong></span> 
     </span>
    </p>
   </div>
   <div class='ocr_carea' id='block_1_6' title="bbox 241 2971 1806 3024">
    <p class='ocr_par' dir='ltr' id='par_1_7' title="bbox 241 2971 1806 3024">
     <span class='ocr_line' id='line_1_39' title="bbox 241 2971 1806 3024; baseline -0.005 -10"><span class='ocrx_word' id='word_1_325' title='bbox 241 2987 260 3006; x_wconf 72' lang='lat'>⁸</span> <span class='ocrx_word' id='word_1_326' title='bbox 283 2977 544 3014; x_wconf 83' lang='lat' dir='ltr'><strong>Emendatum</strong></span> <span class='ocrx_word' id='word_1_327' title='bbox 561 2988 584 3013; x_wconf 87' lang='lat' dir='ltr'><strong>a</strong></span> <span class='ocrx_word' id='word_1_328' title='bbox 601 2977 693 3015; x_wconf 83' lang='lat' dir='ltr'><strong>Nat.</strong></span> <span class='ocrx_word' id='word_1_329' title='bbox 713 2989 762 3013; x_wconf 88' lang='lat' dir='ltr'><strong>ex</strong></span> <span class='ocrx_word' id='word_1_330' title='bbox 781 2977 865 3024; x_wconf 82' lang='lat' dir='ltr'><strong>qui.</strong></span> <span class='ocrx_word' id='word_1_331' title='bbox 918 2997 952 3003; x_wconf 90' lang='lat'>—</span> <span class='ocrx_word' id='word_1_332' title='bbox 966 2978 984 3005; x_wconf 87' lang='lat' dir='ltr'><strong>b</strong></span> <span class='ocrx_word' id='word_1_333' title='bbox 1014 2976 1056 3012; x_wconf 95' lang='lat'><strong>18</strong></span> <span class='ocrx_word' id='word_1_334' title='bbox 1075 2977 1196 3012; x_wconf 89' lang='lat' dir='ltr'><strong>verba</strong></span> <span class='ocrx_word' id='word_1_335' title='bbox 1214 2975 1488 3023; x_wconf 85' lang='lat' dir='ltr'><strong>praecedentia</strong></span> <span class='ocrx_word' id='word_1_336' title='bbox 1506 2973 1637 3008; x_wconf 90' lang='lat' dir='ltr'><strong>addita</strong></span> <span class='ocrx_word' id='word_1_337' title='bbox 1656 2978 1746 3008; x_wconf 86' lang='lat' dir='ltr'><strong>sunt</strong></span> <span class='ocrx_word' id='word_1_338' title='bbox 1766 2971 1806 3007; x_wconf 90' lang='lat' dir='ltr'><strong>in</strong></span> 
     </span>
    </p>
   </div>
   <div class='ocr_carea' id='block_1_7' title="bbox 163 3036 442 3089">
    <p class='ocr_par' dir='ltr' id='par_1_8' title="bbox 163 3036 442 3089">
     <span class='ocr_line' id='line_1_40' title="bbox 163 3036 442 3089; baseline 0.011 -17"><span class='ocrx_word' id='word_1_339' title='bbox 163 3046 294 3089; x_wconf 36' lang='lat' dir='ltr'><strong>marg,</strong></span> <span class='ocrx_word' id='word_1_340' title='bbox 311 3047 334 3072; x_wconf 85' lang='lat' dir='ltr'><strong>a</strong></span> <span class='ocrx_word' id='word_1_341' title='bbox 350 3036 442 3075; x_wconf 88' lang='lat' dir='ltr'><strong>Nat.</strong></span> 
     </span>
    </p>
   </div>
  </div>
 </body>
</html>
