2098 3470
743 231 1186 278 summutantur-25
1665 231 1736 278 843

149 349 258 379 num
281 349 308 378 a
338 335 438 379 Deo
458 333 826 391 superscriptam,
861 333 919 376 ad
949 333 1116 389 legem,
1157 347 1246 388 qua
1278 333 1334 376 ad
1372 333 1509 376 vitam
1548 340 1780 378 aeternam

149 411 578 468 apprehendendam
600 410 675 456 ¹95
697 416 922 454 vocantur
943 409 1168 462 homineS‚
1194 423 1297 452 cum
1321 424 1410 465 qua
1441 409 1684 454 coniuncta
1713 418 1782 455 est

148 487 236 532 alia
272 489 496 544 quaedam
529 486 706 531 vocatio
733 485 1021 539 vniuersalis,
1052 500 1143 541 qua
1170 500 1344 538 omnes,
1374 487 1452 542 qui
1481 487 1627 543 gratia
1655 487 1782 531 exci-

149 566 332 619 derunt,
357 565 414 608 ad
432 563 629 622 gratiam
648 577 830 617 rursum
854 570 1077 606 vocantur
1098 562 1257 606 diuina
1277 563 1570 619 benignitate.
1625 608 1628 610 ,

237 643 427 686 Praeter
461 643 562 694 has,
601 640 689 684 alia
726 648 796 685 est
832 639 1014 684 vocatio
1046 639 1330 696 particularis
1362 641 1419 683 ad
1456 648 1624 684 statum
1664 641 1782 685 vitae

148 718 380 776 xpianae.,
400 702 597 762 simulet
614 717 672 761 ad
689 731 788 761 eam
806 716 1018 774 gratiam,
1038 731 1128 772 qua
1145 716 1375 772 dignetur,
1395 731 1509 772 quos
1531 725 1682 770 vocat,
1702 732 1781 760 vo-

147 794 330 843 catione
351 809 434 839 sua
450 794 660 840 coelestis
685 797 837 839 Pater.
860 796 926 837 lta
947 793 1131 837 vocauit
1153 794 1383 850 apostolos
1401 795 1511 837 alios
1530 796 1675 851 Xpus.
1688 829 1697 847 ,
1719 794 1781 838 ita

151 873 342 917 Paulum
367 872 634 929 segregauit
655 873 713 916 ab
735 879 865 916 vtero
885 871 1043 915 matris
1065 863 1346 927 synagogae,
1371 871 1433 914 ita
1454 879 1504 916 se
1521 872 1628 914 dicit
1647 886 1782 915 voca-

148 956 244 993 tum
275 950 530 1006 apostolum
562 951 691 996 κὲητόν
715 952 913 990 ἀπόστολον
956 951 984 1001 ¹,
1023 948 1071 992 id
1108 955 1193 1000 est,
1228 948 1468 993 vocatione
1505 950 1776 1005 apostolum;

146 1027 527 1082 quemadmodum
548 1026 669 1070 enim
691 1035 799 1070 sunt
820 1025 868 1068 in
890 1025 1083 1070 ecclesia
1104 1033 1252 1069 status
1274 1026 1458 1078 diuersi,
1484 1026 1546 1069 ita
1569 1026 1780 1071 diuersae

145 1102 410 1148 vocationes
446 1110 493 1147 et
519 1103 696 1160 gratiae
726 1104 785 1147 ad
812 1110 982 1146 statum
1009 1102 1218 1159 quemuis
1247 1117 1328 1158 pro
1355 1104 1360 1155 Ι
1388 1102 1611 1159 dignitate
1642 1110 1779 1147 tuen-

145 1180 271 1224 dum.
303 1180 495 1224 vocatio
517 1195 625 1225 vero
647 1181 810 1224 tractio
838 1181 1060 1235 quaedam
1091 1179 1240 1223 Patris
1262 1180 1433 1222 aeterni
1464 1188 1533 1222 est
1560 1179 1775 1236 gratuita;

144 1264 192 1301 et
218 1256 586 1313 quandoquidem
614 1272 749 1301 nemo
778 1256 903 1300 venit
931 1257 988 1300 ad
1011 1258 1179 1313 Xpum.
1207 1256 1295 1299 nisi
1319 1258 1456 1300 Pater
1479 1257 1603 1299 illurn
1629 1264 1778 1300 traxe-

143 1333 219 1386 rit,
242 1347 379 1377 nemo
401 1341 553 1378 autem
576 1335 633 1377 ad
658 1336 839 1379 Patrem
862 1334 987 1378 venit
1009 1333 1096 1377 nisi
1118 1349 1199 1390 per
1221 1333 1402 1385 Filium,
1430 1342 1670 1390 propterea
1692 1335 1779 1376 do·

144 1424 301 1454 cemus
333 1411 597 1456 vocationes
627 1412 685 1454 ad
717 1418 886 1455 statum
919 1411 1290 1456 constituendum
1328 1411 1373 1453 in
1406 1410 1777 1454 meditationibus

143 1486 265 1532 vitae
284 1489 388 1532 Iesu
410 1487 484 1532 X}
506 1487 865 1544 inuestigandas,
891 1487 938 1530 in
960 1502 1051 1543 quo
1073 1495 1182 1531 sunt
1203 1502 1361 1531 omnes
1379 1487 1577 1532 thesauri
1595 1487 1776 1543 sapien·

144 1563 233 1608 tiae
253 1571 301 1608 et
321 1564 541 1610 scientiae
563 1564 835 1618 absconditi,
867 1564 915 1608 in
944 1579 1035 1621 quo
1063 1572 1210 1609 status
1237 1565 1356 1608 vitae
1386 1565 1592 1621 xpianae.
1626 1565 1777 1620 perfe—

143 1640 307 1685 ctionis
336 1643 543 1699 exemplo
575 1650 682 1686 sunt
713 1642 1027 1686 demonstrati.
1054 1643 1229 1686 Omnes
1252 1656 1360 1685 vero
1382 1649 1544 1694 status,
1570 1641 1669 1686 eius
1692 1642 1775 1684 do-

141 1717 286 1762 ctrina
308 1719 643 1775 comprehensi,
668 1726 717 1762 vt
739 1718 869 1774 quasi
892 1734 949 1763 ex
970 1719 1156 1776 specula
1176 1718 1428 1762 diuinitatis
1450 1734 1609 1763 omnes
1638 1717 1773 1761 ratio-

142 1809 223 1838 nes
254 1794 327 1852 pie
359 1795 542 1840 viuendi
576 1795 622 1838 in
644 1810 728 1839 nos
750 1795 822 1841 196
855 1797 1066 1840 eluceant
1095 1811 1149 1841 ea
1170 1796 1356 1849 virtute,
1387 1810 1504 1851 quae
1534 1795 1674 1852 possit
1695 1809 1777 1852 pro

141 1885 356 1915 mensura
377 1872 635 1916 donationis
657 1872 732 1916 Χ.ἰ
755 1879 800 1917 et
822 1872 999 1930 gratiae
1021 1873 1230 1928 quemuis
1252 1874 1309 1916 ad
1325 1887 1454 1916 suam
1473 1871 1774 1923 vocationem,

141 1949 199 1991 ad
219 1962 353 1992 suum
376 1950 587 2005 gradum,
618 1957 756 2005 atque
777 1957 947 1994 statum
978 1951 1318 1993 transformare.
1351 1952 1523 2005 Itaque,
1551 1949 1626 2005 qui
1650 1957 1777 2008 extra

139 2026 257 2068 hanc
287 2026 453 2078 lucem,
488 2034 615 2070 extra
647 2028 766 2070 hanc
799 2026 984 2083 spiritus
1014 2027 1254 2084 puritatem
1288 2035 1424 2082 atque
1456 2026 1775 2082 synceritatem

138 2109 395 2155 versantur,
420 2110 466 2148 et
487 2102 670 2148 aliunde
692 2104 869 2160 impuro
891 2106 1058 2148 affectu
1081 2118 1134 2148 ac
1163 2105 1253 2148 fine
1275 2104 1500 2160 colligunt
1528 2112 1664 2159 atque
1694 2104 1775 2146 eli-

69 2183 74 2186 ”
139 2185 257 2235 gunt
276 2186 446 2222 statum
469 2179 604 2233 vitae,
629 2195 709 2224 eos
732 2195 814 2224 nos
835 2181 1031 2225 dicimus
1054 2197 1079 2225 a
1103 2183 1201 2225 Deo
1219 2197 1309 2224 non
1329 2196 1429 2226 esse
1446 2189 1646 2233 vocatos3
1670 2196 1772 2223 nam

139 2258 209 2296 est
229 2251 415 2309 spiritus
436 2253 702 2309 sapientiae,
729 2254 1099 2312 incoinquinatus
1126 2269 1178 2298 ac
1201 2256 1414 2306 mundus;
1443 2254 1619 2298 tametsi
1649 2254 1771 2296 acci-

139 2329 247 2374 dere
267 2328 409 2385 possit
431 2337 480 2372 vt
498 2325 669 2374 'statum
694 2332 765 2376 vel
788 2346 880 2375 rem
900 2331 1088 2388 eligant,
1109 2346 1226 2387 quae
1243 2331 1361 2374 intra
1379 2331 1603 2373 cancellos
1621 2331 1744 2373 eccle
1757 2355 1772 2361 -

138 2404 233 2449 siae
264 2407 543 2451 orthodoxae
574 2407 811 2461 consistat3
846 2409 927 2452 sed
949 2423 1032 2452 suo
1056 2416 1101 2453 et
1124 2408 1303 2465 quidem
1329 2422 1546 2464 peruerso
1569 2406 1736 2449 iudicio
1764 2406 1770 2462 Ι

138 2481 186 2525 id
208 2482 391 2536 facient3
416 2491 479 2536 et,
504 2498 596 2539 quo
626 2485 754 2528 Deus
775 2499 867 2528 non
896 2493 1048 2539 vocat,
1073 2500 1128 2530 eo
1150 2484 1384 2528 contendit
1407 2485 1669 2539 irrumpere,
1695 2483 1770 2525 vbi

140 2573 379 2604 necessum
408 2567 477 2604 est
509 2554 686 2604 summa
716 2575 821 2604 cum
843 2562 1114 2605 difficultate
1136 2576 1215 2606 eos
1237 2561 1422 2612 versari,
1450 2568 1604 2616 vtpote
1628 2574 1768 2614 quum

113 2643 323 2681 «careant
344 2638 512 2680 selecta
534 2638 682 2694 gratia
703 2639 760 2681 ad
789 2646 958 2682 statum
991 2638 1117 2681 illum
1141 2654 1222 2695 pro
1252 2638 1474 2694 dignitate
1504 2637 1766 2688 tenendum,

139 2727 274 2768 quam
308 2720 459 2758 tamen
491 2729 723 2770 nunquam
755 2730 848 2758 non
885 2715 1078 2772 largitur
1114 2714 1492 2760 clementissimus
1523 2712 1659 2757 Pater
1695 2713 1765 2762 iis,

138 2803 253 2850 quos
275 2804 357 2834 sua
389 2791 644 2843 vocatione,
680 2793 1064 2848 quemadmodum
1094 2808 1149 2837 ex
1182 2793 1323 2835 Paulo
1346 2793 1578 2842 docemur,
1604 2790 1767 2845 digna-

139 2873 229 2920 tur;
254 2881 357 2910 nam
380 2867 495 2920 aliis,
521 2868 600 2923 qui
623 2882 702 2924 per
720 2868 1019 2914 temeritatem
1038 2876 1205 2912 statum
1222 2875 1458 2912 assumunt
1477 2867 1544 2910 vel
1566 2881 1644 2922 per
1659 2867 1766 2909 affe-

213 3032 222 3052 ¹
272 3031 398 3078 Rom,
418 3032 449 3076 I,
473 3041 505 3071 1.
525 3031 682 3076 «Παῦλος
707 3031 826 3077 δοῦλος
852 3033 1003 3081 Χριστοῦ
1023 3033 1146 3077 Ἰησοῦ,
1166 3032 1293 3076 κλητὸς
1319 3030 1587 3074 ἀπόστολος...»
