2098 3470
302 262 373 299 714
775 242 928 293 Funis
953 257 1196 293 HumoNYm
1222 256 1373 292 NADAL

256 371 378 400 mum
402 357 447 400 in
472 357 547 402 illo
566 358 714 403 Deum
733 358 1003 411 inhabitare,
1024 358 1151 414 quasi
1169 358 1410 415 imaginem
1431 359 1581 402 viuam
1599 359 1772 403 videret
1789 358 1886 402 Tri-

257 434 424 478 nitatis.
448 439 532 481 239
553 435 670 479 Dein
692 435 817 480 visus
838 445 907 481 est
930 438 985 479 ab
1010 436 1084 478 illo
1107 435 1260 478 induci
1283 436 1328 478 in
1351 437 1499 480 lucem
1517 436 1756 491 quamdam
1781 450 1887 479 sua«

256 511 502 565 uissimarn,
527 511 575 555 in
598 527 686 569 qua
709 513 947 557 videbatur
968 513 1052 556 sibi
1076 512 1228 556 omnia
1249 514 1369 556 bona
1391 512 1614 566 inuenire,
1635 519 1723 558 etc.

345 590 513 646 Magna
537 596 606 634 est
627 605 736 633 cura
758 605 931 642 eorum,
964 590 1039 645 qui
1064 597 1280 645 praesunt
1308 588 1353 632 in
1383 589 1630 642 Societate,
1656 590 1880 634 habenda.

255 665 379 714 Nihil
405 666 526 709 enirn
547 666 593 710 in
621 682 706 711 suo
734 682 901 723 genere
930 667 1205 711 Societatem
1235 667 1361 710 iuuat
1384 667 1545 723 magis,
1570 681 1705 723 quam
1732 666 1888 709 iudicii·
1930 666 1936 671 “

255 742 421 799 proprii
449 744 708 801 abnegatio,
741 746 831 787 hoc
863 751 949 796 est,
981 743 1239 788 obedientia
1267 744 1539 788 intellectus.
1575 745 1704 788 Haec
1733 750 1883 786 tamen

255 821 371 863 solet
392 819 436 863 in
475 820 797 877 superioribus,
829 820 995 876 alioqui
1018 819 1173 876 probis
1209 821 1486 873 hominibus,
1514 820 1682 864 remitti
1706 834 1759 863 ac
1787 835 1885 863 cor-

257 897 420 954 rumpi,
449 897 689 943 occasione
716 905 901 953 accepta
929 912 985 940 ex
1012 897 1220 942 libertate
1252 897 1422 950 iudicii,
1449 898 1571 955 quod
1599 896 1818 953 accipitur
1840 898 1885 941 in

255 988 339 1017 sua
360 973 761 1019 administratione.
789 975 910 1018 Hinc
933 975 982 1016 fit
1004 981 1054 1017 vt
1071 974 1245 1030 possint
1263 975 1393 1018 facile
1410 973 1724 1030 vnusquisque
1739 974 1886 1018 redire

256 1050 302 1093 in
326 1057 532 1095 naturam
555 1066 699 1095 suam.

343 1128 556 1172 Studium
591 1128 852 1185 theologiae
881 1136 950 1172 est
981 1128 1162 1184 triplex:
1193 1142 1334 1170 vnum
1367 1127 1717 1185 speculatiuum,
1747 1127 1883 1171 etiam

256 1205 303 1248 in
326 1206 462 1250 rebus
484 1205 712 1262 practicis,
737 1207 930 1248 alterum
954 1205 1203 1261 practicum
1233 1205 1477 1258 moraliter;
1512 1213 1608 1260 3.¹¹¹¹²
1636 1211 1707 1249 est
1734 1205 1886 1261 mysti-

256 1295 359 1324 cum
389 1289 434 1326 et
471 1282 718 1338 spirituale.
762 1282 964 1325 Primum
988 1290 1033 1326 et
1055 1283 1227 1326 habent
1263 1290 1308 1325 et
1337 1281 1384 1324 in
1412 1297 1467 1324 eo
1501 1282 1720 1338 proficere
1741 1282 1887 1325 solent

255 1358 486 1403 literarum
514 1359 723 1413 studiosi,
749 1368 793 1404 et
824 1359 948 1411 boni,
974 1367 1018 1403 et
1042 1359 1164 1411 mali,
1197 1360 1331 1402 modo
1354 1358 1589 1415 ingenium
1618 1358 1710 1402 sint
1742 1359 1887 1403 sortiti

255 1437 697 1492 specula24sstiuum,
722 1436 767 1479 id
789 1445 874 1489 est,
894 1437 1027 1478 modo
1049 1435 1217 1490 aliquid
1234 1438 1320 1479 hac
1342 1437 1558 1479 facultate
1579 1436 1775 1479 valeant.
1803 1437 1886 1480 Se-

259 1514 458 1556 cundum
482 1516 665 1566 habent,
692 1513 767 1569 qui
791 1513 987 1569 practica
1009 1513 1052 1555 vi
1075 1514 1244 1565 valent,
1264 1512 1439 1557 etiamsi
1461 1512 1668 1569 spiritum
1686 1527 1777 1556 non
1799 1512 1889 1556 sint

255 1590 487 1646 assequuti
517 1597 562 1634 et
600 1590 719 1635 vitae
755 1589 999 1647 spiritualis
1037 1589 1359 1646 experientiam
1393 1589 1648 1646 mysticam.
1685 1589 1887 1634 Tertium

256 1667 339 1709 soli
361 1669 531 1711 habent
553 1667 630 1719 illi,
657 1667 733 1723 qui
756 1667 915 1723 spiritu
938 1674 1045 1710 sunt
1067 1667 1112 1709 in
1137 1666 1320 1711 Christo
1349 1666 1546 1710 humiles
1574 1675 1620 1710 et
1642 1666 1884 1723 simplices3

256 1751 302 1788 et
322 1743 366 1786 in
391 1746 479 1787 hoc
508 1758 677 1801 genere
714 1752 783 1788 est
819 1744 929 1787 illud
966 1758 1142 1795 verum,
1168 1744 1290 1799 quod
1324 1743 1632 1799 Hieronymus
1654 1742 1810 1786 scribit
1840 1750 1885 1786 et

255 1821 401 1864 sancti
423 1821 700 1877 praedicant,
732 1823 811 1864 sed
849 1822 990 1878 vulgo
1019 1836 1175 1877 parum
1215 1821 1284 1863 vel
1313 1819 1491 1876 capitur
1526 1820 1598 1862 vel
1621 1827 1881 1876 vsurpatur,

255 1897 450 1953 intelligi
474 1905 582 1941 tunc
616 1898 898 1954 scripturam,
929 1912 1070 1953 quum
1107 1898 1175 1950 fit3
1208 1898 1296 1940 hoc
1325 1904 1410 1948 est,
1451 1911 1591 1952 quum
1620 1903 1666 1941 et
1687 1896 1886 1940 exterius

255 1974 542 2032 adimpletur,
567 1975 605 2018 si
625 1975 734 2030 quid
755 1974 814 2018 sit
838 1974 1135 2031 implendum,
1158 1982 1204 2018 et
1226 1973 1357 2017 simul
1378 1973 1580 2018 interiori
1597 1987 1735 2016 sensu
1751 1973 1887 2017 intel—
1904 1976 1907 1978 ’

254 2051 412 2108 ligitur
433 2059 480 2096 et
517 2059 729 2109 gustatur
766 2053 837 2095 vel
874 2051 1094 2108 spirituali
1132 2051 1258 2108 praxi
1297 2050 1531 2107 accipitur.
1567 2052 1688 2094 Num
1710 2052 1798 2093 hoc
1819 2057 1889 2095 est>

252 2129 373 2184 quod
396 2131 541 2185 Xpus.
567 2128 695 2182 dixit,
710 2131 843 2187 Joan.
872 2129 914 2182 8,
939 2130 997 2185 [V.
1021 2129 1110 2186 32]:
1135 2128 1208 2172 «Si
1231 2142 1316 2171 vos
1331 2127 1588 2172 manseritis
1610 2126 1654 2170 in
1679 2141 1887 2171 sermone

253 2220 370 2259 meo,
396 2220 502 2250 vere
523 2205 732 2262 discipuli
754 2205 842 2249 mei
865 2205 1005 2258 eritis,
1033 2213 1077 2250 et
1099 2205 1391 2262 cognoscetis
1412 2201 1666 2256 veritatem,
1697 2210 1743 2248 et
1763 2203 1860 2247 veri
1878 2230 1882 2233 -

256 2290 324 2326 tas
345 2283 554 2327 liberabit
574 2298 701 2326 vos.»
728 2285 900 2327 Verum
933 2282 1300 2339 quandoquidem
1330 2281 1376 2324 in
1408 2281 1618 2326 sensibus
1646 2280 1717 2324 his
1745 2281 1887 2324 inter—

254 2361 323 2404 nis
345 2361 553 2417 deceptio
575 2360 842 2417 contingere
864 2367 1031 2416 potest,
1058 2361 1217 2416 regula
1241 2367 1396 2402 nostra
1427 2372 1528 2402 esse
1554 2359 1707 2411 debet,
1737 2365 1788 2401 vt
1809 2373 1888 2401 ver

253 2438 425 2491 ritates,
445 2452 562 2494 quae
580 2452 716 2482 sensu
734 2437 913 2480 interno
930 2437 1101 2494 percipi
1118 2442 1190 2483 241
1211 2436 1440 2487 videntur,
1467 2449 1548 2478 eae
1570 2449 1660 2478 non
1683 2442 1889 2491 pugnent

250 2530 355 2558 cum
381 2515 452 2559 his
468 2515 750 2567 veritatibus,
776 2529 889 2570 quas
910 2515 1008 2558 sola
1030 2513 1340 2570 speculatione
1361 2527 1418 2555 ex
1448 2512 1600 2555 studio
1629 2511 1889 2568 theologico

253 2607 279 2635 a
300 2592 563 2636 doctoribus
584 2588 846 2648 accipimus,
873 2606 990 2647 quae
1008 2599 1157 2635 tamen
1181 2590 1332 2633 omnia
1354 2588 1526 2632 iudicio
1542 2588 1760 2632 ecclesiae
1777 2588 1885 2632 sub-

253 2670 420 2712 dantur
441 2669 726 2721 suauissime,
753 2676 847 2711 tum
872 2668 1115 2714 Societatis
1137 2667 1320 2719 iudicio,
1348 2674 1395 2710 et
1423 2665 1628 2709 cuiusuis
1656 2664 1891 2721 syncerius

255 2745 506 2790 sentientis.

344 2823 538 2868 Cuidam
560 2816 799 2874 succurrit,
825 2830 873 2864 vt
896 2822 942 2864 in
965 2822 1107 2878 prima
1129 2820 1430 2878 applicatione
1453 2819 1617 2863 missae
1645 2824 1691 2862 et
1717 2816 1896 2860 oratio-

254 2915 363 2943 num
387 2900 523 2944 simul
545 2899 843 2944 constitueret
865 2914 915 2943 se
937 2907 982 2942 et
1004 2899 1293 2943 Societatem.

342 2977 568 3022 Intellexit
598 2976 798 3032 quidam,
834 2990 937 3019 curn
971 2983 1123 3020 oraret
1156 2975 1448 3031 negligenter
1481 2988 1562 3030 pro
1593 2987 1641 3016 re
1677 2971 1885 3027 quadam,

252 3068 344 3097 non
371 3053 524 3110 r‘nagni
548 3053 765 3098 momenti
790 3052 975 3108 alioqui,
1001 3052 1129 3108 quasi
1154 3051 1458 3095 acutissimam
1479 3050 1718 3107 quamdam
1737 3061 1893 3093 neces-
