2098 3470
338 206 408 251 726
809 207 964 245 Plutus
990 209 1233 246 Hiznoxvni
1259 210 1293 245 N
1298 217 1410 246 ADAL

294 307 434 350 randa
455 313 501 350 et
522 309 793 362 exercenda,
818 315 864 352 et
887 324 1048 354 sensus
1071 311 1353 354 exercendus
1374 311 1474 355 eius
1501 313 1808 368 protectionis,
1831 329 1923 372 gu·-

294 382 590 438 bernationis,
615 391 661 430 et
683 385 1014 429 continentium
1038 386 1380 431 beneficiorum:
1407 395 1502 431 tum
1531 398 1816 444 praesentem
1839 391 1925 437 de-

295 460 454 503 bemus
476 462 791 518 contemplari,
816 463 1001 515 sentire,
1027 470 1071 507 et
1095 462 1223 519 quasi
1247 478 1432 508 cernere
1465 479 1569 508 cum
1599 480 1766 523 magna
1786 481 1920 512 reue-

294 536 455 580 rentia.
497 539 591 582 Sua
627 538 772 582 oratio
809 539 1010 583 studiose
1047 541 1103 582 ad
1141 554 1245 584 eum
1277 542 1551 594 exercenda,
1593 550 1638 586 et
1675 542 1922 599 gratiarum

294 612 512 667 actiones,
537 621 582 660 et
606 615 807 671 reliquae
829 615 1047 660 orationis
1068 624 1274 673 partes...

1071 729 1136 772 u

761 807 814 849 Ρ.
852 806 1100 851 PAULUS
1131 807 1466 852 HOFFAEUS

648 898 914 935 CLEMENTI
941 899 1033 935 VIII
1058 899 1327 938 PONTIFICI
1353 900 1566 940 MAXIMO

837 991 995 1030 ROMAE,
1024 991 1141 1019 ANNO
1171 982 1262 1028 1593
1288 982 1333 1030 (?)
1363 987 1386 1023 ¹.
1439 1032 1441 1034 q

345 1064 534 1100 Subsidia
547 1068 626 1112 pro
635 1064 832 1112 familiae
851 1066 899 1101 P.
929 1064 1129 1112 Gregorii
1151 1066 1199 1102 de
1229 1067 1415 1102 Valentia
1437 1067 1723 1104 sustentatione
1745 1071 1783 1104 et
1800 1071 1880 1116 pro

665 1131 973 1166 meditationum
992 1130 1155 1166 Natalis
1172 1132 1344 1167 editione
1356 1133 1552 1178 postulat.

1096 1215 1127 1272 †

386 1310 512 1354 Smo.
546 1310 709 1353 Padre.
743 1309 956 1366 Supplica
986 1309 1282 1355 humilmente
1320 1311 1362 1354 la
1397 1311 1490 1355 SR&
1515 1313 1572 1355 V.
1613 1311 1644 1354 il
1681 1313 1738 1355 P.
1779 1309 1929 1356 Paolo

297 1388 478 1438 Hoffeo,
504 1385 743 1431 assistente
764 1387 879 1430 delle
906 1386 1141 1442 prouincie
1168 1386 1214 1429 di
1241 1387 1488 1431 Germania
1516 1395 1562 1431 et
1589 1388 1780 1432 Francia
1808 1389 1929 1432 della

297 1461 581 1519 Compagnia
602 1462 648 1505 di
668 1462 828 1515 Giesu,
859 1462 895 1506 si
924 1463 1063 1520 degni
1086 1463 1324 1507 ricordarsi
1351 1465 1469 1508 della
1501 1465 1820 1518 subuentione‚
1845 1479 1928 1522 per

369 1604 378 1622 ¹
430 1601 489 1636 Ex
514 1601 708 1647 exemplo,
732 1600 857 1635 Patris
876 1600 1054 1646 Jimenez
1074 1612 1188 1636 manu
1206 1606 1377 1647 exarato,
1399 1601 1501 1637 unde
1520 1602 1773 1649 probabiliter
1797 1614 1927 1638 exem—

298 1650 430 1707 plums
450 1672 473 1695 a
495 1660 540 1695 P.
568 1658 736 1695 Hoffaeo
765 1671 916 1695 summo
946 1659 1119 1706 pontifici
1145 1659 1296 1704 datum,
1325 1660 1574 1708 desumptum
1602 1661 1696 1708 fuit,
1730 1662 1768 1698 in
1793 1661 1931 1698 codice

299 1720 489 1755 Instruct.
509 1719 542 1760 I,
562 1719 676 1755 unico
693 1718 801 1762 folio,
820 1730 858 1755 n.
879 1719 961 1764 269,
983 1718 1088 1764 prius
1107 1717 1188 1764 293.
1210 1719 1254 1754 P.
1274 1720 1444 1765 Jacobus
1462 1720 1641 1766 Jimenez
1659 1727 1742 1756 erat
1760 1726 1928 1756 secreta-

301 1779 380 1814 rius
400 1778 608 1814 Societatis
626 1779 723 1824 Jesu
740 1779 789 1813 ab
808 1789 908 1813 anno
937 1777 1039 1822 1587.
1067 1778 1157 1824 Quo
1183 1783 1314 1814 autem
1337 1784 1514 1826 tempore
1537 1780 1611 1815 hoc
1635 1784 1929 1825 monumentum
2091 1802 2098 1823 x·

300 1838 488 1884 scriptum
518 1837 652 1883 fuerit,
683 1848 760 1872 non
790 1843 956 1881 constat3
989 1837 1058 1872 sed
1088 1849 1176 1873 cum
1206 1849 1304 1884 opus
1334 1838 1498 1885 Natalis,
1523 1838 1572 1874 de
1595 1850 1671 1886 quo
1701 1839 1754 1875 ibi
1785 1839 1929 1885 agitur,
2093 1830 2098 1832 ,

301 1897 411 1933 annis
429 1896 631 1942 1593·1594
649 1896 754 1943 typis
772 1908 958 1932 excusum
976 1895 1109 1943 fuerit,
1127 1907 1227 1932 anno
1247 1896 1337 1942 1593
1355 1899 1418 1933 vel
1437 1899 1551 1944 paulo
1564 1903 1654 1934 ante
1672 1899 1768 1934 haec
1785 1897 1930 1945 scripta

301 1957 423 1992 fuisse
442 1956 638 1991 videntur.
659 1956 770 2002 Quae
788 1955 945 2003 quidem
965 1967 1014 1991 ex
1032 1956 1094 2001 iis,
1112 1968 1212 2003 quae
1232 1956 1380 1992 Natalis
1398 1957 1595 1992 Everardo
1618 1956 1862 1993 Mercuriano
1878 1957 1931 1993 de

304 2017 376 2051 hoc
405 2027 523 2062 opere
553 2015 665 2051 annis
695 2022 894 2060 1575-1577
924 2016 963 2051 in
993 2015 1111 2051 variis
1142 2006 1317 2063 epistolis
1347 2015 1501 2062 retulit,
1529 2016 1714 2052 illustrari
1742 2022 1924 2063 possunt.

301 2074 378 2110 Die
395 2073 438 2109 31
460 2074 555 2120 Julii
576 2082 665 2118 1575
684 2073 834 2109 Natalis
851 2074 1096 2110 Mercuriano
1114 2073 1270 2121 scripsit
1287 2086 1344 2118 se,
1363 2074 1522 2120 negotio
1539 2075 1614 2110 hoe
1630 2075 1716 2110 Deo
1734 2086 1930 2110 commen—

302 2133 408 2179 dato,
426 2145 509 2168 rem
527 2134 612 2168 Deo
630 2138 671 2168 et
688 2143 758 2168 suo
781 2133 971 2179 superiori
994 2139 1144 2179 gratam
1162 2133 1354 2169 facturum
1380 2139 1530 2180 putare,
1556 2133 1590 2169 si
1610 2133 1934 2169 meditationibus

302 2192 382 2228 suis
401 2199 442 2228 et
454 2191 691 2238 imaginibus
710 2203 841 2227 earum
858 2192 975 2228 finem
995 2192 1212 2238 imponeret
1230 2193 1377 2238 (Epist.
1400 2193 1448 2230 P.
1469 2193 1618 2234 Nadal,
1639 2193 1705 2236 111,
1731 2193 1830 2238 695).
1855 2193 1931 2228 Re-

301 2251 457 2299 spondit
472 2251 691 2286 Everardus
712 2259 755 2295 17
773 2251 1015 2297 Septembris
1033 2251 1300 2297 gratissimum
1314 2251 1389 2287 sibi
1404 2251 1486 2287 fore
1505 2251 1539 2287 si
1553 2251 1703 2287 Natalis
1721 2251 1816 2288 illud
1834 2261 1935 2298 opus

301 2313 525 2347 absolveret
539 2310 670 2356 (Ibid.‚
685 2321 774 2357 pag.
787 2310 885 2355 698).
902 2311 977 2346 Die
992 2311 1113 2357 prima
1127 2310 1326 2357 Octobris,
1341 2322 1475 2346 omnes
1490 2311 1701 2357 imaginum
1715 2311 1931 2346 annotatio·

302 2383 373 2407 nes
391 2370 602 2417 scripserat
619 2369 783 2415 Natalis,
801 2375 1028 2417 tantumque
1042 2377 1130 2405 octo
1144 2370 1418 2406 meditationes
1432 2369 1594 2405 deerant
1607 2369 1655 2405 ad
1668 2370 1788 2406 totius
1802 2370 1936 2416 operis

301 2431 632 2476 complementum
649 2427 781 2473 (Ibid.‚
801 2439 889 2474 pag.
910 2431 1009 2473 700).
1030 2429 1129 2465 Cum
1148 2440 1216 2475 per
1234 2429 1453 2475 Philippum
1476 2428 1714 2474 Fuggerium
1739 2421 1932 2474 imagines

303 2488 421 2525 incidi
439 2493 687 2535 procurasset
705 2487 869 2534 Natalis,
890 2487 928 2523 id
946 2488 1011 2523 ille
1030 2494 1226 2534 praestare
1241 2499 1318 2523 non
1336 2488 1474 2534 potuit3
1491 2499 1573 2523 rem
1591 2493 1721 2523 tamen
1735 2487 1931 2531 Plautino,

303 2549 547 2595 typographo
576 2547 858 2594 antuerpiensi,
883 2547 1155 2583 commendare
1186 2548 1362 2594 promisit
1391 2547 1536 2592 (Ibid.).
1565 2547 1640 2582 Die
1670 2546 1712 2582 31
1748 2545 1937 2584 Octobris

303 2608 447 2643 librum
466 2619 508 2643 se
526 2607 754 2643 censoribus
773 2606 979 2642 tradidisse
1003 2607 1070 2643 ait.
1097 2606 1149 2641 Hi
1173 2612 1304 2642 autem
1325 2606 1483 2642 fuerunt
1508 2607 1644 2642 Patres
1668 2606 1934 2653 Hieronymus

302 2667 524 2713 Torresius,
549 2673 589 2702 et
614 2666 843 2712 Gregorius.
877 2666 938 2701 An
969 2677 1062 2701 vero
1093 2666 1155 2701 hic
1184 2665 1399 2711 Gregorius
1429 2664 1547 2700 fuerit
1577 2665 1620 2702 P.
1653 2664 1864 2709 Roseffius,
1891 2670 1938 2701 ut

303 2725 460 2772 saepius
477 2725 516 2760 in
534 2723 731 2760 volumine
749 2723 865 2759 tertio
881 2723 1066 2768 diximus,
1086 2725 1149 2759 vel
1168 2717 1383 2769 Gregorius
1408 2723 1458 2758 de
1479 2722 1674 2769 Valentia,
1696 2723 1766 2769 ‘qui
1790 2723 1935 2758 theolo-

303 2786 408 2831 giam
427 2785 466 2820 in
485 2783 781 2831 ingolstadiensi
799 2783 996 2819 academia
1019 2783 1287 2830 profitebatur,
1312 2783 1474 2818 definire
1498 2793 1575 2818 non
1600 2793 1822 2829 possumus,
1845 2793 1936 2818 nam

305 2844 408 2880 illius
422 2855 639 2890 cognomen
652 2855 675 2878 a
689 2842 819 2879 Natali
833 2855 987 2889 semper
1001 2849 1151 2879 tacetur
1167 2843 1295 2889 (Ibid.‚
1310 2853 1399 2888 pag.
1409 2843 1508 2888 700).
1523 2841 1623 2877 Cum
1637 2846 1769 2876 autem
1784 2841 1935 2876 Natalis

307 2903 535 2950 provinciali
552 2901 848 2949 congregationi
866 2902 1088 2947 interesset,
1108 2900 1208 2949 quae
1226 2901 1439 2948 Oeniponti
1461 2901 1595 2936 habita
1618 2900 1706 2946 fuit,
1733 2911 1937 2936 censuram

308 2963 435 3010 operis
453 2974 475 2998 a
499 2962 665 2999 laudatis
689 2962 870 2998 Patribus
888 2962 1052 3009 accepit,
1073 2968 1112 2998 et
1137 2962 1267 2997 denuo
1295 2960 1345 2996 de
1370 2960 1606 3006 imaginibus
1635 2959 1859 3006 sculpendis
1887 2957 1936 2994 ad

307 3021 570 3069 praepositum
587 3022 813 3068 generalem
832 3021 987 3067 scripsit
1007 3021 1136 3067 (Ibid.‚
1156 3032 1243 3068 pag.
1269 3023 1369 3066 709).
1395 3019 1628 3056 Mercuriani
1649 3019 1763 3066 jussu
1786 3018 1939 3054 Natalis
