2098 3470
465 225 617 271 Drcn,
645 221 700 259 ἐκ
726 206 980 260 Socrui-Aris
1003 222 1218 259 Pii-ramus
1243 221 1566 266 confflem-65
1715 218 1787 264 637

283 323 401 370 2601
423 324 683 380 Aliquando
703 339 760 368 ex
781 323 1147 381 pusillanimitate
1168 331 1215 367 et
1234 321 1467 366 debilitate
1490 321 1673 378 spiritus
1703 321 1834 366 debi-

194 401 352 463 litatur
372 414 538 458 corpus
561 408 781 455 nostrum3
805 415 831 444 e
852 408 1011 444 contra
1031 414 1087 444 ex
1110 398 1374 442 fortitudine
1395 398 1534 441 animi
1562 398 1833 441 fortificatus

197 492 365 534 corpus
385 485 608 531 nostrum3
634 493 774 534 quare
795 478 842 521 in
863 477 1095 521 laboribus
1116 478 1336 520 debemus
1356 475 1552 519 abiicere
1575 490 1755 519 omnem
1778 476 1834 518 ti-

197 569 386 609 morem,
421 555 838 611 pusillanimitatem
873 562 919 598 et
954 553 1231 607 huiusmodi;
1271 568 1376 596 nam
1415 552 1599 610 spiritus
1637 553 1837 609 portabit

201 645 366 688 corpus
389 639 612 675 nostrum.

287 709 523 752 Debemus
550 723 634 752 nos
661 709 830 753 habere
856 708 976 751 circa
1002 707 1208 751 homines
1236 707 1281 750 in
1309 706 1413 750 cibo
1441 714 1487 751 et
1515 713 1629 763 potu
1663 714 1708 750 et
1741 707 1841 749 col-

199 784 380 841 loquiis,
405 800 496 828 non
520 793 749 840 tamquam
771 786 977 830 uolentes
1000 791 1050 828 ut
1071 786 1269 841 probent
1291 798 1374 827 nos
1395 783 1570 840 lingua,
1601 783 1679 826 sed
1711 782 1844 827 aedi-

201 862 392 906 ficantes
413 862 736 906 conscientiam
758 862 951 905 illorum.
978 862 1096 906 Sunt
1115 861 1236 904 enim
1260 860 1399 917 aliqui
1415 860 1708 917 respicientes
1727 873 1842 903 con-

201 938 398 984 ditiones
419 939 671 982 hominum:
700 939 846 982 solent
867 954 916 982 se
936 938 999 982 ita
1020 953 1197 995 gerere,
1222 945 1272 981 ut
1294 937 1438 982 uelint
1460 938 1517 980 ab
1540 936 1638 980 aliis
1660 936 1840 993 probari

202 1022 437 1071 tamquam
474 1015 677 1059 affabiles
708 1023 754 1060 et
789 1015 992 1069 humani;
1025 1023 1071 1059 et
1100 1014 1362 1059 huiusmodi
1393 1029 1485 1058 non
1518 1022 1608 1057 tam
1645 1029 1693 1058 re
1726 1028 1838 1056 uera

203 1091 446 1136 aedificant
467 1092 791 1136 conscientiam
813 1092 1008 1155 illorum,
1032 1093 1090 1136 ad
1106 1107 1242 1148 quam
1264 1091 1560 1149 respicientes
1581 1090 1655 1134 alii
1677 1091 1740 1134 ita
1758 1105 1845 1132 cu-

204 1176 307 1212 rant
327 1168 500 1222 viuere,
526 1176 577 1212 ut
597 1171 697 1214 Deo
718 1169 805 1226 ipsi
825 1178 870 1213 et
892 1169 954 1212 illi
976 1184 1152 1226 semper
1176 1170 1399 1225 placeant,
1424 1168 1701 1224 quiquidem
1723 1183 1844 1212 sem--

204 1261 302 1302 per,
327 1246 449 1302 quod
471 1252 645 1289 rectum
667 1254 714 1289 et
734 1246 905 1290 bonum
926 1254 1011 1299 est,
1035 1261 1127 1290 non
1149 1253 1299 1303 potest
1320 1260 1413 1289 non
1435 1246 1637 1290 laudare.

295 1323 494 1379 Quando
509 1322 792 1379 ingredimur
807 1323 1039 1368 ciuitatem
1056 1322 1253 1379 aliquam
1270 1338 1351 1366 seu
1369 1323 1602 1379 oppidum,
1621 1323 1842 1366 debemus

205 1399 420 1444 inuocare
441 1400 646 1456 angelos,
671 1400 972 1456 archangelos
988 1407 1034 1445 et
1050 1407 1234 1444 sanctos
1250 1407 1296 1444 et
1312 1407 1527 1456 patronos
1544 1399 1665 1443 illius
1682 1399 1847 1443 ciuita-

207 1476 266 1521 tis
286 1491 368 1521 seu
390 1476 559 1533 oppidi,
585 1469 835 1522 salutantes
855 1477 956 1520 illos
970 1485 1016 1521 et
1032 1477 1298 1522 inuocantes
1314 1477 1360 1520 in
1378 1484 1584 1521 nostrum
1602 1477 1839 1528 auxilium,

206 1567 260 1597 ac
281 1553 320 1597 si
341 1553 516 1609 aliquos
538 1553 746 1596 homines
767 1553 1082 1597 inuiseremus.
1102 1555 1168 1598 Ita
1185 1568 1289 1597 cum
1306 1553 1373 1597 eis
1389 1554 1613 1598 debemus
1632 1554 1847 1610 colloqui,

208 1638 255 1675 et
275 1630 507 1687 deprecari
529 1630 629 1674 illos
650 1646 731 1687 pro
752 1631 937 1676 ciuitate
958 1645 1038 1674 seu
1061 1631 1242 1688 oppido,
1268 1633 1390 1687 quod
1412 1631 1458 1674 in
1477 1645 1635 1675 curam
1654 1632 1844 1684 habent,

211 1715 263 1751 ut
292 1707 435 1751 uelint
462 1707 573 1750 illud
601 1722 776 1763 regere,
808 1709 1066 1765 gubernare
1093 1716 1139 1753 et
1170 1708 1451 1754 intercedere
1483 1708 1734 1752 Dominum
1767 1723 1853 1764 pro

212 1783 308 1838 illo,
331 1791 384 1828 ut
404 1792 587 1829 moueat
608 1772 744 1828 corda
766 1785 823 1827 ad
844 1784 1156 1841 penitentiam,
1179 1793 1287 1839 etc.;
1308 1800 1447 1843 agere
1469 1786 1640 1843 gratias
1664 1800 1745 1842 pro
1768 1787 1849 1829 be—

216 1860 392 1906 neficiis
413 1860 588 1905 collatis
609 1860 695 1904 illis
723 1861 944 1918 partibus,
972 1876 1055 1918 pro
1084 1862 1322 1917 fructibus,
1353 1877 1435 1919 pro
1461 1862 1663 1914 flumine,
1690 1870 1736 1907 et
1770 1877 1853 1918 pro

220 1937 498 1991 huiusmodi,
528 1938 860 1981 considerando
886 1953 1022 1994 quam
1050 1938 1179 1982 multi
1207 1939 1314 1993 sint,
1339 1939 1416 1995 qui
1438 1940 1590 1983 omnia
1613 1940 1688 1983 illa
1709 1941 1852 1984 bene-

217 2014 320 2059 ficia
341 2014 578 2071 recipiant,
603 2022 649 2058 et
671 2029 806 2070 quam
828 2015 977 2074 pauci,
1003 2016 1080 2072 qui
1102 2016 1177 2060 illa
1204 2025 1552 2073 recognoscant,
1578 2031 1717 2074 agere
1747 2030 1852 2072 gra-

217 2091 304 2135 tias
326 2092 526 2136 Domino
547 2100 566 2118 ³
587 2091 771 2135 nomine
794 2092 1015 2138 omnium.

306 2169 506 2225 Quando
535 2168 744 2213 uidemus
772 2168 946 2224 aliquos
973 2168 1158 2226 ignotos
1186 2169 1232 2212 in
1261 2170 1350 2224 via,
1375 2170 1551 2215 etiamsi
1583 2170 1747 2213 milites
1779 2171 1852 2214 uel

215 2245 291 2289 alii
325 2245 533 2289 homines
564 2246 669 2298 sint,
703 2260 797 2288 non
834 2247 1053 2290 debemus
1088 2247 1326 2292 admittere
1354 2247 1638 2304 suspiciones
1673 2247 1850 2302 aliquas

217 2330 377 2366 contra
397 2321 514 2376 illos,
534 2322 615 2366 sed
637 2322 845 2378 cogitare
866 2323 966 2366 illos
983 2324 1134 2378 ,bonos
1154 2337 1270 2377 esse,
1296 2332 1342 2369 et
1364 2326 1481 2368 bene
1504 2323 1741 2380 imprecari
1766 2323 1855 2365 illis

217 2399 385 2452 animo,
406 2406 452 2443 et
474 2399 808 2455 quodammodo
829 2399 945 2442 vniri
961 2414 1064 2446 cum
1087 2400 1174 2444 illis
1194 2400 1378 2444 vinculo
1400 2400 1632 2444 charitatis
1655 2408 1699 2444 et
1723 2414 1853 2442 amo-

218 2476 297 2531 ris,
320 2483 367 2519 et
388 2475 453 2519 sic
477 2475 707 2532 fugiemus
728 2474 746 2501 ¹³
768 2475 972 2520 timorem
995 2484 1040 2521 et
1057 2476 1222 2521 iudicia
1245 2469 1484 2522 temeraria
1506 2486 1551 2520 et
1575 2476 1854 2529 huiusmodi;

218 2561 265 2597 et
287 2552 325 2596 si
347 2552 457 2609 quid
477 2551 646 2595 sinistri
669 2552 932 2605 occurrerit,
957 2567 1048 2596 non
1070 2554 1289 2598 debemus
1310 2553 1386 2597 illa
1410 2554 1610 2609 recipere
1641 2560 1853 2607 tanquam

221 2631 279 2673 ab
300 2628 502 2683 homine,
527 2630 608 2673 sed
630 2637 846 2686 tanquam
869 2644 895 2673 a
916 2630 1150 2683 Deo,‘sine
1171 2631 1302 2675 cuius
1319 2632 1557 2675 uoluntate
1576 2630 1687 2672 nihil
1704 2637 1856 2686 potest

178 2765 184 2769 ι
220 2706 353 2750 nobis
384 2706 670 2763 contingere,
693 2713 741 2750 et
772 2706 838 2750 sic
869 2706 1150 2764 accipiendo,
1182 2715 1398 2765 tanquam
1431 2723 1456 2751 a
1484 2722 1620 2749 manu
1654 2705 1866 2758 Domini„

219 2784 443 2827 debemus
465 2782 688 2840 patienter
709 2791 754 2828 et
776 2783 1102 2839 aequanimiter
1124 2785 1364 2830 sustinere.

309 2860 362 2903 In
384 2859 546 2916 triplici
568 2860 821 2905 differentia
843 2869 949 2904 sunt
972 2863 1110 2905 uerba
1132 2870 1300 2906 nostra:
1323 2863 1395 2906 uel
1415 2868 1727 2917 representant
1745 2874 1860 2902 con-

0 946 12 1014 ξ

295 3037 312 3054 a
362 3026 536 3063 Domine
555 3039 626 3064 ms.
681 3048 710 3053 —
727 3030 745 3055 b
765 3027 1021 3063 Emendatum
1040 3039 1061 3064 a
1081 3029 1169 3064 Nat.
1191 3041 1238 3064 ex
1252 3029 1513 3076 fugeremus.
