2098 3470
693 241 969 280 Moumfflnn
996 240 1350 279 Gemma-32
1723 248 1792 286 2²5

291 345 464 388 Verum
486 344 553 402 (ut
574 358 630 388 eo
651 345 893 389 redeamus
918 344 1042 387 unde
1070 357 1157 386 nos
1177 341 1368 386 abduxit
1396 343 1522 386 zelus
1551 343 1724 399 gloriae
1752 342 1839 386 Dei

202 427 249 467 et
270 419 443 464 Christi
459 421 680 465 aduersus
701 422 1045 466 lutheranorum
1074 422 1287 465 haereses
1312 426 1358 464 et
1386 419 1705 476 blasphemias)
1728 421 1838 463 cha-

202 497 312 541 ritas
337 505 408 541 est
428 512 656 542 summum
678 498 768 542 Dei
788 497 836 541 in
857 500 943 542 hac
965 497 1133 540 milicia
1153 496 1375 542 ecclesiae
1396 497 1584 549 donum,
1610 511 1690 552 per
1714 497 1838 552 quod

201 588 289 619 nos
309 574 410 618 unit
425 574 612 618 Christo
633 582 679 620 et
699 575 785 619 sibi
807 576 951 628 Deus,
979 582 1029 618 ut
1050 574 1139 617 iam
1161 589 1304 618 unum
1327 587 1432 617 cum
1461 573 1648 617 Christo
1671 580 1717 616 et
1738 575 1839 617 Deo

201 650 359 704 simus,
384 666 475 696 vna
493 651 541 695 in
569 652 755 696 Christo
794 652 965 696 uirtute
998 651 1210 695 uiuamus
1231 658 1278 695 et
1314 665 1571 707 operemur,
1613 658 1659 694 et
1698 650 1836 693 uitam

199 735 432 773 aeternam
459 729 504 772 in
527 730 660 773 nobis
681 731 947 774 habeamus.
973 730 1110 772 Hanc
1134 729 1275 772 uitam
1303 726 1504 772 ostendit
1525 728 1656 779 fides,
1682 727 1837 770 nobis-

151 840 154 845 .
201 819 290 860 que
311 813 436 850 certe
457 808 704 862 persuadet
731 807 780 849 in
801 806 1000 854 Christo,
1025 821 1080 849 ac
1107 805 1300 850 interius
1326 806 1456 848 firma
1487 811 1557 849 est
1580 804 1834 860 promissio,
1872 849 1874 851 ,

200 881 239 926 si
260 897 353 937 non
373 883 524 926 solum
545 884 784 928 credamus
810 891 857 927 et
893 883 1178 926 confidamus
1213 882 1277 926 ita
1304 882 1417 935 fore;
1444 882 1524 924 sed
1554 894 1605 924 ut
1626 880 1688 933 id,
1714 882 1836 936 quod

199 959 296 1019 fore
316 966 364 1003 et
383 959 612 1004 credimus
632 967 679 1003 et
700 975 951 1016 speramuS,
977 959 1025 1002 in
1045 959 1178 1003 nobis
1200 958 1310 1015 ipsis
1338 958 1627 1015 recipiamus⁸

281 1037 384 1094 Jam
405 1051 517 1081 uero
538 1038 595 1080 de
616 1036 891 1080 certitudine
912 1036 1048 1080 huius
1070 1036 1246 1093 gratiae
1263 1035 1299 1079 si
1322 1037 1579 1091 loquamur,
1612 1035 1744 1079 facile
1766 1034 1836 1077 in-

199 1112 460 1170 telligemus
481 1114 539 1158 de
560 1121 667 1157 actu
703 1114 825 1165 fidei,
866 1113 963 1170 spei
1000 1121 1046 1158 et
1082 1113 1318 1157 charitatis
1354 1112 1596 1169 acquisito,
1638 1127 1730 1155 nos>
1744 1127 1836 1154 non

198 1190 335 1234 fidem
355 1191 519 1244 solum,
542 1192 625 1235 sed
645 1191 924 1236 euidentiam
946 1192 1116 1235 habere
1137 1205 1287 1247 posse,
1307 1197 1359 1233 ut
1374 1191 1433 1234 de
1453 1189 1634 1234 actibus
1651 1189 1834 1232 nostris.

197 1253 311 1311 Item
331 1268 390 1310 de
409 1282 548 1311 sensu
563 1267 787 1324 spirituali
804 1268 926 1320 fidei,
946 1267 1044 1324 spei
1060 1274 1107 1313 et
1122 1267 1358 1312 charitatis
1375 1267 1716 1319 certitudinem,
1738 1274 1834 1310 tum

197 1344 319 1388 enim
339 1345 399 1389 de
434 1345 604 1388 auxilio
631 1346 719 1389 Dei
746 1346 947 1402 speciali,
988 1346 1111 1402 quod
1147 1345 1423 1390 sensibiliter
1451 1344 1584 1388 nobis
1621 1359 1838 1387 nonnun-

197 1435 334 1478 quam
355 1422 731 1466 communicatur.
771 1423 864 1468 Sed
900 1425 1014 1467 haec
1050 1422 1183 1479 signa
1221 1423 1368 1466 solum
1407 1430 1516 1466 sunt
1539 1423 1605 1479 (ut
1627 1421 1715 1465 alia
1736 1435 1838 1478 per-

198 1498 356 1555 multa)
378 1498 660 1544 inhaerentis
681 1499 813 1543 nobis
829 1500 1022 1556 gratiae,
1041 1514 1134 1543 non
1151 1499 1379 1543 certitudo
1395 1499 1519 1552 fidei,
1540 1514 1632 1542 non
1645 1498 1811 1543 euiden
1823 1525 1837 1530 -

200 1575 262 1620 tia
282 1574 460 1619 infusae
489 1575 672 1619 uirtutis
700 1576 901 1622 moralis.
924 1576 1154 1630 Charitas,
1180 1591 1300 1632 quae
1327 1591 1411 1620 nos
1439 1576 1674 1628 iustificat,
1705 1576 1838 1628 fides,

199 1666 320 1709 spes,
339 1652 586 1706 euidentia,
607 1667 697 1709 qua
713 1653 992 1707 huiusmodi,
1012 1667 1114 1698 esse
1130 1668 1223 1698 non
1241 1661 1449 1710 possunt,
1470 1668 1575 1697 cum
1594 1653 1686 1696 sint
1702 1668 1841 1710 supra

198 1729 355 1775 lumen
378 1731 601 1774 naturale.
773 1783 775 1785 ι
850 1778 859 1782 ,

251 1844 256 1849 ,
287 1806 444 1851 Dicas:
469 1807 663 1851 Lumine
684 1822 797 1865 ergo
817 1808 924 1852 fidei
947 1808 1191 1851 habebitur
1210 1808 1269 1852 de
1289 1808 1376 1851 inis
1398 1793 1645 1851 certitudo?
1667 1807 1716 1850 [d
1738 1806 1838 1862 qui-

197 1883 303 1928 dem
319 1883 610 1928 uerissimum
632 1892 719 1938 est,
743 1885 835 1930 fide
856 1892 1007 1930 certos
1031 1900 1115 1929 nos
1137 1900 1238 1930 esse
1259 1900 1317 1930 ex
1339 1885 1482 1930 uerbo
1502 1884 1606 1939 Dei,
1632 1884 1709 1927 illa
1731 1884 1832 1942 (sci-

195 1953 480 2014 licet'fidem‚
505 1975 632 2018 spem
653 1969 701 2005 et
720 1962 1005 2019 charitatem)
1022 1978 1124 2006 esse
1144 1963 1265 2007 dona
1285 1962 1333 2005 in
1354 1962 1563 2015 ecclesia,
1588 1963 1669 2006 sed
1690 1977 1834 2019 gene-

198 2036 280 2080 rali
301 2043 451 2081 tamen
472 2038 579 2091 fide,
603 2038 648 2081 in
673 2053 764 2095 qua
786 2035 1097 2084 confortamur
1127 2049 1174 2084 et
1201 2040 1491 2084 consolamur
1519 2041 1831 2090 uehementer,

197 2114 272 2157 uel
293 2128 429 2170 quam
451 2117 690 2159 credamus
711 2116 847 2172 etiam
872 2117 919 2160 in
941 2132 1025 2161 nos
1043 2117 1245 2170 extendi,
1265 2131 1442 2174 nosque
1459 2116 1725 2172 complecti,
1746 2116 1834 2159 nisi

195 2189 397 2235 desimus
415 2192 605 2249 gratiae.
631 2194 788 2249 Atque
810 2209 902 2237 non
924 2202 1073 2251 potest
1095 2209 1196 2239 esse
1218 2194 1350 2238 nobis
1372 2202 1549 2238 certum
1567 2208 1624 2238 ex
1640 2194 1731 2238 fide
1751 2208 1833 2235 nos

197 2274 303 2311 actu
325 2269 478 2314 facere
499 2271 621 2326 quod
643 2270 787 2328 exigit
807 2273 953 2324 Deus,
986 2272 1253 2328 praesertim
1282 2286 1388 2315 cum
1418 2271 1464 2314 id
1493 2287 1584 2314 non
1608 2270 1836 2327 possimus

150 2348 152 2351 “
195 2343 295 2387 sine
314 2345 497 2401 speciali
518 2347 605 2390 Dei
625 2347 809 2400 auxilio,
834 2349 892 2393 de
913 2363 1004 2403 quo
1026 2348 1112 2393 etsi
1134 2349 1271 2393 fidem
1294 2349 1547 2392 habeamus
1575 2348 1622 2390 in
1646 2347 1832 2390 uniuer-

196 2419 295 2473 sali,
319 2435 415 2464 non
436 2429 590 2467 tamen
611 2423 657 2467 in
680 2424 941 2480 particulari
976 2426 1113 2470 fidem
1135 2426 1209 2469 uel
1238 2425 1517 2470 euidentiam
1548 2441 1631 2468 nos
1660 2424 1720 2466 illi
1744 2438 1835 2466 non

196 2497 371 2542 deesse.
397 2499 527 2543 Haec
554 2499 832 2544 incertitudo
859 2509 930 2545 est
966 2501 1238 2546 humilitatis
1260 2509 1306 2546 et
1343 2502 1546 2546 exercitii
1569 2500 1831 2557 spiritualiS,

197 2573 372 2618 timoris
392 2582 438 2619 et
455 2576 676 2629 ueritatis,
700 2592 819 2633 quae
842 2587 893 2621 ut
914 2593 972 2623 ne
988 2579 1219 2624 hominem
1237 2579 1435 2630 deiiciat,
1458 2579 1565 2621 facit
1586 2578 1731 2620 uirtus
1750 2576 1836 2620 Dei

150 2637 161 2646 ⁶
197 2665 278 2706 per
298 2651 450 2703 fidem,
475 2667 618 2708 spem,
642 2661 689 2697 et
709 2654 928 2710 imprimis
950 2670 1032 2712 per
1053 2656 1337 2715 charitatem,
1372 2671 1449 2711 per
1475 2655 1682 2705 uirtutes,
1718 2668 1835 2708 quae

195 2740 276 2782 per
295 2727 439 2784 ipsam
461 2730 652 2774 eandem
676 2731 947 2775 humilitatis
968 2733 1014 2776 in
1038 2733 1169 2777 nobis
1191 2742 1298 2777 sunt
1326 2734 1534 2776 efficaces
1564 2746 1616 2773 ac
1646 2730 1836 2773 coadiu-

196 2802 348 2856 tricoe,
374 2812 424 2848 ut
445 2806 696 2851 seruiamus
717 2809 918 2852 Domino
944 2809 992 2852 in
1014 2810 1192 2862 timore,
1224 2818 1270 2855 et
1298 2810 1555 2853 exultemus
1592 2807 1638 2849 in
1662 2817 1834 2850 tremo-

97 2876 101 2891 ³
133 2926 138 2930 ,
196 2894 246 2923 re
278 2882 307 2933 ⁸,
333 2882 405 2926 vel
447 2882 582 2926 etiam
604 2883 652 2927 in
689 2885 852 2930 timore
888 2893 934 2929 et
972 2894 1170 2931 tremore
1207 2888 1399 2929 salutern
1438 2892 1637 2927 nostram
1671 2898 1838 2939 opere-

268 3046 280 3068 ¹
329 3048 400 3085 Ps.
419 3047 472 3095 11,
495 3058 558 3086 11.

375 3111 491 3142 Emsr.
515 3115 556 3143 P.
580 3114 716 3149 NmAt,
736 3122 818 3144 rou.
842 3115 909 3144 IV.
1626 3113 1660 3142 ¹⁶
