2098 3470
360 284 429 321 236
833 288 987 325 Pru-ms
1013 290 1260 328 Hussnoxvm
1290 290 1439 325 NADAL

315 387 590 444 tempestiue
617 387 784 433 ibidem
812 389 900 433 illis
928 390 1045 434 adsit
1068 392 1204 435 Pater
1226 389 1532 447 prouincialis‚
1559 405 1694 447 quem
1716 392 1773 435 de
1795 394 1879 435 hac
1902 406 1950 435 re

316 465 565 509 admonere
588 465 787 510 debebit.

1092 575 1170 618 325

847 664 1024 719 QUAE
1059 666 1110 707 P.
1147 664 1418 708 NATALls

522 770 662 800 PATRI
689 770 926 822 pOMINICO
952 772 1157 801 RECTORI
1184 772 1514 802 MONACHIENSI
1538 773 1675 803 DIXIT
1704 761 1730 802 ¹.

402 851 593 894 Curabit
615 859 663 894 vt
685 852 808 895 domi
830 860 1038 896 seruetur
1065 853 1311 909 singularis
1338 853 1573 906 modestia,
1600 855 1721 910 quod
1754 853 1949 898 maxime

314 927 504 983 requirit
525 929 787 986 collegium,
812 930 890 973 vbi
912 938 980 974 est
1003 931 1166 974 domus
1187 931 1485 987 probationis.

403 1005 669 1049 Inueniatur
690 1006 787 1063 ipse
805 1009 988 1062 quando
1012 1008 1125 1050 ratio
1147 1007 1289 1064 exigit
1311 1017 1356 1050 et
1379 1007 1583 1063 queritur
1604 1023 1629 1051 a
1651 1008 1881 1052 fratribus.

407 1083 475 1129 Sit
498 1083 710 1127 omnibus
734 1084 878 1127 facilis
901 1093 946 1129 et
968 1085 1213 1141 benignus.

401 1161 450 1206 Si
473 1161 763 1227 impacientia
786 1161 1025 1209 excitetur,
1051 1176 1150 1204 eam
1173 1161 1440 1205 dissimulet.

403 1238 693 1295 Singularem
716 1240 882 1282 habeat
903 1253 1059 1281 curam
1084 1239 1134 1281 P.
1169 1239 1352 1282 Martini
1381 1240 1395 1259 ²

1406 1273 1414 1292 ‚
1441 1254 1575 1295 quem
1607 1239 1808 1296 benigne
1838 1253 1951 1282 con-

313 1315 534 1360 solabitur
555 1322 602 1358 et
623 1315 670 1358 in
692 1315 934 1359 vocatione
957 1315 1207 1358 adiuuabit.

403 1394 570 1436 Vtetur
598 1407 735 1448 opera
765 1394 818 1435 P.
852 1393 982 1457 Pauli
1011 1394 1024 1413 ⁵
1055 1392 1102 1435 in
1130 1394 1267 1437 rebus
1296 1393 1627 1449 spiritualibus,
1654 1394 1738 1448 erit
1767 1393 1948 1438 interim

313 1471 399 1513 sub
423 1469 699 1522 obedientia,
725 1483 778 1512 ac
801 1469 899 1513 eius
921 1484 1058 1525 opera
1080 1469 1126 1512 in
1149 1471 1360 1513 omnibus
1381 1477 1551 1515 vtet-ur.

401 1546 547 1591 Sicuti
575 1548 801 1595 hactenus
831 1546 988 1588 debuit
1020 1546 1220 1591 exerceri
1254 1547 1422 1602 pietate
1453 1555 1498 1591 et
1525 1547 1734 1592 oratione
1765 1555 1811 1592 et
1849 1547 1950 1590 aliis

315 1624 453 1666 rebus
470 1622 797 1679 spiritualibus,
809 1623 871 1666 ita
886 1638 1011 1666 nunc
1030 1624 1171 1666 multo
1188 1624 1333 1680 magis
1351 1624 1396 1666 in
1413 1623 1584 1668 eisdem
1601 1639 1702 1669 sese
1718 1631 1945 1677 exerceat,

313 1714 419 1743 cum
449 1699 623 1743 ratione
653 1699 791 1742 officii
822 1701 1008 1744 accedat
1036 1700 1176 1743 maior
1209 1701 1380 1744 Christi
1408 1701 1576 1757 gratia,
1603 1701 1677 1744 cui
1715 1702 1950 1758 cooperari

314 1778 467 1830 debet,
493 1776 739 1834 collegium
762 1778 819 1820 ad
840 1776 1054 1820 maiorem
1078 1777 1247 1821 Christi
1270 1778 1463 1834 gratiam
1486 1779 1814 1835 promouendo.

1094 1909 1176 1951 :3ss

1078 1998 1178 2092 Jlis.

747 2128 940 2183 QUAE
982 2129 1178 2171 DIXIT
1220 2129 1525 2173 NATALIS

823 2236 1031 2266 RECTORI
1055 2198 1384 2267 MONACHIENsl
1410 2224 1441 2266 ⁴.

410 2320 553 2363 Curet
574 2316 779 2373 superior
804 2323 851 2359 ut
873 2318 1202 2372 persuadeatur
1223 2317 1475 2372 monachis,
1500 2325 1551 2360 ut
1574 2317 1707 2361 faciat
1729 2332 1847 2361 vnus
1873 2325 1952 2361 aut

319 2398 412 2440 duo
434 2410 592 2439 eorum
614 2393 831 2439 exercitia
853 2400 1007 2437 nostra
1029 2393 1293 2450 spiritualia.

388 2511 397 2531 ¹
451 2509 510 2544 Ex
527 2495 751 2554 aichetypo,
773 2505 812 2541 in
829 2504 964 2540 codice
983 2505 1123 2542 Natal.
1142 2505 1267 2541 instr.
1294 2505 1448 2548 Germ„
1469 2506 1584 2542 unico
1603 2507 1748 2551 folioIo,
1767 2516 1830 2553 52,
1848 2506 1953 2554 quod

314 2567 416 2602 inter
439 2566 530 2602 folia
548 2575 589 2610 51
611 2571 652 2601 et
676 2564 722 2610 53
745 2570 923 2600 assutum
941 2570 1014 2600 est.
1034 2564 1105 2600 Illa
1123 2564 1201 2600 duo
1226 2566 1347 2600 verba
1365 2565 1482 2600 tituli:
1509 2566 1657 2601 rectori
1681 2565 1953 2602 monachiensi

313 2631 404 2661 sunt
421 2625 553 2661 addita
576 2636 598 2660 a
623 2623 753 2660 Natali
772 2635 888 2658 manu
907 2623 1072 2670 propria.
1094 2623 1242 2659 Eodem
1269 2623 1352 2659 fere
1377 2630 1552 2670 tempore
1577 2636 1622 2660 ac
1639 2625 1879 2672 praecedens
1897 2624 1952 2660 in·
1999 2672 2002 2674 q

314 2684 479 2720 structio
494 2685 591 2719 haec
605 2695 626 2719 a
638 2682 769 2718 Natali
786 2682 876 2717 data
895 2687 970 2725 est,
985 2682 1137 2718 scilicet
1152 2694 1286 2718 mense
1298 2683 1416 2729 Junio
1430 2683 1522 2719 anni
1540 2683 1742 2729 1566,eum
1760 2684 1953 2719 Monachii

313 2743 549 2790 inspectioni
569 2753 726 2789 operam
744 2746 919 2777 navaret.
942 2741 1004 2777 Cf.
1025 2742 1155 2787 Epist.
1177 2742 1226 2778 P.
1246 2742 1396 2784 Nadal,
1418 2743 1483 2789 111,
1506 2743 1586 2789 167,
1612 2742 1689 2778 181.

387 2803 402 2824 ²
453 2801 718 2837 Stevordiani.

1963 2564 1972 2581 ἱ

386 2862 401 2882 ³
452 2860 622 2896 Hoffaei.

385 2923 400 2942 ⁴
449 2921 508 2955 Ex
526 2920 753 2965 archetypo,
770 2928 794 2952 a
812 2917 855 2955 P.
877 2917 1008 2952 Natali
1027 2917 1248 2964 emendato,
1268 2917 1307 2953 in
1325 2918 1460 2954 codice
1479 2918 1617 2956 Natal.
1637 2921 1761 2955 instr.
1787 2919 1950 2962 Germ„

312 2984 479 3027 quatuor
497 2978 615 3021 foliis,
635 2977 693 3022 35,
715 2975 775 3020 36,
794 2985 839 3021 45
859 2981 899 3011 et
917 2976 962 3021 46
987 2975 1064 3022 (37,
1088 2975 1163 3021 38).
1189 2978 1296 3012 Inter
1320 2978 1416 3013 haec
1439 2988 1463 3023 4
1488 2978 1580 3014 folia
1598 2978 1672 3014 alia
1700 2983 1952 3015 monumenta

312 3043 445 3074 assuta
472 3036 630 3073 fuerunt
660 3048 682 3071 a
711 3035 800 3072 libri
830 3034 1106 3081 compositore.
1138 3035 1295 3072 Titulus
1326 3042 1387 3071 est
1418 3037 1568 3072 Natalis
1599 3049 1715 3072 manu
1750 3044 1949 3074 exaratus·

313 3098 493 3133 Alterum
512 3101 641 3131 exstat
655 3094 769 3141 hujus
788 3093 924 3140 scripti
943 3095 1220 3140 apographum,
1243 3095 1290 3130 ad
1309 3107 1482 3130 normam
1497 3096 1782 3132 correctionum
1800 3096 1951 3133 Natalis
2014 3098 2027 3106 ”’
