2098 3470
809 303 991 341 Norrru
1016 311 1207 340 comem:
1726 305 1774 351 87

182 405 240 453 fis
257 404 399 444 titulus
422 411 498 444 est:
526 405 716 455 «Quanto
739 406 778 444 a]
803 400 976 444 seniicio
1001 417 1054 443 en
1079 405 1117 443 el
1145 417 1321 444 comer.»
1349 405 1432 444 Ine.
1467 424 1480 438 ι
1495 417 1525 446 1.
1555 407 1731 457 Apareje
1759 409 1820 446 las

87 522 91 530 ‚
162 482 166 484 ’
186 474 384 515 mesas...»
407 477 506 516 Des.
526 476 590 516 «..2
609 478 635 515 a
652 477 754 516 Dios
772 489 824 516 en
843 489 915 515 sus
932 476 1121 526 pobres.›
1138 476 1383 515 Additiones
1398 477 1475 515 inc.
1494 478 1662 516 «Piense
1677 492 1702 528 y
1718 491 1819 518 con-

186 536 244 585 fie
261 558 314 584 en
332 547 498 586 Dios...»
518 547 616 601 Des.
638 564 701 587 ι...
719 548 853 587 auisar
871 548 1018 586 dello.»

267 617 355 656 Fol.
375 619 459 658 80r:
484 617 656 657 §Officio
670 619 738 657 del
751 619 1037 668 expertador.»
1054 619 1138 659 Ine.
1159 637 1174 651 ἰ
1187 629 1219 658 1.
1235 619 1380 658 Piense
1394 633 1420 669 y
1435 621 1570 658 consie
1585 633 1635 659 en
1652 621 1816 660 Dios...»

123 711 127 714 >
185 687 287 728 Dae.
308 705 370 729 «t...
389 690 427 727 el
445 690 705 729 vicerector.»
726 690 765 729 A
783 691 852 729 sol.
873 698 920 741 75
941 691 1168 739 hucusque,
1187 691 1334 728 eadem
1352 703 1509 738 manus,
1529 692 1688 730 diversa
1708 705 1731 730 a
1751 706 1819 730 su-

186 760 430 808 pedoribus,
454 767 635 811 apparet.
662 761 860 810 Ejusdem
877 762 1072 810 temporis
1096 767 1138 800 et
1161 763 1327 800 rationis
1345 774 1393 800 ac
1413 764 1642 811 superiores
1661 765 1737 801 hae
1757 776 1821 802 re-

127 835 130 838 ’
164 829 311 883 gulae
323 831 528 870 videntur.

266 901 301 940 F
303 902 357 941 ol.
377 902 562 950 811-82V‚
580 903 783 943 habentur
801 903 1079 942 ordinationes
1098 904 1304 952 antiquae,
1323 905 1376 942 de
1395 911 1593 954 tempore,
1612 918 1696 954 quo
1723 908 1820 944 scri-

185 971 286 1012 bere
304 972 515 1012 debebant
530 976 759 1024 superiores
777 975 1042 1025 collegiorum
1060 975 1297 1014 Lusitaniae
1315 976 1368 1014 ad
1388 977 1632 1026 generalem,
1652 980 1818 1026 provin-

187 1044 334 1083 cialem
352 1050 396 1083 et
412 1038 745 1084 commissarium.
764 1046 912 1084 Manus
930 1047 1084 1084 eadem
1094 1047 1212 1094 redit,
1227 1059 1334 1096 quae
1353 1048 1447 1085 solia
1467 1058 1490 1085 2
1495 1058 1647 1097 30-294
1667 1051 1821 1098 primae

176 1116 314 1164 partis
331 1117 455 1166 hujus
471 1117 628 1155 codicis
646 1118 817 1166 scripsit.
836 1118 921 1156 Ine.
943 1117 1125 1156 «Ordem
1145 1118 1199 1156 de
1217 1129 1407 1157 escreuer
1425 1131 1476 1156 ao
1496 1120 1626 1157 Padre
1642 1122 1818 1170 geral...»

186 1186 287 1228 Des.
307 1203 371 1226 «...
389 1199 445 1226 no
462 1188 533 1226 fim
551 1188 604 1226 de
622 1188 750 1236 Abril,
767 1188 927 1239 Agosto
947 1201 971 1226 e
988 1189 1256 1228 Dezembro.»

255 1257 357 1305 2F01.
377 1259 554 1310 83r-84r‚
575 1259 838 1299 «Cozinerom
858 1261 943 1314 Sul)
964 1262 1044 1299 hoc
1061 1261 1192 1308 titulo,
1212 1261 1414 1300 habentur
1437 1264 1629 1311 antiquae
1654 1265 1820 1314 regulae

189 1330 327 1380 coqui,
354 1330 407 1368 ab
437 1330 586 1368 eodem
613 1330 775 1370 librario
801 1332 989 1381 scriptae,
1014 1333 1084 1380 qui
1111 1333 1272 1383 regulas
1291 1335 1488 1383 emptoris
1508 1340 1549 1372 et
1567 1318 1664 1372 alias
1683 1336 1821 1384 plures

186 1402 386 1443 exaravit.
403 1401 488 1440 Ine.
509 1411 572 1440 «1.
592 1402 739 1440 Piense
756 1415 784 1452 y
803 1403 937 1441 confi'e
956 1415 1008 1441 en
1026 1403 1189 1444 Dios...»
1212 1404 1310 1443 Des.
1331 1405 1408 1442 alia
1422 1417 1558 1443 manu:
1580 1424 1639 1444 ι...
1654 1414 1822 1445 nuestro

140 1519 154 1526 Α
186 1469 320 1514 Sefior
335 1472 375 1510 le
391 1472 579 1511 manda.»

239 1542 243 1544 ’
266 1544 354 1582 Fol.
373 1543 559 1592 84r-85V,
577 1544 837 1583 continentur
853 1532 1058 1594 quaedam
1076 1548 1231 1584 monita
1249 1559 1324 1596 pro
1338 1548 1540 1598 magistris
1555 1549 1821 1599 collegiorum

186 1614 359 1663 Romae,
375 1615 511 1653 italico
530 1626 719 1653 sermone
737 1617 900 1668 scripta,
919 1628 1027 1665 quae
1044 1617 1309 1666 probabiliter
1331 1630 1426 1657 cum
1450 1620 1536 1657 aliis
1563 1620 1821 1658 documentis
1874 1614 1875 1617 ¹

58 1663 65 1694 1
129 1689 135 1695 “
185 1686 240 1724 ad
258 1685 454 1743 lusitanos
472 1686 595 1724 missa
614 1692 719 1734 sunt,
738 1698 814 1735 pro
832 1688 1118 1738 magistrorum
1141 1689 1378 1728 directione.
1403 1691 1551 1728 Manus
1570 1703 1593 1728 a
1618 1692 1822 1740 prioribus

185 1768 355 1807 prorsus
371 1756 545 1796 diversa.
565 1756 728 1796 Titulus
747 1763 810 1796 est
824 1748 1069 1808 hujusmodi:
1086 1759 1226 1798 «Auisi
1240 1773 1314 1810 per
1326 1763 1352 1799 li
1367 1763 1541 1800 mastri.»
1559 1763 1642 1801 Ine.
1668 1781 1677 1795 ι
1691 1774 1722 1802 1.
1738 1764 1770 1800 F
1773 1776 1819 1801 a-

38 1818 94 1882 J
123 1882 125 1884 Ι
184 1839 316 1867 ranno
333 1828 372 1866 al
389 1829 589 1877 principio
609 1829 715 1866 delle
733 1829 889 1868 lettioni
909 1830 935 1868 il
955 1831 1072 1881 signo
1092 1832 1198 1870 della
1218 1845 1403 1871 esoce...»
1430 1834 1527 1871 Des.
1558 1851 1618 1872 «...
1644 1836 1748 1872 virtu
1777 1842 1819 1873 et

186 1898 288 1938 boni
305 1900 515 1938 costumi.›
538 1900 599 1938 Ita
618 1900 768 1939 desinit
783 1901 924 1952 regula
943 1914 1017 1940 seu
1034 1905 1314 1964 paragraphus
1333 1905 1411 1944 16.a
1426 1906 1562 1943 addita
1583 1912 1677 1954 post
1698 1915 1821 1954 15310,

187 1981 296 2019 quae
313 1971 426 2020 ptius
443 1976 532 2009 erat
548 1971 688 2010 ultima
708 1978 750 2010 et
766 1973 879 2032 hisce
897 1973 1046 2012 verbis:
1072 1974 1205 2013 ‹Laus
1224 1975 1352 2014 Deo.»
1374 1977 1650 2016 claudebatur.

268 2039 358 2080 Fol.
378 2042 555 2092 87r-90r‚
575 2041 750 2082 «Officio
769 2044 836 2082 del
854 2045 1143 2094 despensero.»
1166 2047 1368 2094 Redeunt,
1394 2049 1471 2085 sub
1497 2049 1575 2086 hoc
1601 2050 1728 2096 titulo,
1754 2062 1820 2088 re-

43 2093 61 2142 f
75 2109 91 2141 ³-
117 2128 125 2142 ;
187 2111 309 2164 gulae
336 2114 599 2162 antiquiores,
626 2108 679 2152 ab
705 2115 854 2153 eodeni
878 2115 1055 2159 librario,
1079 2118 1149 2166 qui
1167 2119 1329 2168 regulas
1355 2120 1490 2167 coqui,
1515 2122 1720 2169 emptoris,
1741 2127 1818 2160 etc.

183 2184 384 2231 exaravit,
414 2189 460 2222 ut
491 2186 678 2234 superius
708 2186 898 2225 vidimus.
932 2187 1016 2226 Inc.
1053 2189 1146 2226 «En
1178 2190 1255 2227 dos
1288 2201 1407 2228 cosas
1439 2193 1681 2231 consiste...»
1719 2193 1818 2231 Des.

189 2270 253 2294 «..;
274 2244 395 2293 como
413 2255 452 2293 le
471 2256 561 2294 sera
580 2257 828 2296 ordenado.»
850 2258 1049 2307 Ejusdem
1066 2261 1261 2309 temporis
1280 2273 1328 2299 ac
1348 2262 1501 2300 formae
1520 2274 1569 2300 ac
1588 2265 1820 2312 superiores

103 2346 105 2348 -
184 2325 352 2381 regulae
370 2327 448 2364 hae
467 2338 559 2364 esse
577 2327 779 2375 videntur,
799 2334 841 2366 et
859 2341 883 2367 a
902 2331 1050 2368 nostris
1069 2331 1190 2381 longe
1210 2332 1409 2371 diversae.
1430 2333 1463 2370 F
1467 2333 1517 2371 ol.
1538 2343 1616 2379 9ov
1644 2335 1697 2371 nil
1724 2336 1819 2372 scri-

76 2398 82 2412 *
103 2391 106 2395 ’
156 2410 159 2411 ’
189 2399 308 2446 ptum
325 2397 463 2436 habet.

247 2468 356 2507 ·Fol.
375 2478 562 2520 91r093v,
581 2470 658 2508 sub
685 2471 765 2509 hoc
788 2471 916 2509 titulo:
946 2471 1112 2510 «Orden
1138 2474 1191 2511 de
1215 2475 1253 2512 la
1279 2476 1480 2512 maclou.»
1511 2476 1594 2513 duo
1620 2477 1822 2523 habentur

188 2523 452 2579 documenta.
472 2541 651 2580 Primum
669 2547 733 2580 est
749 2542 802 2580 de
822 2548 1007 2592 tempore
1027 2546 1199 2583 orationi
1219 2558 1242 2583 a
1262 2547 1428 2596 singulis
1449 2548 1568 2584 sociis
1588 2547 1820 2594 tribuendo,

189 2611 420 2649 secuudum
441 2623 582 2649 eorum
600 2613 784 2662 gradum.
805 2613 989 2652 Alterum
1009 2615 1062 2652 de
1080 2617 1236 2654 ratione
1256 2618 1410 2663 orandi,
1430 2618 1619 2655 Societati
1646 2630 1820 2655 consen-

83 2719 93 2732 0
186 2685 321 2720 tanea.
339 2682 476 2720 Ambo
496 2688 633 2721 autem
652 2696 676 2721 a
696 2684 739 2722 P.
760 2685 893 2723 Natali
913 2686 1099 2725 confecta
1118 2693 1160 2725 et
1177 2699 1271 2726 cum
1286 2689 1506 2737 Hispaniae
1521 2701 1567 2726 ac
1583 2690 1821 2727 Lusitaniae

67 2798 75 2801 ¹
110 2750 142 2794 ,’
186 2753 311 2791 sociis
329 2755 625 2792 communicata
645 2755 769 2793 fuisse
788 2761 943 2794 certum
962 2757 1135 2796 videtur.
1154 2746 1340 2805 Primum,
1357 2760 1467 2807 quod
1485 2760 1535 2796 ad
1553 2760 1821 2798 substantiam

63 2806 121 2879 a*
186 2824 342 2870 attinet,
360 2825 402 2862 in
420 2825 556 2862 multis
575 2837 669 2863 cum
687 2826 755 2863 illo
775 2828 980 2876 exemplo,
1006 2829 1119 2876 quod
1145 2830 1186 2866 in
1212 2831 1331 2878 hujus
1358 2830 1510 2867 codicis
1535 2831 1663 2878 prima
1691 2836 1821 2879 parte,

133 2895 154 2906 ·’
188 2887 233 2933 ff.
250 2904 279 2941 9
302 2905 365 2941 11,
386 2895 687 2944 descripsimus,
712 2899 948 2936 concordat.
975 2899 1159 2938 Alterum
1185 2907 1248 2938 est
1276 2903 1556 2950 apographum
1584 2902 1819 2940 documenti

189 2966 431 3015 autographi
458 2966 586 3014 ipsius
614 2967 782 3014 Natalis,
810 2969 923 3016 quod
952 2970 1125 3008 habetur
1142 2972 1183 3008 in
1214 2971 1306 3009 Cod.
1344 2971 1464 3009 Vatis.
1495 2970 1530 3016 ὁ,
1558 2972 1599 3009 ff.
1626 2982 1820 3022 404-407.

85 3044 119 3070 ;.1
189 3035 351 3083 Manus,
371 3037 499 3086 ignoti
517 3037 679 3084 librarii,
697 3043 740 3076 et
757 3050 781 3076 a
802 3039 1002 3088 prioribus
1022 3041 1182 3079 diversa
1202 3048 1274 3080 est.
1292 3043 1444 3079 Natalis
1460 3050 1594 3080 autem
1610 3044 1821 3091 scriptura,

191 3095 437 3154 nifallimur,
452 3113 514 3145 ter
527 3114 597 3146 aut
615 3114 759 3156 quater
776 3110 816 3147 in
837 3111 1191 3150 emendationibus
1213 3115 1469 3161 conspicitur.
1487 3114 1598 3151 Prior
1611 3127 1702 3162 pars
1720 3116 1820 3151 inci-
