2098 3470
319 254 389 300 528
790 255 943 292 erms
970 257 1213 292 Hmnonvm
1238 256 1389 293 NADAL

275 358 332 400 ad
363 356 722 400 aedificationem
755 356 977 401 attineant
1013 357 1306 413 spiritualem:
1333 358 1559 415 eligantur
1586 374 1694 403 vero
1729 361 1820 404 duo
1847 362 1903 405 ad

274 435 412 477 finem
447 447 475 488 4
507 433 755 487 mensium,
786 433 863 490 qui
896 434 1048 477 omnia
1081 433 1314 491 colligant.
1351 434 1436 478 His
1467 444 1616 479 autem
1652 437 1903 492 superiores

277 511 534 568 adiungant
556 521 673 566 quae
694 510 887 567 amplius
903 511 1134 565 nouerint3
1155 526 1270 567 quae
1288 511 1470 567 quidem
1488 512 1621 557 etiam
1645 513 1729 568 ipsi
1745 514 1902 557 eadem

275 588 454 632 ratione
477 596 522 632 et
543 587 782 646 diligentia
798 589 1096 631 annotabunt.

372 667 549 710 Dentur
565 664 834 709 scribendae
853 664 1205 720 quadrimestres
1226 665 1377 718 alicui,
1403 666 1478 722 qui
1501 674 1547 710 et
1569 666 1735 710 iudicio
1757 668 1903 711 valeat

275 750 321 788 et
350 743 568 786 facultate
595 741 791 794 dicendi,
816 755 893 785 eas
921 756 1028 785 vero
1059 755 1237 797 semper
1263 743 1474 786 emendet
1502 743 1594 787 445
1622 743 1840 800 superior,
1865 744 1901 787 si

274 820 385 876 quid
408 825 616 863 occurrat
638 819 987 870 emendandum,
1013 825 1256 874 antequam
1279 818 1531 863 mittantur.

363 896 432 941 Sit
454 895 618 951 aliquis
646 895 901 938 admonitor
925 902 969 939 et
998 908 1175 947 censor,
1199 909 1308 938 num
1337 895 1504 939 scribat
1531 897 1660 940 statis
1687 897 1901 954 tempori-

275 975 362 1017 bus
384 971 737 1024 commissarius,
762 971 1068 1028 prouincialis,
1093 978 1258 1024 rector,
1284 980 1330 1016 et
1351 987 1508 1015 eorum
1536 974 1834 1018 consultores.
1859 975 1901 1018 Is

274 1064 383 1094 vero
414 1049 516 1103 erit,
542 1048 619 1105 qui
648 1055 717 1093 est
744 1048 909 1103 alioqui
941 1047 1121 1090 illorum
1149 1048 1332 1104 quidem
1369 1049 1640 1103 admonitor,
1665 1051 1899 1094 consulto-

274 1142 373 1170 rum
405 1140 522 1169 vnus
552 1127 711 1179 Pater,
742 1124 820 1181 qui
847 1139 903 1167 ex
932 1139 1088 1168 eorum
1116 1139 1306 1169 numero
1334 1124 1392 1168 sit
1420 1126 1687 1183 designatus
1709 1142 1735 1170 a
1761 1141 1899 1184 supe·

275 1204 408 1247 riore.

360 1282 484 1324 Cura
511 1279 780 1324 adhibeatur
808 1278 1004 1334 diligens
1029 1285 1094 1331 vt,
1120 1293 1236 1333 quae
1257 1277 1304 1320 in
1326 1278 1468 1322 literis
1495 1279 1899 1336 quadrimestribus

272 1364 514 1402 narrantur
536 1357 592 1399 ad
615 1354 991 1406 aedificationem,
1011 1355 1185 1398 nullum
1209 1354 1393 1397 omnino
1413 1356 1608 1410 laedant,
1634 1357 1897 1412 praesertim

272 1435 348 1478 vbi
385 1437 584 1487 fructus,
616 1432 694 1488 qui
722 1439 791 1476 est
827 1446 883 1474 ex
914 1431 1278 1475 confessionibus
1314 1441 1640 1488 consequutus,
1670 1441 1894 1479 narratur.

271 1513 388 1556 Nam
411 1511 476 1554 sic
498 1517 569 1554 sat
590 1510 676 1553 erit
696 1517 730 1562 ³,
756 1508 793 1552 si
815 1523 869 1552 ea
890 1508 1100 1552 dicantur
1121 1508 1165 1550 in
1195 1508 1474 1562 vniuersum,
1499 1517 1543 1552 et
1565 1525 1681 1566 quae
1708 1511 1765 1554 ad
1794 1511 1895 1554 nul-

271 1590 366 1632 lum
389 1587 547 1632 referri
570 1586 757 1644 possint.

358 1665 427 1710 Sit
449 1671 574 1708 certa
595 1663 709 1706 ratio
731 1662 996 1714 constituta,
1023 1663 1157 1714 vnde,
1182 1663 1255 1719 [et]
1287 1664 1344 1706 ad
1375 1665 1500 1719 quod
1530 1664 1776 1721 collegium
1807 1665 1896 1708 sint

270 1742 646 1786 transmittendae
668 1740 824 1784 literae
853 1739 1222 1795 quadrimestres,
1247 1746 1290 1784 et
1314 1754 1479 1796 magna
1501 1755 1609 1784 cura
1630 1741 1897 1785 adhibeatur

267 1836 326 1865 ne
349 1819 522 1863 diutius
543 1821 760 1862 haereant
782 1818 828 1859 in
851 1831 943 1860 uno
966 1816 1175 1873 collegio,
1201 1816 1299 1861 siue
1320 1817 1421 1860 illae
1443 1817 1533 1860 sint
1555 1817 1892 1871 exscribendae,

268 1897 391 1953 quod
411 1897 468 1940 de
490 1895 632 1939 literis
654 1894 816 1938 indicis
838 1893 936 1938 fieri
959 1894 1090 1947 solet,
1115 1894 1214 1938 siue
1236 1900 1412 1936 tantum
1437 1895 1753 1951 perlegendae.

357 1973 700 2030 Negligendum
728 1986 820 2014 non
850 1978 918 2014 est
958 1978 1005 2013 vt
1034 1978 1261 2013 rectorum
1299 1971 1540 2015 consiliarii
1575 1971 1893 2027 prouincialem

268 2051 542 2095 admoneant
566 2063 656 2105 qua
677 2048 853 2091 ratione
870 2046 1220 2091 constitutiones
1234 2047 1326 2092 446
1345 2061 1397 2090 ac
1414 2048 1601 2104 regulae
1617 2055 1796 2092 nostrae
1812 2050 1894 2092 ob-

268 2133 527 2179 seruentur,
553 2133 599 2171 et
621 2125 1001 2181 quemadmodum
1026 2124 1307 2180 gubernetur
1329 2124 1586 2180 collegium,
1607 2132 1654 2170 et,
1674 2139 1894 2180 quaenam

267 2203 379 2247 fiant
393 2202 768 2260 dispensationeS.

358 2282 547 2324 Praeter
570 2277 822 2335 praedictas
844 2277 1103 2334 diligentias
1125 2277 1429 2321 constituatur
1450 2293 1567 2321 vnus
1595 2293 1652 2322 ex
1679 2279 1894 2322 fratribus

272 2355 656 2414 diligentioribus,
678 2369 757 2411 per
775 2369 908 2409 quem
927 2361 1057 2397 curet
1075 2361 1222 2396 rector
1239 2354 1335 2396 dari
1356 2354 1523 2406 literas,
1544 2356 1614 2397 vel
1637 2369 1752 2410 quae
1773 2355 1893 2398 domi

267 2433 548 2486 scribuntur,
574 2433 646 2476 vel
669 2446 784 2487 quae
811 2430 1090 2486 recipiuntur
1113 2430 1200 2473 alio
1222 2430 1486 2485 mittendae,
1510 2440 1556 2474 et
1583 2440 1632 2474 vt
1660 2432 1761 2476 illae
1782 2431 1800 2457 b
1822 2447 1893 2476 re·

268 2510 511 2567 cipiantur,
537 2524 652 2565 quae
675 2509 732 2552 ad
753 2522 836 2550 nos
858 2507 1116 2549 mittuntur.

361 2590 583 2633 Seruetur
605 2585 769 2628 modus
791 2583 1017 2627 scribendi
1039 2584 1173 2626 datus
1194 2598 1220 2626 a
1238 2586 1373 2628 Patre
1397 2593 1553 2628 nostro
1575 2585 1792 2641 generali;
1814 2600 1893 2630 ve-

267 2681 367 2710 rum
389 2668 477 2708 hoc
501 2678 623 2707 nunc
646 2661 693 2705 in
715 2659 973 2717 particulari
996 2659 1208 2714 occurrit,
1234 2667 1282 2702 vt
1305 2660 1350 2703 in
1368 2661 1524 2704 eadem
1543 2662 1777 2717 prouincia
1799 2677 1887 2706 non

268 2742 492 2786 scribatur
514 2756 570 2786 ex
592 2753 682 2782 vno
704 2738 761 2781 ad
785 2737 906 2780 aliud
939 2736 1183 2793 collegium
1216 2736 1554 2792 decimoquinto
1587 2753 1770 2794 quoque
1798 2738 1887 2791 die,

265 2827 316 2863 vt
337 2820 529 2871 solebat3
556 2817 636 2860 sed
657 2816 766 2859 satis
787 2814 871 2857 erit
893 2813 932 2856 si
953 2814 1093 2857 semel
1115 2813 1160 2855 in
1184 2828 1355 2859 mense.

337 2991 355 3007 a
404 2982 492 3015 erat
506 2989 578 3013 ms.
631 2978 696 3004 —b
723 2975 791 3011 ille.
805 2985 877 3011 ms,
