2098 3470
272 251 341 288 520
741 243 898 281 Purus
921 245 1164 280 Hmnonvm
1190 244 1340 280 NADAL

224 343 467 400 praecipue
487 343 526 388 si
548 343 790 400 aliquoties
824 345 943 390 idem
966 344 1128 402 egerit,
1154 345 1305 388 statim
1337 345 1558 390 iubebunt
1580 348 1637 390 ad
1659 362 1708 392 se
1729 348 1853 401 ferri,

226 427 273 463 et
296 420 526 464 remittant
541 421 848 477 poenitentem
866 423 921 465 ad
944 421 1238 478 superiorem;
1258 422 1331 467 vel
1348 422 1611 467 confessarii
1634 424 1855 481 accipient

227 512 253 541 a
274 497 494 553 superiori
516 499 777 543 facultatem
800 497 924 541 illum
947 498 1229 550 absoluendi,
1251 514 1343 543 rem
1361 514 1469 544 vero
1492 499 1537 542 in
1559 501 1659 543 loco
1682 515 1765 544 suo
1781 515 1856 546 se·

225 581 352 618 creto
372 575 585 618 referent.
611 576 748 631 Quod
769 575 806 618 si
830 589 913 618 nec
944 575 1008 618 sic
1031 574 1212 630 quidem
1245 576 1394 619 ablata
1417 590 1488 619 res
1518 577 1850 631 restitueretur,

227 651 329 694 addi
354 650 519 707 poterit
539 659 589 694 vt
615 652 878 696 confessarii
915 651 1170 708 intelligant
1198 666 1256 695 ex
1283 656 1372 698 428
1401 653 1685 697 confessione
1713 653 1751 697 si
1773 654 1856 697 ali-

229 728 330 784 quis
351 728 464 772 sciat
485 728 586 784 quis
606 728 834 785 acceperit
862 744 955 773 rem
984 729 1121 771 illam:
1149 737 1243 771 tum
1274 728 1427 774 iubeat
1455 729 1566 772 illud
1595 729 1851 775 renunciari

229 805 315 849 sibi
337 813 466 848 extra
487 805 833 858 confessionem,
864 806 901 847 si
931 806 1042 847 illud
1072 805 1243 848 sciatur
1265 813 1392 849 extra
1421 807 1767 860 confessionem;
1800 808 1856 850 ad

229 882 275 926 id
291 882 412 926 enim
435 889 585 939 potest
607 882 711 939 cogi
733 898 789 927 ex
811 881 1151 926 constitutione.

317 960 538 1012 Tandem,
563 973 703 1015 quum
727 974 798 1003 res
821 959 879 1002 sit
901 958 1196 1003 intolerabilis
1225 960 1394 1004 habere
1425 959 1618 1016 aliquem
1650 960 1857 1006 incolle-

227 1036 320 1093 gio,
350 1036 428 1092 qui
455 1051 548 1080 non
574 1036 844 1080 confiteatur
871 1043 1110 1091 peccatum
1141 1036 1345 1088 mortale,
1371 1038 1493 1091 quod
1519 1038 1672 1090 habet,
1697 1038 1772 1080 vel
1799 1038 1858 1081 ab

227 1129 282 1159 eo
305 1128 394 1157 non
416 1114 693 1166 absoluatur,
718 1120 763 1156 et
793 1121 944 1155 tamen
981 1111 1168 1168 recipiat
1190 1126 1366 1156 sacram
1391 1113 1730 1168 eucharistiam,
1750 1129 1858 1171 pos-

227 1199 296 1236 set
319 1206 392 1236 res
416 1198 510 1234 tota
532 1205 557 1234 a
579 1189 817 1246 designato
839 1190 1002 1232 idoneo
1025 1191 1160 1233 Patre
1189 1204 1244 1232 ex
1267 1190 1545 1246 praescripto
1574 1191 1762 1235 rectoris
1785 1193 1859 1235 vel

226 1269 284 1313 ab
306 1283 361 1313 eo
383 1275 557 1311 rectore
581 1267 758 1323 publice
780 1266 941 1322 exponi
964 1266 1010 1308 in
1032 1266 1388 1323 congregatione
1412 1268 1617 1320 fratrum,
1643 1275 1689 1311 et
1711 1268 1858 1311 notari

227 1345 459 1398 acerrime,
499 1351 595 1387 tum
633 1342 878 1400 significari
915 1343 1012 1387 fieri
1045 1342 1205 1386 missas
1242 1351 1287 1387 et
1325 1344 1550 1388 orationes
1587 1351 1636 1387 vt
1675 1345 1860 1388 tollatur

224 1422 336 1465 illud
357 1422 525 1465 malum
545 1422 602 1466 de
631 1420 778 1466 medio
806 1419 947 1463 nostri
977 1421 1113 1477 (quod
1144 1434 1302 1464 reuera
1334 1421 1444 1476 fiet),
1476 1422 1524 1465 et'
1557 1421 1775 1466 liberetur
1801 1423 1858 1464 ab

227 1499 302 1543 illa
325 1506 452 1556 peste
478 1505 634 1542 sancta
661 1497 974 1554 congregatio.
1007 1497 1194 1541 Petatur
1221 1512 1329 1540 vero
1357 1497 1466 1540 nihil
1498 1498 1621 1541 aliud
1646 1512 1782 1554 quam
1805 1505 1855 1541 vt

233 1583 408 1620 secreto
429 1590 503 1620 res
525 1574 804 1619 restituatur.
831 1572 879 1618 Si
902 1573 1011 1629 quid
1034 1580 1268 1630 praeterea
1290 1574 1348 1616 sit
1369 1575 1623 1629 agendum,
1637 1589 1708 1619 res
1729 1589 1858 1631 prae-

224 1668 330 1697 sens
351 1651 582 1695 indicabit.

316 1730 627 1780 Confessores,
654 1728 691 1771 si
718 1727 764 1770 id
795 1727 948 1784 exigat
987 1726 1251 1781 necessitas,
1283 1735 1512 1783 poterunt,
1543 1743 1633 1784 qua
1661 1730 1771 1772 hora
1808 1728 1855 1771 in

225 1806 418 1851 ecclesia
438 1809 524 1852 429
552 1805 747 1847 habetur
774 1805 949 1857 concio,
975 1804 1130 1847 audire
1159 1804 1468 1849 confessiones
1495 1805 1597 1848 loco
1625 1805 1682 1848 ad
1705 1805 1750 1847 id
1778 1818 1856 1848 ac-

222 1883 524 1936 commodato,
548 1897 638 1925 non
662 1881 738 1924 vbi
755 1882 946 1924 habetur
967 1881 1126 1924 concio
1148 1889 1181 1924 ³.

313 1963 535 2004 Poterunt
557 1958 700 2002 nostri
717 1966 929 2002 externos
946 1958 1246 2014 poenitentes,
1266 1957 1400 2001 etiam
1424 1958 1470 2000 in
1488 1957 1586 2014 ipso
1604 1958 1760 2002 mortis
1776 1973 1851 2002 ar—

224 2038 381 2091 ticulo,
406 2035 562 2079 audire
584 2043 629 2079 et
658 2036 909 2088 absoluere3
942 2049 1033 2077 non
1062 2042 1213 2078 tamen
1253 2034 1358 2079 licet
1396 2034 1481 2077 illis
1518 2042 1857 2078 sacrosanctum

221 2113 526 2159 eucharistiae
548 2119 880 2156 sacramentum
904 2111 1230 2164 administrare,
1252 2112 1337 2154 nisi
1360 2119 1541 2168 Vrgeret
1560 2113 1753 2155 fortasse
1776 2126 1855 2156 ne-

227 2191 428 2236 cessitas.

314 2270 422 2312 Non
443 2267 528 2312 erit
549 2281 663 2323 opus
684 2273 734 2308 vt
761 2266 834 2309 ille
863 2266 1086 2321 petiturus
1115 2265 1344 2308 licentiam
1374 2266 1431 2307 ab
1460 2264 1650 2309 ecclesia
1671 2265 1856 2307 domum

226 2362 275 2391 se
297 2347 516 2397 conferat,
552 2343 645 2399 qui,
677 2344 784 2385 dum
813 2332 1174 2399 confessionibus
1197 2342 1434 2385 audiendis
1461 2342 1538 2386 dat
1570 2356 1769 2398 operam,
1801 2341 1856 2385 si-

225 2438 369 2481 gnum
392 2421 563 2479 primae
586 2434 767 2464 mensae
789 2419 935 2473 audit;
962 2434 1065 2463 nam
1087 2419 1196 2463 satis
1217 2419 1478 2462 censebitur
1508 2419 1695 2475 regulae
1717 2418 1854 2463 fecis-

225 2516 290 2554 se,
315 2500 352 2543 si
374 2500 436 2543 ita
459 2513 552 2542 rem
585 2512 689 2541 cum
719 2496 978 2552 poenitente
1008 2496 1297 2553 disposuerit,
1324 2504 1370 2539 vt
1393 2496 1583 2539 liberum
1613 2495 1673 2538 sit
1700 2497 1758 2538 ad
1786 2510 1856 2540 se·-

223 2578 420 2621 cundam
444 2589 644 2618 mensam
673 2573 960 2629 tempestiue,
986 2574 1056 2616 vel
1078 2580 1200 2631 certe
1230 2587 1321 2615 non
1353 2573 1595 2615 admodum
1629 2571 1707 2615 diu
1731 2580 1853 2628 post,

223 2653 488 2705 conuenire,
514 2650 776 2708 praesertim
799 2650 836 2692 si
859 2650 1107 2694 necessitas
1130 2651 1220 2693 hoc
1242 2649 1411 2705 exigat.
1730 2703 1731 2706 Ἰ
1813 2694 1816 2699 ,

314 2729 662 2775 Contessoribus
685 2726 886 2784 quotidie
902 2728 1180 2770 concedatur
1197 2727 1354 2770 saltem
1372 2741 1461 2769 vna
1478 2727 1604 2778 hora,
1625 2739 1759 2780 quam
1775 2724 1856 2767 im·

225 2809 427 2866 pendant
455 2805 617 2850 studiis
645 2818 832 2847 casuum
863 2803 1167 2846 conscientiae
1197 2803 1267 2847 vel
1299 2802 1397 2846 aliis
1433 2803 1552 2845 vnde
1582 2802 1743 2846 melius
1774 2815 1858 2845 suo

220 2885 374 2930 officio
398 2883 529 2940 fungi
550 2881 738 2939 possint;
764 2887 809 2923 et
832 2880 918 2922 nisi
939 2880 1186 2924 necessitas
1213 2879 1412 2936 requirat
1440 2894 1530 2922 non
1560 2878 1778 2934 vulgaris,
1803 2892 1858 2922 ea

292 3063 310 3080 a
359 3062 381 3096 4
401 3052 477 3087 ult.
500 3050 622 3086 verba
638 3047 768 3085 addita
786 3046 995 3094 posterius.
