2098 3470
323 231 392 275 562
796 233 950 270 Purus
977 233 1223 269 Hmnonnn
1250 231 1400 268 NADAL

364 331 467 375 Non
504 332 610 384 licet
640 333 807 377 nostris
835 335 1119 378 commodato
1152 346 1529 389 quarumcunque
1560 334 1678 378 inter
1709 350 1810 382 sese
1846 337 1911 380 vti

276 422 444 462 rerum,
466 409 540 454 vel
556 409 816 464 donatione,
837 411 947 454 citra
966 410 1185 454 maiorum
1204 423 1476 453 consensum
1496 411 1820 467 vel‘specialem
1836 414 1911 459 vel

274 485 554 539 generalem,
579 500 665 531 nec
688 487 923 544 epistolam
946 487 1063 531 inter
1085 500 1150 538 se,
1176 501 1235 530 ne
1256 485 1302 529 in
1324 487 1482 530 eodem
1511 487 1694 543 quidem
1716 489 1909 546 collegio

274 561 470 607 mittere.

358 640 436 683 Illa
454 640 628 696 regula,
649 655 766 696 quae
782 642 840 684 de
856 640 1084 684 mundicia
1100 639 1187 683 loci
1205 640 1366 684 secreti
1383 641 1598 696 loquitur,
1619 656 1709 685 non
1727 643 1909 700 legatur

268 715 313 759 in
336 716 591 769 refectorio,
617 718 698 760 sed
719 718 884 774 scripta
907 725 1101 774 ponatur
1123 717 1170 759 in
1193 716 1280 760 illis
1301 717 1427 760 locis.

354 793 448 849 Qui
470 793 619 848 tangit
640 794 834 851 aliquem
857 803 1014 837 contra
1036 795 1257 851 regulam,
1289 801 1399 847 etc.,
1425 795 1561 839 debet
1590 797 1742 841 facere
1771 811 1902 841 suam

264 869 604 926 poenitentiam;
644 871 722 927 qui
752 887 860 915 vero
892 879 958 915 est
994 879 1160 923 tactus,
1196 878 1241 916 et
1272 886 1362 914 non
1395 879 1582 916 accusat
1615 879 1900 930 tangentem,

263 947 470 992 eandem.
498 949 620 991 Vsus
642 955 794 992 autem
817 956 902 1000 est,
928 956 977 990 vt
999 948 1056 990 sit
1078 963 1167 992 vna
1189 947 1426 1004 disciplina
1442 948 1488 991 in
1505 949 1762 1004 refectorio,
1782 964 1904 1006 quae

262 1024 394 1068 duret
415 1039 496 1081 per
518 1039 657 1067 vnum
691 1027 786 1068 «De
816 1024 1099 1081 profundis»,
1130 1025 1202 1067 vel
1231 1025 1371 1069 semel
1398 1024 1600 1070 ieiunare
1630 1025 1679 1068 in
1707 1041 1824 1082 pane
1855 1034 1903 1071 et

260 1115 392 1156 aqua.
419 1102 567 1157 Culpa
588 1116 695 1145 vero
718 1109 986 1158 exponetur,
1012 1101 1048 1144 si
1071 1100 1278 1145 videatur
1299 1101 1478 1145 rectori.
1513 1101 1698 1158 Alioqui
1730 1103 1902 1159 poterit

263 1177 351 1220 dici
373 1178 419 1221 in
443 1192 612 1234 genere
634 1192 715 1235 pro
737 1178 943 1222 admissis
966 1178 1127 1234 culpis.

348 1255 684 1298 Declarandum
713 1270 812 1299 esse
841 1254 1062 1311 superiori
1090 1254 1134 1296 id
1157 1255 1280 1310 quod
1307 1269 1426 1298 vnus
1452 1254 1537 1298 scit
1563 1255 1621 1300 de
1642 1255 1737 1299 alio
1764 1263 1893 1301 extra
1958 1278 1960 1280 v

257 1331 608 1384 confessionem,
634 1346 725 1375 non
758 1332 817 1374 ita
842 1331 1126 1387 intelligitur,
1152 1338 1200 1373 vt
1222 1338 1460 1387 propterea
1491 1331 1576 1377 525
1610 1346 1767 1376 omnes
1804 1332 1896 1376 sint

256 1421 467 1452 censores
489 1415 535 1451 et
555 1409 748 1464 syndici,
774 1410 854 1452 sed
876 1409 967 1451 duo
989 1408 1063 1451 hic
1085 1423 1111 1451 a
1133 1408 1264 1451 nobis
1286 1408 1593 1464 requiruntur:
1613 1409 1825 1465 primum,
1848 1418 1899 1452 vt

255 1484 446 1541 quilibet
467 1485 526 1527 sit
546 1492 731 1541 paratus
753 1486 809 1529 ad
831 1485 1073 1528 dicendum
1096 1486 1153 1527 de
1180 1485 1277 1528 aliis
1306 1484 1527 1541 superiori
1555 1485 1592 1528 si
1619 1485 1729 1541 quid
1761 1486 1890 1538 sciat,

254 1562 438 1616 quando
475 1562 849 1618 interrogabitur.
892 1561 959 1604 2.⁰
997 1561 1046 1606 Si
1084 1561 1196 1604 sciat
1228 1576 1322 1606 rem
1353 1561 1544 1605 alicuius
1576 1562 1811 1616 momenti,
1844 1571 1894 1606 vt

253 1652 440 1694 grauem
464 1638 659 1694 aliquam
683 1639 994 1690 tentationem,
1021 1645 1099 1681 aut
1115 1637 1311 1693 aliquam
1329 1638 1462 1681 aliam'
1478 1653 1588 1691 rem,
1609 1653 1742 1695 quam
1762 1639 1893 1696 cogi-—

253 1722 368 1758 taret
395 1723 441 1759 et
468 1715 688 1759 iudicaret
720 1716 764 1758 in
798 1716 992 1759 Domino
1026 1730 1125 1759 esse
1156 1715 1377 1771 superiori
1407 1715 1694 1760 indicandam
1725 1717 1887 1761 eodem

251 1800 442 1845 secreto,
467 1800 516 1835 vt
539 1792 698 1836 melius
721 1807 853 1836 suurn
878 1793 1062 1835 fratrem
1086 1791 1243 1835 iuuare
1272 1792 1428 1848 possit,
1459 1799 1509 1835 vt
1535 1807 1636 1836 eam
1666 1792 1892 1849 superiori
1939 1799 1945 1809 '

249 1869 464 1929 declaret.
490 1870 560 1913 Ne
582 1876 733 1912 autem
756 1869 801 1911 in
824 1871 910 1912 hac
934 1884 997 1921 re,
1023 1883 1142 1924 quae
1158 1875 1228 1912 est
1243 1868 1528 1925 grauissima,
1548 1868 1649 1924 quis
1666 1883 1749 1912 suo
1765 1868 1888 1912 iudi-

249 1946 318 1988 cio
351 1946 554 1989 fortassis
576 1942 840 2002 decipiatur,
866 1954 1017 1989 vtetur
1039 1945 1317 1998 confessarii,
1343 1946 1414 1989 vel
1442 1945 1631 1989 alicuius
1653 1961 1679 1997 e
1701 1947 1888 1989 consul-

247 2023 422 2065 toribus
445 2022 632 2066 rectoris
654 2031 829 2067 secreto
853 2023 1059 2074 consilio,
1085 2022 1254 2065 nullius
1275 2022 1453 2078 prodito
1475 2022 1672 2076 nomine,
1697 2029 1743 2066 et
1763 2021 1884 2066 illius

247 2107 467 2154 sequetur
489 2099 777 2143 sententiam.

335 2176 424 2220 Vbi
453 2176 623 2220 mentio
651 2177 702 2219 fit
729 2178 785 2221 de
814 2176 1120 2233 superioribus
1150 2176 1196 2219 in
1223 2175 1384 2232 plurali
1413 2190 1618 2230 numero,
1644 2178 1738 2220 fere
1759 2190 1886 2220 com-

243 2253 538 2309 prehenditur
566 2253 701 2296 etiam
732 2253 949 2296 minister:
977 2253 1052 2295 vbi
1074 2253 1335 2309 simpliciter
1357 2253 1401 2295 in
1431 2253 1651 2309 singulari
1673 2267 1883 2306 numero,

246 2338 421 2374 tantum
445 2330 499 2383 is,
526 2330 603 2385 qui
627 2338 805 2386 praeest
829 2345 881 2375 eo
905 2331 949 2372 in
973 2331 1073 2373 loco
1090 2330 1189 2373 aliis
1211 2330 1436 2373 omnibus.

332 2409 529 2463 Quando
558 2407 896 2463 interrogantur
925 2408 1083 2460 nostri,
1114 2414 1163 2449 vt
1191 2406 1312 2449 dicat
1339 2406 1528 2461 quilibet
1555 2420 1662 2450 suas
1691 2405 1881 2449 inclina-

242 2485 404 2537 tiones,
437 2499 529 2527 non
557 2484 642 2528 527
671 2483 941 2539 intelligitur
970 2485 1026 2527 de
1055 2484 1230 2526 actibus
1258 2482 1418 2527 elicitis
1446 2498 1502 2527 ex
1523 2483 1776 2536 voluntate,
1801 2483 1884 2526 sed

242 2568 416 2604 tantum
441 2562 498 2605 de
519 2559 888 2619 inclinationibus
911 2560 1207 2612 naturalibus,
1234 2560 1573 2616 qualescunque
1596 2558 1704 2612 sint,
1731 2554 1811 2603 aut
1826 2559 1884 2602 de

239 2637 440 2693 reliquiis
462 2637 843 2681 consuetudinum
868 2645 972 2680 ante
996 2644 1215 2688 actarum,
1236 2644 1314 2679 aut
1330 2635 1675 2692 praeteritorum
1693 2642 1881 2678 actuum

237 2715 502 2767 voluntatis,
544 2729 599 2758 ex
635 2714 801 2769 quibus
838 2713 1031 2756 sentitur
1069 2713 1316 2756 inclinatio:
1353 2714 1612 2769 exploratur
1644 2720 1882 2768 praeterea

234 2791 444 2848 aptitudo
468 2792 526 2834 ad
548 2793 635 2834 hoc
656 2791 728 2834 vel
751 2791 807 2832 ad
830 2790 957 2835 illud.
983 2791 1115 2833 Hanc
1139 2797 1290 2834 autem
1312 2789 1651 2834 inclinationem
1667 2789 1741 2833 vel
1763 2788 1878 2844 apti-

237 2869 440 2913 tudinem
464 2868 599 2913 debet
620 2867 819 2910 iudicare
837 2867 1057 2922 superior,
1079 2882 1136 2909 an
1155 2866 1212 2909 sit
1229 2866 1555 2918 mortificanda,
1577 2881 1634 2908 an
1650 2865 1876 2918 iuuanda‚

235 2951 283 2987 vt
306 2945 351 2987 in
374 2945 583 2988 omnibus
606 2944 819 2987 iuuentur
843 2943 984 2986 nostri
999 2944 1065 3006 *ad
1087 2942 1413 2999 perfectionem
1437 2941 1482 2984 in
1505 2941 1719 2986 Domino.

327 3023 503 3066 Omnes
533 3022 734 3065 habeant
763 3021 945 3076 regulas
975 3020 1211 3076 generales
1234 3026 1279 3064 et
1300 3033 1582 3072 communes,
1618 3025 1663 3063 et
1700 3017 1881 3061 vltimas
