2098 3470
807 263 1238 302 Insraucnonns—61
1725 271 1796 309 429

299 368 639 411 Authoritatem
662 367 837 410 dandae
860 365 1086 410 facultatis
1108 365 1166 408 ad
1187 364 1451 408 scribendas
1471 365 1627 409 literas
1648 365 1734 408 sibi
1763 379 1849 409 ex-

171 454 174 457 ’
213 443 512 503 traordinarie
535 444 802 496 reseruabit,
821 442 1047 486 ordinarie
1069 457 1179 486 vero
1204 441 1330 484 dabit
1351 449 1516 485 rector.

302 522 453 564 Tanto
476 522 690 578 pauciora
710 521 795 564 sibi
817 519 1086 572 reseruabit,
1107 526 1278 574 quanto
1299 518 1470 563 maiore
1499 519 1686 570 talento,
1713 518 1846 562 habi-

212 597 341 643 litate
362 607 407 643 et
429 598 595 654 agendi
618 599 792 642 ratione
814 597 1044 654 praeditus
1068 596 1204 641 fuerit
1226 603 1392 639 rector.

302 676 407 718 Non
429 676 508 718 fiat
529 689 740 736 annonae
761 667 960 731 prouisio
982 688 1148 730 magna
1174 673 1223 716 in
1251 673 1522 729 quantitate,
1549 673 1634 716 nisi
1662 687 1718 716 ex
1748 673 1849 716 eius

213 765 459 795 consensu.

303 827 427 872 Nihil
449 828 730 882 aedificetur,
755 828 842 872 nisi
864 829 922 872 de
942 827 1040 872 eius
1061 827 1312 871 voluntate.
1691 882 1702 894 .

302 906 417 959 Nec,
441 905 529 948 nisi
550 919 606 948 eo
628 905 817 958 sciente,
842 904 1120 962 poenitentia
1141 905 1274 948 detur
1290 904 1668 948 extraordinaria.

264 973 267 975 ’
302 982 435 1037 Quae
463 997 570 1025 vero
599 981 757 1025 haberi
783 983 948 1026 debeat
974 981 1344 1039 extraordinaria,
1376 997 1433 1026 ex
1464 981 1606 1036 ipsius
1636 981 1853 1037 pendebit

218 1058 405 1102 iudicio.

305 1135 380 1181 158
402 1139 589 1180 Praeter
611 1138 743 1189 haec,
769 1136 986 1192 quicquid
1006 1136 1171 1181 rectori
1191 1135 1421 1179 videbitur
1449 1135 1632 1194 difficile
1662 1145 1740 1178 aut
1769 1137 1855 1178 du—

215 1213 358 1266 bium,
389 1221 468 1256 aut
496 1213 713 1258 momenti
740 1213 937 1266 maioris,
967 1213 1014 1256 id
1040 1213 1138 1270 ipse
1164 1213 1423 1256 inconsulto
1452 1213 1857 1268 superintendente

215 1304 308 1333 non
330 1298 455 1347 aget.

304 1368 439 1423 Quae
459 1367 813 1411 extraordinarie
836 1367 922 1410 sibi
943 1368 1325 1424 superintendens
1341 1367 1612 1419 reseruabit,
1633 1382 1687 1411 ea
1704 1375 1855 1419 erunt,

217 1457 334 1499 quae
354 1443 531 1488 videret
559 1459 653 1487 non
680 1458 765 1487 suo
793 1444 951 1488 ordine
980 1443 1208 1500 progredi,
1239 1452 1318 1487 aut
1346 1444 1516 1500 exiguo
1548 1458 1655 1486 cum
1688 1444 1857 1495 fructu;

216 1519 370 1576 itaque
392 1521 713 1565 reformatione
734 1535 886 1577 egere.
920 1521 1006 1564 His
1033 1520 1291 1564 immediate
1322 1521 1558 1564 intendere
1589 1522 1644 1564 ad
1677 1527 1860 1577 tempus

217 1597 405 1642 deberet
425 1598 482 1639 ad
505 1597 883 1654 gubernationem
898 1597 1202 1654 dirigendam.

305 1674 476 1718 Contra
513 1688 635 1726 vero,
676 1688 793 1729 quae
829 1673 916 1717 sibi
952 1674 1178 1717 ordinarie
1213 1683 1419 1719 reseruat
1456 1674 1862 1730 superintendens,

225 1764 554 1806 nonnunquam
578 1750 729 1806 aliqua
749 1751 1001 1795 committet
1023 1750 1186 1794 rectori
1208 1752 1426 1807 gerenda.

310 1827 369 1870 Et
389 1828 502 1871 haec
525 1828 749 1871 hactenus
770 1828 828 1872 de
849 1828 1173 1871 reseruatione.

258 1917 262 1921 ·
307 1904 410 1947 Non
433 1903 587 1948 audiet
607 1903 986 1960 superintendens
1007 1904 1317 1948 confessiones
1334 1905 1575 1959 ordinarie;
1596 1913 1724 1950 extra
1741 1905 1860 1948 ordi-

159 2022 162 2023 ?
219 1995 324 2026 nem
347 1988 515 2031 tamen,
540 1980 616 2022 vbi
638 1981 832 2036 aliquem
861 1982 1015 2024 credat
1044 1981 1247 2024 adiutum
1277 1981 1347 2034 iri,
1378 1982 1416 2025 si
1444 1982 1529 2038 ipsi
1560 1983 1854 2034 confiteatur,

226 2048 354 2100 illum
376 2057 546 2101 audiet.

310 2135 494 2178 Habeat
524 2134 775 2190 peculiares
811 2135 1146 2190 obseruatores,
1187 2135 1264 2191 qui
1304 2144 1480 2180 secrete
1517 2136 1667 2192 ipsum
1706 2137 1863 2179 admo-

224 2218 364 2255 neant
383 2211 442 2255 de
462 2211 598 2255 rebus
620 2211 820 2267 collegii,
845 2225 898 2254 ac
920 2211 1207 2267 peculiariter
1227 2213 1285 2257 de
1307 2204 1483 2257 rectore
1506 2221 1551 2257 et
1569 2213 1861 2264 officialibus,

221 2294 269 2330 et
289 2287 336 2330 hi
358 2287 449 2331 sint
470 2287 791 2344 probatissimi,
815 2287 891 2332 159
914 2304 972 2332 ne
995 2303 1074 2345 per
1089 2288 1344 2333 libertatem
1366 2290 1503 2333 huius
1525 2290 1863 2334 obseruationis

225 2364 513 2408 occasionem
537 2364 762 2420 accipiant
782 2365 1136 2421 imperfectionis
1156 2365 1203 2408 in
1226 2364 1505 2411 obedientia.

316 2441 419 2498 Ipse
440 2455 549 2484 vero
571 2441 950 2497 superintendens
971 2457 1071 2487 sese
1093 2450 1335 2498 componat
1359 2444 1415 2486 ad
1440 2445 1696 2499 exemplum
1728 2443 1866 2485 totius

223 2517 536 2574 perfectionis,
562 2533 680 2574 quae
701 2519 758 2561 ad
779 2518 999 2565 rationem
1021 2519 1160 2562 nostri
1190 2519 1386 2563 instituti
1408 2529 1454 2564 et
1479 2535 1633 2564 verum
1657 2520 1754 2563 eius
1777 2520 1864 2575 spi·

224 2594 359 2638 ritum
382 2602 428 2640 et
450 2595 642 2652 gratiam
662 2595 887 2652 exigatur.
915 2595 1005 2639 Hic
1022 2611 1130 2640 vero
1147 2597 1349 2653 spiritus,
1376 2599 1487 2640 haec
1506 2597 1668 2652 gratia,
1690 2603 1735 2640 et
1754 2596 1864 2638 ratio

224 2671 370 2716 nostri
405 2671 602 2715 instituti
638 2672 865 2728 religiosa,
905 2673 1081 2716 etiarnsi
1117 2673 1274 2717 sentiri
1311 2674 1458 2729 magis
1497 2673 1655 2728 spiritu
1701 2672 1864 2715 mentis

226 2756 407 2792 nostrae
438 2756 485 2792 et
522 2750 659 2792 corde
690 2749 900 2806 intelligi,
942 2764 1078 2805 quam
1115 2750 1267 2794 verbis
1302 2737 1515 2806 explicari
1553 2749 1709 2805 possit,
1744 2749 1867 2791 illam

226 2834 378 2869 tamen
398 2825 640 2882 intelliget,
665 2826 743 2882 qui
765 2826 850 2870 Dei
868 2826 1016 2882 gratia
1033 2834 1227 2870 vocatus
1244 2829 1301 2870 ad
1320 2826 1610 2878 Societatem,
1629 2825 1674 2867 in
1692 2825 1864 2880 simpli-

226 2901 363 2946 citate
383 2902 533 2946 cordis
553 2902 623 2945 sui
645 2903 814 2946 deuote
836 2902 955 2946 illam
980 2903 1219 2958 recipiens,
1245 2903 1363 2946 votis
1387 2903 1681 2953 confirmans,
1703 2916 1865 2957 opera-

228 2978 427 3021 tionibus
455 2979 614 3034 plenae
642 2979 1015 3032 mortificationis,
1046 2979 1330 3024 obedientiae
1359 2988 1403 3021 et
1436 2978 1703 3021 humilitatis
1732 2992 1863 3022 exer-

228 3068 353 3109 cens,
385 3055 442 3098 ad
470 3055 684 3100 maiorem
711 3055 798 3099 Dei
828 3055 1033 3111 gloriam,
1065 3056 1464 3112 proximorumque
1495 3054 1732 3098 vtilitatem
1761 3054 1867 3096 dili-
