<?xml version="1.0" encoding="UTF-8"?>
<!DOCTYPE html PUBLIC "-//W3C//DTD XHTML 1.0 Transitional//EN"
    "http://www.w3.org/TR/xhtml1/DTD/xhtml1-transitional.dtd">
<html xmlns="http://www.w3.org/1999/xhtml" xml:lang="en" lang="en">
 <head>
  <title>
</title>
<meta http-equiv="Content-Type" content="text/html;charset=utf-8" />
  <meta name='ocr-system' content='tesseract 3.04.00' />
  <meta name='ocr-capabilities' content='ocr_page ocr_carea ocr_par ocr_line ocrx_word'/>
</head>
<body>
  <div class='ocr_page' id='page_1' title='image "./epistolaephieron04nadauoft_0540.png"; bbox 0 0 2098 3470; ppageno 0'>
   <div class='ocr_carea' id='block_1_1' title="bbox 268 267 1340 311">
    <p class='ocr_par' dir='ltr' id='par_1_1' title="bbox 268 267 1340 311">
     <span class='ocr_line' id='line_1_1' title="bbox 268 267 1340 311; baseline 0.002 -11"><span class='ocrx_word' id='word_1_1' title='bbox 268 274 336 311; x_wconf 86' lang='lat'><strong>5¹4</strong></span> <span class='ocrx_word' id='word_1_2' title='bbox 740 267 894 304; x_wconf 70' lang='lat' dir='ltr'><strong>PATms</strong></span> <span class='ocrx_word' id='word_1_3' title='bbox 919 269 1163 304; x_wconf 71' lang='lat' dir='ltr'><strong>Hmnonvm</strong></span> <span class='ocrx_word' id='word_1_4' title='bbox 1189 267 1340 303; x_wconf 78' lang='lat' dir='ltr'>NADAL</span> 
     </span>
    </p>
   </div>
   <div class='ocr_carea' id='block_1_2' title="bbox 204 368 1884 1730">
    <p class='ocr_par' dir='ltr' id='par_1_2' title="bbox 211 368 1884 1180">
     <span class='ocr_line' id='line_1_2' title="bbox 218 368 1884 426; baseline 0.001 -16"><span class='ocrx_word' id='word_1_5' title='bbox 218 368 562 423; x_wconf 82' lang='lat' dir='ltr'><strong>praescribetur,</strong></span> <span class='ocrx_word' id='word_1_6' title='bbox 593 383 682 424; x_wconf 91' lang='lat' dir='ltr'><strong>qua</strong></span> <span class='ocrx_word' id='word_1_7' title='bbox 710 370 926 426; x_wconf 86' lang='lat' dir='ltr'><strong>proficere</strong></span> <span class='ocrx_word' id='word_1_8' title='bbox 954 370 1143 426; x_wconf 79' lang='lat' dir='ltr'>possint,</span> <span class='ocrx_word' id='word_1_9' title='bbox 1170 376 1215 413; x_wconf 89' lang='lat' dir='ltr'><strong>et</strong></span> <span class='ocrx_word' id='word_1_10' title='bbox 1243 368 1328 412; x_wconf 89' lang='lat' dir='ltr'><strong>sibi</strong></span> <span class='ocrx_word' id='word_1_11' title='bbox 1357 368 1464 425; x_wconf 89' lang='lat' dir='ltr'><strong>ipsis</strong></span> <span class='ocrx_word' id='word_1_12' title='bbox 1497 369 1727 425; x_wconf 82' lang='lat' dir='ltr'><strong>prodesse,</strong></span> <span class='ocrx_word' id='word_1_13' title='bbox 1771 377 1853 413; x_wconf 91' lang='lat' dir='ltr'><strong>aut</strong></span> <span class='ocrx_word' id='word_1_14' title='bbox 1876 395 1884 403; x_wconf 83' lang='lat'><strong>·</strong></span> 
     </span>
     <span class='ocr_line' id='line_1_3' title="bbox 216 444 1850 502; baseline 0.001 -16"><span class='ocrx_word' id='word_1_15' title='bbox 216 444 655 498; x_wconf 86' lang='lat' dir='ltr'><strong>mortificationibus‚</strong></span> <span class='ocrx_word' id='word_1_16' title='bbox 681 456 759 490; x_wconf 90' lang='lat' dir='ltr'><strong>aut</strong></span> <span class='ocrx_word' id='word_1_17' title='bbox 779 446 1007 491; x_wconf 85' lang='lat' dir='ltr'><strong>exercitiis</strong></span> <span class='ocrx_word' id='word_1_18' title='bbox 1028 445 1351 502; x_wconf 86' lang='lat' dir='ltr'><strong>spiritualibus,</strong></span> <span class='ocrx_word' id='word_1_19' title='bbox 1372 453 1450 489; x_wconf 91' lang='lat' dir='ltr'><strong>aut</strong></span> <span class='ocrx_word' id='word_1_20' title='bbox 1473 445 1850 502; x_wconf 79' lang='lat' dir='ltr'><strong>peregrinationi-</strong></span> 
     </span>
     <span class='ocr_line' id='line_1_4' title="bbox 215 521 1850 579; baseline 0.002 -16"><span class='ocrx_word' id='word_1_21' title='bbox 215 522 317 573; x_wconf 87' lang='lat' dir='ltr'><strong>bus,</strong></span> <span class='ocrx_word' id='word_1_22' title='bbox 348 529 428 564; x_wconf 89' lang='lat' dir='ltr'><strong>aut</strong></span> <span class='ocrx_word' id='word_1_23' title='bbox 456 521 687 577; x_wconf 79' lang='lat' dir='ltr'>prolixiori</span> <span class='ocrx_word' id='word_1_24' title='bbox 714 523 929 566; x_wconf 90' lang='lat' dir='ltr'><strong>orationis</strong></span> <span class='ocrx_word' id='word_1_25' title='bbox 962 530 1179 579; x_wconf 87' lang='lat' dir='ltr'><strong>tempore,</strong></span> <span class='ocrx_word' id='word_1_26' title='bbox 1211 522 1283 565; x_wconf 91' lang='lat' dir='ltr'><strong>vel</strong></span> <span class='ocrx_word' id='word_1_27' title='bbox 1315 521 1359 564; x_wconf 89' lang='lat' dir='ltr'><strong>id</strong></span> <span class='ocrx_word' id='word_1_28' title='bbox 1391 537 1540 579; x_wconf 88' lang='lat' dir='ltr'><strong>genus</strong></span> <span class='ocrx_word' id='word_1_29' title='bbox 1571 522 1686 576; x_wconf 89' lang='lat' dir='ltr'><strong>aliis,</strong></span> <span class='ocrx_word' id='word_1_30' title='bbox 1727 537 1850 578; x_wconf 88' lang='lat' dir='ltr'><strong>quae</strong></span> 
     </span>
     <span class='ocr_line' id='line_1_5' title="bbox 214 598 1846 656; baseline 0.001 -16"><span class='ocrx_word' id='word_1_31' title='bbox 214 598 427 654; x_wconf 85' lang='lat' dir='ltr'><strong>catalogo</strong></span> <span class='ocrx_word' id='word_1_32' title='bbox 450 598 846 642; x_wconf 88' lang='lat' dir='ltr'><strong>mortificationum</strong></span> <span class='ocrx_word' id='word_1_33' title='bbox 869 599 1175 651; x_wconf 89' lang='lat' dir='ltr'><strong>continentur,</strong></span> <span class='ocrx_word' id='word_1_34' title='bbox 1196 598 1272 654; x_wconf 91' lang='lat' dir='ltr'><strong>qui</strong></span> <span class='ocrx_word' id='word_1_35' title='bbox 1294 613 1349 643; x_wconf 92' lang='lat' dir='ltr'><strong>eo</strong></span> <span class='ocrx_word' id='word_1_36' title='bbox 1371 606 1572 655; x_wconf 83' lang='lat' dir='ltr'><strong>tempore</strong></span> <span class='ocrx_word' id='word_1_37' title='bbox 1588 613 1846 656; x_wconf 90' lang='lat' dir='ltr'><strong>proponen-</strong></span> 
     </span>
     <span class='ocr_line' id='line_1_6' title="bbox 214 674 1873 732; baseline 0.002 -16"><span class='ocrx_word' id='word_1_38' title='bbox 214 675 301 717; x_wconf 92' lang='lat' dir='ltr'><strong>dus</strong></span> <span class='ocrx_word' id='word_1_39' title='bbox 327 681 397 718; x_wconf 88' lang='lat' dir='ltr'><strong>est</strong></span> <span class='ocrx_word' id='word_1_40' title='bbox 429 676 457 717; x_wconf 84' lang='lat'><strong>¹.</strong></span> <span class='ocrx_word' id='word_1_41' title='bbox 492 674 673 731; x_wconf 76' lang='lat' dir='ltr'><strong>Quibus</strong></span> <span class='ocrx_word' id='word_1_42' title='bbox 701 691 809 720; x_wconf 86' lang='lat' dir='ltr'><strong>vero</strong></span> <span class='ocrx_word' id='word_1_43' title='bbox 840 675 1171 719; x_wconf 65' lang='lat' dir='ltr'><strong>instauratione</strong></span> <span class='ocrx_word' id='word_1_44' title='bbox 1199 675 1500 731; x_wconf 86' lang='lat' dir='ltr'><strong>corporalium</strong></span> <span class='ocrx_word' id='word_1_45' title='bbox 1531 675 1694 719; x_wconf 89' lang='lat' dir='ltr'><strong>virium</strong></span> <span class='ocrx_word' id='word_1_46' title='bbox 1732 679 1873 732; x_wconf 78' lang='lat' dir='ltr'><strong>opus&#39;</strong></span> 
     </span>
     <span class='ocr_line' id='line_1_7' title="bbox 213 750 1847 804; baseline 0.001 -9"><span class='ocrx_word' id='word_1_47' title='bbox 213 750 315 804; x_wconf 89' lang='lat' dir='ltr'><strong>erit,</strong></span> <span class='ocrx_word' id='word_1_48' title='bbox 347 751 416 794; x_wconf 90' lang='lat' dir='ltr'><strong>his</strong></span> <span class='ocrx_word' id='word_1_49' title='bbox 442 752 835 797; x_wconf 83' lang='lat' dir='ltr'><strong>deambulationes</strong></span> <span class='ocrx_word' id='word_1_50' title='bbox 863 754 1175 796; x_wconf 89' lang='lat' dir='ltr'><strong>concedantur</strong></span> <span class='ocrx_word' id='word_1_51' title='bbox 1202 752 1297 795; x_wconf 88' lang='lat' dir='ltr'><strong>suis</strong></span> <span class='ocrx_word' id='word_1_52' title='bbox 1324 751 1485 796; x_wconf 90' lang='lat' dir='ltr'><strong>diebus</strong></span> <span class='ocrx_word' id='word_1_53' title='bbox 1517 759 1563 797; x_wconf 90' lang='lat' dir='ltr'><strong>et</strong></span> <span class='ocrx_word' id='word_1_54' title='bbox 1591 752 1847 796; x_wconf 89' lang='lat' dir='ltr'><strong>studiorum</strong></span> 
     </span>
     <span class='ocr_line' id='line_1_8' title="bbox 214 818 1847 885; baseline 0.001 -15"><span class='ocrx_word' id='word_1_55' title='bbox 214 818 436 881; x_wconf 81' lang='lat' dir='ltr'><strong>remissi03</strong></span> <span class='ocrx_word' id='word_1_56' title='bbox 462 836 676 884; x_wconf 85' lang='lat' dir='ltr'><strong>poterunt</strong></span> <span class='ocrx_word' id='word_1_57' title='bbox 708 829 858 881; x_wconf 77' lang='lat' dir='ltr'><strong>etiam,</strong></span> <span class='ocrx_word' id='word_1_58' title='bbox 894 829 930 872; x_wconf 88' lang='lat' dir='ltr'><strong>si</strong></span> <span class='ocrx_word' id='word_1_59' title='bbox 962 829 1040 884; x_wconf 91' lang='lat' dir='ltr'><strong>qui</strong></span> <span class='ocrx_word' id='word_1_60' title='bbox 1072 828 1163 872; x_wconf 88' lang='lat' dir='ltr'><strong>sint</strong></span> <span class='ocrx_word' id='word_1_61' title='bbox 1195 827 1383 885; x_wconf 86' lang='lat' dir='ltr'><strong>grauius</strong></span> <span class='ocrx_word' id='word_1_62' title='bbox 1415 828 1581 882; x_wconf 88' lang='lat' dir='ltr'><strong>affecti,</strong></span> <span class='ocrx_word' id='word_1_63' title='bbox 1618 829 1664 872; x_wconf 90' lang='lat' dir='ltr'><strong>in</strong></span> <span class='ocrx_word' id='word_1_64' title='bbox 1695 830 1847 872; x_wconf 90' lang='lat' dir='ltr'><strong>locum</strong></span> 
     </span>
     <span class='ocr_line' id='line_1_9' title="bbox 213 905 1847 962; baseline 0 -13"><span class='ocrx_word' id='word_1_65' title='bbox 213 905 409 961; x_wconf 89' lang='lat' dir='ltr'><strong>aliquem</strong></span> <span class='ocrx_word' id='word_1_66' title='bbox 432 919 644 950; x_wconf 87' lang='lat' dir='ltr'><strong>amenum</strong></span> <span class='ocrx_word' id='word_1_67' title='bbox 661 906 841 958; x_wconf 89' lang='lat' dir='ltr'><strong>dimitti,</strong></span> <span class='ocrx_word' id='word_1_68' title='bbox 862 907 920 948; x_wconf 89' lang='lat' dir='ltr'><strong>ad</strong></span> <span class='ocrx_word' id='word_1_69' title='bbox 937 905 1034 949; x_wconf 91' lang='lat' dir='ltr'><strong>dies</strong></span> <span class='ocrx_word' id='word_1_70' title='bbox 1050 919 1235 961; x_wconf 83' lang='lat' dir='ltr'><strong>paucos,</strong></span> <span class='ocrx_word' id='word_1_71' title='bbox 1255 906 1335 949; x_wconf 91' lang='lat' dir='ltr'><strong>sed</strong></span> <span class='ocrx_word' id='word_1_72' title='bbox 1352 906 1441 948; x_wconf 94' lang='lat' dir='ltr'><strong>hoc</strong></span> <span class='ocrx_word' id='word_1_73' title='bbox 1457 920 1624 962; x_wconf 89' lang='lat' dir='ltr'><strong>magna</strong></span> <span class='ocrx_word' id='word_1_74' title='bbox 1640 905 1847 950; x_wconf 90' lang='lat' dir='ltr'><strong>conside-</strong></span> 
     </span>
     <span class='ocr_line' id='line_1_10' title="bbox 212 982 1846 1039; baseline 0.001 -14"><span class='ocrx_word' id='word_1_75' title='bbox 212 982 388 1027; x_wconf 89' lang='lat' dir='ltr'><strong>ratione</strong></span> <span class='ocrx_word' id='word_1_76' title='bbox 409 982 580 1035; x_wconf 90' lang='lat' dir='ltr'><strong>habita,</strong></span> <span class='ocrx_word' id='word_1_77' title='bbox 606 997 665 1027; x_wconf 91' lang='lat' dir='ltr'><strong>ne</strong></span> <span class='ocrx_word' id='word_1_78' title='bbox 693 982 937 1039; x_wconf 86' lang='lat' dir='ltr'><strong>corporalis</strong></span> <span class='ocrx_word' id='word_1_79' title='bbox 966 982 1186 1025; x_wconf 87' lang='lat' dir='ltr'><strong>recreatio</strong></span> <span class='ocrx_word' id='word_1_80' title='bbox 1213 982 1435 1038; x_wconf 88' lang='lat' dir='ltr'><strong>spirituali</strong></span> <span class='ocrx_word' id='word_1_81' title='bbox 1456 982 1740 1039; x_wconf 87' lang='lat' dir='ltr'><strong>dispositioni</strong></span> <span class='ocrx_word' id='word_1_82' title='bbox 1768 983 1846 1026; x_wconf 90' lang='lat' dir='ltr'><strong>de-</strong></span> 
     </span>
     <span class='ocr_line' id='line_1_11' title="bbox 211 1059 1845 1116; baseline 0.001 -14"><span class='ocrx_word' id='word_1_83' title='bbox 211 1059 475 1104; x_wconf 87' lang='lat' dir='ltr'><strong>trimentum</strong></span> <span class='ocrx_word' id='word_1_84' title='bbox 513 1061 687 1112; x_wconf 87' lang='lat' dir='ltr'><strong>afferat,</strong></span> <span class='ocrx_word' id='word_1_85' title='bbox 719 1075 867 1115; x_wconf 89' lang='lat' dir='ltr'><strong>neque</strong></span> <span class='ocrx_word' id='word_1_86' title='bbox 905 1068 1056 1103; x_wconf 89' lang='lat' dir='ltr'><strong>tamen</strong></span> <span class='ocrx_word' id='word_1_87' title='bbox 1095 1059 1192 1103; x_wconf 90' lang='lat' dir='ltr'><strong>sine</strong></span> <span class='ocrx_word' id='word_1_88' title='bbox 1229 1066 1392 1103; x_wconf 88' lang='lat' dir='ltr'><strong>exacto</strong></span> <span class='ocrx_word' id='word_1_89' title='bbox 1428 1059 1579 1115; x_wconf 90' lang='lat' dir='ltr'><strong>aliquo</strong></span> <span class='ocrx_word' id='word_1_90' title='bbox 1611 1060 1845 1116; x_wconf 89' lang='lat' dir='ltr'><strong>superiore</strong></span> 
     </span>
     <span class='ocr_line' id='line_1_12' title="bbox 211 1135 504 1180; baseline 0.007 -2"><span class='ocrx_word' id='word_1_91' title='bbox 211 1135 450 1179; x_wconf 87' lang='lat' dir='ltr'><strong>mittantur</strong></span> <span class='ocrx_word' id='word_1_92' title='bbox 470 1144 504 1180; x_wconf 77' lang='lat'><strong>⁸².</strong></span> 
     </span>
    </p>

    <p class='ocr_par' dir='ltr' id='par_1_3' title="bbox 204 1213 1845 1730">
     <span class='ocr_line' id='line_1_13' title="bbox 299 1213 1845 1270; baseline -0.001 -14"><span class='ocrx_word' id='word_1_93' title='bbox 299 1214 555 1257; x_wconf 90' lang='lat' dir='ltr'><strong>Attendant</strong></span> <span class='ocrx_word' id='word_1_94' title='bbox 582 1214 837 1270; x_wconf 88' lang='lat' dir='ltr'><strong>superiores</strong></span> <span class='ocrx_word' id='word_1_95' title='bbox 866 1222 911 1256; x_wconf 87' lang='lat' dir='ltr'><strong>et</strong></span> <span class='ocrx_word' id='word_1_96' title='bbox 940 1228 1102 1270; x_wconf 86' lang='lat' dir='ltr'><strong>magna</strong></span> <span class='ocrx_word' id='word_1_97' title='bbox 1140 1213 1375 1270; x_wconf 88' lang='lat' dir='ltr'><strong>vigilantia</strong></span> <span class='ocrx_word' id='word_1_98' title='bbox 1411 1215 1520 1258; x_wconf 92' lang='lat' dir='ltr'><strong>dent</strong></span> <span class='ocrx_word' id='word_1_99' title='bbox 1555 1227 1757 1270; x_wconf 88' lang='lat' dir='ltr'><strong>operam,</strong></span> <span class='ocrx_word' id='word_1_100' title='bbox 1796 1221 1845 1255; x_wconf 90' lang='lat' dir='ltr'><strong>vt</strong></span> 
     </span>
     <span class='ocr_line' id='line_1_14' title="bbox 210 1290 1843 1347; baseline 0.001 -15"><span class='ocrx_word' id='word_1_101' title='bbox 210 1291 369 1333; x_wconf 87' lang='lat' dir='ltr'><strong>Patres</strong></span> <span class='ocrx_word' id='word_1_102' title='bbox 391 1297 437 1334; x_wconf 91' lang='lat' dir='ltr'><strong>et</strong></span> <span class='ocrx_word' id='word_1_103' title='bbox 459 1292 622 1335; x_wconf 89' lang='lat' dir='ltr'><strong>fratres</strong></span> <span class='ocrx_word' id='word_1_104' title='bbox 650 1298 828 1347; x_wconf 91' lang='lat' dir='ltr'><strong>tempus</strong></span> <span class='ocrx_word' id='word_1_105' title='bbox 856 1290 1124 1346; x_wconf 89' lang='lat' dir='ltr'><strong>impendant</strong></span> <span class='ocrx_word' id='word_1_106' title='bbox 1144 1291 1238 1334; x_wconf 92' lang='lat' dir='ltr'><strong>suis</strong></span> <span class='ocrx_word' id='word_1_107' title='bbox 1259 1290 1640 1347; x_wconf 86' lang='lat' dir='ltr'><strong>occupationibus</strong></span> <span class='ocrx_word' id='word_1_108' title='bbox 1662 1298 1709 1333; x_wconf 88' lang='lat' dir='ltr'><strong>et</strong></span> <span class='ocrx_word' id='word_1_109' title='bbox 1731 1290 1843 1333; x_wconf 90' lang='lat' dir='ltr'><strong>obe·—</strong></span> 
     </span>
     <span class='ocr_line' id='line_1_15' title="bbox 206 1366 1840 1423; baseline -0.001 -14"><span class='ocrx_word' id='word_1_110' title='bbox 206 1366 387 1418; x_wconf 89' lang='lat' dir='ltr'><strong>dientiis</strong></span> <span class='ocrx_word' id='word_1_111' title='bbox 409 1367 702 1422; x_wconf 87' lang='lat' dir='ltr'><strong>quotidianis,</strong></span> <span class='ocrx_word' id='word_1_112' title='bbox 723 1382 870 1422; x_wconf 90' lang='lat' dir='ltr'><strong>neque</strong></span> <span class='ocrx_word' id='word_1_113' title='bbox 892 1367 1004 1410; x_wconf 90' lang='lat' dir='ltr'><strong>illud</strong></span> <span class='ocrx_word' id='word_1_114' title='bbox 1020 1373 1095 1414; x_wconf 88' lang='grc'><strong>416</strong></span> <span class='ocrx_word' id='word_1_115' title='bbox 1113 1367 1255 1411; x_wconf 91' lang='lat' dir='ltr'><strong>otiose</strong></span> <span class='ocrx_word' id='word_1_116' title='bbox 1273 1367 1544 1423; x_wconf 77' lang='lat' dir='ltr'><strong>transigant,</strong></span> <span class='ocrx_word' id='word_1_117' title='bbox 1567 1369 1840 1411; x_wconf 88' lang='lat' dir='ltr'><strong>Persuasum</strong></span> 
     </span>
     <span class='ocr_line' id='line_1_16' title="bbox 206 1443 1843 1500; baseline 0 -14"><span class='ocrx_word' id='word_1_118' title='bbox 206 1451 358 1487; x_wconf 85' lang='lat' dir='ltr'><strong>autem</strong></span> <span class='ocrx_word' id='word_1_119' title='bbox 381 1444 592 1487; x_wconf 91' lang='lat' dir='ltr'><strong>omnibus</strong></span> <span class='ocrx_word' id='word_1_120' title='bbox 615 1444 781 1487; x_wconf 86' lang='lat' dir='ltr'><strong>faciant</strong></span> <span class='ocrx_word' id='word_1_121' title='bbox 802 1444 847 1486; x_wconf 93' lang='lat' dir='ltr'><strong>in</strong></span> <span class='ocrx_word' id='word_1_122' title='bbox 871 1444 1220 1500; x_wconf 87' lang='lat' dir='ltr'><strong>particularibus</strong></span> <span class='ocrx_word' id='word_1_123' title='bbox 1242 1443 1469 1489; x_wconf 87' lang='lat' dir='ltr'><strong>exercitiis</strong></span> <span class='ocrx_word' id='word_1_124' title='bbox 1491 1443 1784 1499; x_wconf 88' lang='lat' dir='ltr'><strong>quotidianis,</strong></span> <span class='ocrx_word' id='word_1_125' title='bbox 1805 1443 1843 1486; x_wconf 92' lang='lat' dir='ltr'><strong>si</strong></span> 
     </span>
     <span class='ocr_line' id='line_1_17' title="bbox 206 1520 1843 1577; baseline 0 -14"><span class='ocrx_word' id='word_1_126' title='bbox 206 1521 269 1563; x_wconf 90' lang='lat' dir='ltr'><strong>ita</strong></span> <span class='ocrx_word' id='word_1_127' title='bbox 290 1521 401 1564; x_wconf 92' lang='lat' dir='ltr'><strong>fiant</strong></span> <span class='ocrx_word' id='word_1_128' title='bbox 420 1529 470 1564; x_wconf 92' lang='lat' dir='ltr'><strong>vt</strong></span> <span class='ocrx_word' id='word_1_129' title='bbox 491 1521 638 1572; x_wconf 91' lang='lat' dir='ltr'><strong>decet,</strong></span> <span class='ocrx_word' id='word_1_130' title='bbox 662 1521 857 1577; x_wconf 90' lang='lat' dir='ltr'><strong>positam</strong></span> <span class='ocrx_word' id='word_1_131' title='bbox 879 1536 979 1565; x_wconf 87' lang='lat' dir='ltr'><strong>esse</strong></span> <span class='ocrx_word' id='word_1_132' title='bbox 1001 1521 1119 1564; x_wconf 90' lang='lat' dir='ltr'><strong>viam</strong></span> <span class='ocrx_word' id='word_1_133' title='bbox 1143 1521 1454 1577; x_wconf 87' lang='lat' dir='ltr'><strong>rationemque</strong></span> <span class='ocrx_word' id='word_1_134' title='bbox 1481 1521 1683 1573; x_wconf 73' lang='lat' dir='ltr'><strong>vnicam,</strong></span> <span class='ocrx_word' id='word_1_135' title='bbox 1709 1520 1843 1564; x_wconf 85' lang='lat' dir='ltr'><strong>adiu-</strong></span> 
     </span>
     <span class='ocr_line' id='line_1_18' title="bbox 209 1597 1842 1655; baseline 0 -15"><span class='ocrx_word' id='word_1_136' title='bbox 209 1607 343 1643; x_wconf 89' lang='lat' dir='ltr'><strong>uante</strong></span> <span class='ocrx_word' id='word_1_137' title='bbox 365 1598 451 1642; x_wconf 88' lang='lat' dir='ltr'><strong>Dei</strong></span> <span class='ocrx_word' id='word_1_138' title='bbox 473 1598 636 1655; x_wconf 88' lang='lat' dir='ltr'><strong>gratia,</strong></span> <span class='ocrx_word' id='word_1_139' title='bbox 662 1598 924 1654; x_wconf 90' lang='lat' dir='ltr'><strong>proficiendi</strong></span> <span class='ocrx_word' id='word_1_140' title='bbox 950 1599 1007 1641; x_wconf 89' lang='lat' dir='ltr'><strong>ad</strong></span> <span class='ocrx_word' id='word_1_141' title='bbox 1029 1598 1354 1654; x_wconf 87' lang='lat' dir='ltr'><strong>perfectionem</strong></span> <span class='ocrx_word' id='word_1_142' title='bbox 1377 1606 1422 1643; x_wconf 91' lang='lat' dir='ltr'><strong>et</strong></span> <span class='ocrx_word' id='word_1_143' title='bbox 1443 1597 1767 1654; x_wconf 90' lang='lat' dir='ltr'><strong>progrediendi</strong></span> <span class='ocrx_word' id='word_1_144' title='bbox 1785 1598 1842 1641; x_wconf 90' lang='lat' dir='ltr'><strong>ad</strong></span> 
     </span>
     <span class='ocr_line' id='line_1_19' title="bbox 204 1674 1016 1730; baseline 0.001 -13"><span class='ocrx_word' id='word_1_145' title='bbox 204 1675 343 1718; x_wconf 91' lang='lat' dir='ltr'><strong>finem</strong></span> <span class='ocrx_word' id='word_1_146' title='bbox 364 1674 607 1719; x_wconf 90' lang='lat' dir='ltr'><strong>Societatis</strong></span> <span class='ocrx_word' id='word_1_147' title='bbox 629 1677 1016 1730; x_wconf 87' lang='lat' dir='ltr'><strong>consequendum.</strong></span> 
     </span>
    </p>
   </div>
   <div class='ocr_carea' id='block_1_3' title="bbox 731 1808 1299 1838">
    <p class='ocr_par' dir='ltr' id='par_1_4' title="bbox 731 1808 1299 1838">
     <span class='ocr_line' id='line_1_20' title="bbox 731 1808 1299 1838; baseline 0.002 -2"><span class='ocrx_word' id='word_1_148' title='bbox 731 1808 792 1837; x_wconf 87' lang='lat' dir='ltr'><strong>DE</strong></span> <span class='ocrx_word' id='word_1_149' title='bbox 817 1809 1028 1838; x_wconf 85' lang='lat' dir='ltr'>RATIONE</span> <span class='ocrx_word' id='word_1_150' title='bbox 1052 1808 1299 1838; x_wconf 85' lang='lat' dir='ltr'><strong>INSTITUTI</strong></span> 
     </span>
    </p>
   </div>
   <div class='ocr_carea' id='block_1_4' title="bbox 200 1905 1840 2882">
    <p class='ocr_par' dir='ltr' id='par_1_5' title="bbox 200 1905 1840 2342">
     <span class='ocr_line' id='line_1_21' title="bbox 293 1905 1840 1963; baseline 0 -14"><span class='ocrx_word' id='word_1_151' title='bbox 293 1905 675 1962; x_wconf 76' lang='lat' dir='ltr'><strong>Quandoquidem</strong></span> <span class='ocrx_word' id='word_1_152' title='bbox 698 1906 783 1950; x_wconf 92' lang='lat' dir='ltr'><strong>Dei</strong></span> <span class='ocrx_word' id='word_1_153' title='bbox 802 1906 1082 1962; x_wconf 82' lang='lat' dir='ltr'><strong>benignitate</strong></span> <span class='ocrx_word' id='word_1_154' title='bbox 1100 1906 1323 1963; x_wconf 89' lang='lat' dir='ltr'><strong>propriam</strong></span> <span class='ocrx_word' id='word_1_155' title='bbox 1344 1906 1562 1951; x_wconf 89' lang='lat' dir='ltr'><strong>rationem</strong></span> <span class='ocrx_word' id='word_1_156' title='bbox 1580 1906 1840 1962; x_wconf 90' lang='lat' dir='ltr'><strong>accepimus</strong></span> 
     </span>
     <span class='ocr_line' id='line_1_22' title="bbox 203 1982 1837 2040; baseline 0.001 -15"><span class='ocrx_word' id='word_1_157' title='bbox 203 1983 453 2026; x_wconf 78' lang='lat' dir='ltr'><strong>vocationis</strong></span> <span class='ocrx_word' id='word_1_158' title='bbox 474 1983 665 2040; x_wconf 88' lang='lat' dir='ltr'><strong>gratiae,</strong></span> <span class='ocrx_word' id='word_1_159' title='bbox 691 1982 885 2034; x_wconf 83' lang='lat' dir='ltr'><strong>instituti</strong></span> <span class='ocrx_word' id='word_1_160' title='bbox 907 1997 960 2026; x_wconf 91' lang='lat' dir='ltr'><strong>ac</strong></span> <span class='ocrx_word' id='word_1_161' title='bbox 983 1983 1101 2035; x_wconf 91' lang='lat' dir='ltr'><strong>finis,</strong></span> <span class='ocrx_word' id='word_1_162' title='bbox 1133 1991 1241 2026; x_wconf 90' lang='lat' dir='ltr'><strong>sunt</strong></span> <span class='ocrx_word' id='word_1_163' title='bbox 1267 1991 1423 2027; x_wconf 88' lang='lat' dir='ltr'><strong>nostra</strong></span> <span class='ocrx_word' id='word_1_164' title='bbox 1450 1983 1601 2026; x_wconf 89' lang='lat' dir='ltr'><strong>omnia</strong></span> <span class='ocrx_word' id='word_1_165' title='bbox 1629 1984 1683 2026; x_wconf 90' lang='lat' dir='ltr'><strong>ad</strong></span> <span class='ocrx_word' id='word_1_166' title='bbox 1717 1983 1837 2026; x_wconf 89' lang='lat' dir='ltr'><strong>illam</strong></span> 
     </span>
     <span class='ocr_line' id='line_1_23' title="bbox 203 2059 1830 2117; baseline 0 -15"><span class='ocrx_word' id='word_1_167' title='bbox 203 2059 424 2103; x_wconf 90' lang='lat' dir='ltr'><strong>rationem</strong></span> <span class='ocrx_word' id='word_1_168' title='bbox 446 2059 687 2117; x_wconf 87' lang='lat' dir='ltr'><strong>exigenda.</strong></span> <span class='ocrx_word' id='word_1_169' title='bbox 719 2059 876 2114; x_wconf 90' lang='lat' dir='ltr'><strong>Itaque</strong></span> <span class='ocrx_word' id='word_1_170' title='bbox 899 2075 989 2102; x_wconf 91' lang='lat' dir='ltr'><strong>non</strong></span> <span class='ocrx_word' id='word_1_171' title='bbox 1012 2062 1228 2116; x_wconf 89' lang='lat' dir='ltr'><strong>probatur</strong></span> <span class='ocrx_word' id='word_1_172' title='bbox 1249 2060 1366 2103; x_wconf 89' lang='lat' dir='ltr'><strong>inter</strong></span> <span class='ocrx_word' id='word_1_173' title='bbox 1386 2075 1485 2112; x_wconf 90' lang='lat' dir='ltr'><strong>nos,</strong></span> <span class='ocrx_word' id='word_1_174' title='bbox 1511 2059 1549 2103; x_wconf 92' lang='lat' dir='ltr'><strong>si</strong></span> <span class='ocrx_word' id='word_1_175' title='bbox 1570 2059 1671 2115; x_wconf 90' lang='lat' dir='ltr'><strong>quis</strong></span> <span class='ocrx_word' id='word_1_176' title='bbox 1693 2059 1830 2102; x_wconf 89' lang='lat' dir='ltr'><strong>dicat:</strong></span> 
     </span>
     <span class='ocr_line' id='line_1_24' title="bbox 202 2136 1838 2192; baseline 0.001 -14"><span class='ocrx_word' id='word_1_177' title='bbox 202 2137 265 2179; x_wconf 91' lang='lat' dir='ltr'><strong>ita</strong></span> <span class='ocrx_word' id='word_1_178' title='bbox 285 2144 431 2192; x_wconf 88' lang='lat' dir='ltr'><strong>agunt</strong></span> <span class='ocrx_word' id='word_1_179' title='bbox 450 2137 609 2179; x_wconf 87' lang='lat' dir='ltr'><strong>fratres</strong></span> <span class='ocrx_word' id='word_1_180' title='bbox 634 2136 979 2192; x_wconf 89' lang='lat' dir='ltr'><strong>praedicatores,</strong></span> <span class='ocrx_word' id='word_1_181' title='bbox 1005 2137 1067 2179; x_wconf 91' lang='lat' dir='ltr'><strong>ita</strong></span> <span class='ocrx_word' id='word_1_182' title='bbox 1090 2137 1300 2190; x_wconf 83' lang='lat' dir='ltr'><strong>minores3</strong></span> <span class='ocrx_word' id='word_1_183' title='bbox 1327 2152 1466 2192; x_wconf 89' lang='lat' dir='ltr'><strong>quare</strong></span> <span class='ocrx_word' id='word_1_184' title='bbox 1488 2137 1619 2179; x_wconf 90' lang='lat' dir='ltr'><strong>nobis</strong></span> <span class='ocrx_word' id='word_1_185' title='bbox 1635 2136 1698 2179; x_wconf 90' lang='lat' dir='ltr'><strong>ita</strong></span> <span class='ocrx_word' id='word_1_186' title='bbox 1714 2145 1838 2179; x_wconf 91' lang='lat' dir='ltr'><strong>esset</strong></span> 
     </span>
     <span class='ocr_line' id='line_1_25' title="bbox 200 2213 1833 2270; baseline -0.001 -14"><span class='ocrx_word' id='word_1_187' title='bbox 200 2214 448 2270; x_wconf 87' lang='lat' dir='ltr'><strong>agendum.</strong></span> <span class='ocrx_word' id='word_1_188' title='bbox 474 2214 765 2269; x_wconf 84' lang='lat' dir='ltr'><strong>Aceeperunt</strong></span> <span class='ocrx_word' id='word_1_189' title='bbox 787 2213 905 2256; x_wconf 91' lang='lat' dir='ltr'><strong>enirn</strong></span> <span class='ocrx_word' id='word_1_190' title='bbox 928 2213 989 2255; x_wconf 91' lang='lat' dir='ltr'><strong>illi</strong></span> <span class='ocrx_word' id='word_1_191' title='bbox 1012 2228 1141 2256; x_wconf 92' lang='lat' dir='ltr'><strong>suam</strong></span> <span class='ocrx_word' id='word_1_192' title='bbox 1163 2213 1371 2270; x_wconf 84' lang='lat' dir='ltr'><strong>gratiam,</strong></span> <span class='ocrx_word' id='word_1_193' title='bbox 1397 2228 1530 2256; x_wconf 91' lang='lat' dir='ltr'><strong>suum</strong></span> <span class='ocrx_word' id='word_1_194' title='bbox 1554 2213 1833 2266; x_wconf 89' lang='lat' dir='ltr'><strong>institutum,</strong></span> 
     </span>
     <span class='ocr_line' id='line_1_26' title="bbox 202 2289 1108 2342; baseline 0.001 -10"><span class='ocrx_word' id='word_1_195' title='bbox 202 2305 286 2333; x_wconf 88' lang='lat' dir='ltr'><strong>nos</strong></span> <span class='ocrx_word' id='word_1_196' title='bbox 302 2297 527 2342; x_wconf 84' lang='lat' dir='ltr'><strong>nostrum,</strong></span> <span class='ocrx_word' id='word_1_197' title='bbox 553 2290 655 2333; x_wconf 90' lang='lat' dir='ltr'><strong>Iesu</strong></span> <span class='ocrx_word' id='word_1_198' title='bbox 677 2289 848 2332; x_wconf 89' lang='lat' dir='ltr'><strong>Christi</strong></span> <span class='ocrx_word' id='word_1_199' title='bbox 871 2290 1108 2333; x_wconf 86' lang='lat' dir='ltr'><strong>beneficio.</strong></span> 
     </span>
    </p>

    <p class='ocr_par' dir='ltr' id='par_1_6' title="bbox 201 2365 1836 2730">
     <span class='ocr_line' id='line_1_27' title="bbox 291 2365 1831 2422; baseline -0.001 -12"><span class='ocrx_word' id='word_1_200' title='bbox 291 2369 419 2411; x_wconf 89' lang='lat' dir='ltr'><strong>Haec</strong></span> <span class='ocrx_word' id='word_1_201' title='bbox 443 2381 584 2422; x_wconf 90' lang='lat' dir='ltr'><strong>quum</strong></span> <span class='ocrx_word' id='word_1_202' title='bbox 606 2365 668 2409; x_wconf 88' lang='lat' dir='ltr'><strong>ita</strong></span> <span class='ocrx_word' id='word_1_203' title='bbox 690 2366 794 2418; x_wconf 92' lang='lat' dir='ltr'><strong>sint,</strong></span> <span class='ocrx_word' id='word_1_204' title='bbox 818 2374 966 2410; x_wconf 81' lang='lat' dir='ltr'><strong>tamen</strong></span> <span class='ocrx_word' id='word_1_205' title='bbox 993 2367 1212 2420; x_wconf 87' lang='lat' dir='ltr'><strong>Societas,</strong></span> <span class='ocrx_word' id='word_1_206' title='bbox 1232 2382 1323 2409; x_wconf 92' lang='lat' dir='ltr'><strong>non</strong></span> <span class='ocrx_word' id='word_1_207' title='bbox 1344 2368 1490 2410; x_wconf 92' lang='lat' dir='ltr'><strong>solum</strong></span> <span class='ocrx_word' id='word_1_208' title='bbox 1513 2382 1567 2410; x_wconf 89' lang='lat' dir='ltr'><strong>ex</strong></span> <span class='ocrx_word' id='word_1_209' title='bbox 1589 2366 1688 2410; x_wconf 87' lang='lat' dir='ltr'><strong>aliis</strong></span> <span class='ocrx_word' id='word_1_210' title='bbox 1709 2366 1831 2410; x_wconf 91' lang='lat' dir='ltr'><strong>ordi-</strong></span> 
     </span>
     <span class='ocr_line' id='line_1_28' title="bbox 202 2443 1833 2494; baseline 0.001 -9"><span class='ocrx_word' id='word_1_211' title='bbox 202 2443 336 2487; x_wconf 91' lang='lat' dir='ltr'><strong>nibus</strong></span> <span class='ocrx_word' id='word_1_212' title='bbox 373 2444 719 2494; x_wconf 83' lang='lat' dir='ltr'><strong>monachorum,</strong></span> <span class='ocrx_word' id='word_1_213' title='bbox 761 2444 840 2486; x_wconf 92' lang='lat' dir='ltr'><strong>sed</strong></span> <span class='ocrx_word' id='word_1_214' title='bbox 872 2443 1004 2486; x_wconf 88' lang='lat' dir='ltr'><strong>etiam</strong></span> <span class='ocrx_word' id='word_1_215' title='bbox 1037 2459 1093 2487; x_wconf 88' lang='lat' dir='ltr'><strong>ex</strong></span> <span class='ocrx_word' id='word_1_216' title='bbox 1126 2451 1220 2486; x_wconf 90' lang='lat' dir='ltr'><strong>tota</strong></span> <span class='ocrx_word' id='word_1_217' title='bbox 1246 2443 1500 2487; x_wconf 91' lang='lat' dir='ltr'><strong>hierarchia</strong></span> <span class='ocrx_word' id='word_1_218' title='bbox 1528 2443 1833 2487; x_wconf 89' lang='lat' dir='ltr'><strong>ecclesiastica</strong></span> 
     </span>
     <span class='ocr_line' id='line_1_29' title="bbox 201 2519 1836 2577; baseline 0 -15"><span class='ocrx_word' id='word_1_219' title='bbox 201 2521 353 2575; x_wconf 82' lang='lat' dir='ltr'><strong>aliqua</strong></span> <span class='ocrx_word' id='word_1_220' title='bbox 375 2520 515 2577; x_wconf 87' lang='lat' dir='ltr'><strong>elegit</strong></span> <span class='ocrx_word' id='word_1_221' title='bbox 536 2519 571 2573; x_wconf 76' lang='lat' dir='ltr'><strong>b,</strong></span> <span class='ocrx_word' id='word_1_222' title='bbox 602 2534 718 2575; x_wconf 93' lang='lat' dir='ltr'><strong>quae</strong></span> <span class='ocrx_word' id='word_1_223' title='bbox 747 2521 1087 2563; x_wconf 89' lang='lat' dir='ltr'><strong>accommodata</strong></span> <span class='ocrx_word' id='word_1_224' title='bbox 1115 2520 1386 2564; x_wconf 88' lang='lat' dir='ltr'><strong>videbantur</strong></span> <span class='ocrx_word' id='word_1_225' title='bbox 1413 2521 1470 2563; x_wconf 89' lang='lat' dir='ltr'><strong>ad</strong></span> <span class='ocrx_word' id='word_1_226' title='bbox 1501 2520 1718 2563; x_wconf 89' lang='lat' dir='ltr'><strong>rationem</strong></span> <span class='ocrx_word' id='word_1_227' title='bbox 1751 2533 1836 2562; x_wconf 92' lang='lat' dir='ltr'><strong>no-</strong></span> 
     </span>
     <span class='ocr_line' id='line_1_30' title="bbox 201 2597 1833 2652; baseline -0.002 -11"><span class='ocrx_word' id='word_1_228' title='bbox 201 2606 325 2642; x_wconf 86' lang='lat' dir='ltr'><strong>strae</strong></span> <span class='ocrx_word' id='word_1_229' title='bbox 341 2597 592 2641; x_wconf 89' lang='lat' dir='ltr'><strong>vocationis</strong></span> <span class='ocrx_word' id='word_1_230' title='bbox 610 2598 956 2648; x_wconf 88' lang='lat' dir='ltr'><strong>obseruandam‚</strong></span> <span class='ocrx_word' id='word_1_231' title='bbox 977 2598 1204 2652; x_wconf 89' lang='lat' dir='ltr'><strong>finemque</strong></span> <span class='ocrx_word' id='word_1_232' title='bbox 1222 2608 1427 2640; x_wconf 90' lang='lat' dir='ltr'><strong>nostrum</strong></span> <span class='ocrx_word' id='word_1_233' title='bbox 1445 2597 1833 2652; x_wconf 90' lang='lat' dir='ltr'><strong>consequendum;</strong></span> 
     </span>
     <span class='ocr_line' id='line_1_31' title="bbox 204 2664 1403 2730; baseline -0.003 -12"><span class='ocrx_word' id='word_1_234' title='bbox 204 2677 316 2718; x_wconf 86' lang='lat' dir='ltr'><strong>haec</strong></span> <span class='ocrx_word' id='word_1_235' title='bbox 340 2684 490 2719; x_wconf 89' lang='lat' dir='ltr'><strong>tamen</strong></span> <span class='ocrx_word' id='word_1_236' title='bbox 513 2664 570 2718; x_wconf 84' lang='lat' dir='ltr'><strong>ex</strong></span> <span class='ocrx_word' id='word_1_237' title='bbox 593 2681 749 2716; x_wconf 86' lang='lat' dir='ltr'><strong>nostro</strong></span> <span class='ocrx_word' id='word_1_238' title='bbox 770 2673 977 2716; x_wconf 86' lang='lat' dir='ltr'><strong>instituto</strong></span> <span class='ocrx_word' id='word_1_239' title='bbox 997 2675 1194 2730; x_wconf 89' lang='lat' dir='ltr'><strong>petenda</strong></span> <span class='ocrx_word' id='word_1_240' title='bbox 1216 2682 1338 2717; x_wconf 91' lang='lat' dir='ltr'><strong>sunt.</strong></span> <span class='ocrx_word' id='word_1_241' title='bbox 1401 2723 1403 2726; x_wconf 29' lang='lat'><strong>,</strong></span> 
     </span>
    </p>

    <p class='ocr_par' dir='ltr' id='par_1_7' title="bbox 204 2751 1836 2882">
     <span class='ocr_line' id='line_1_32' title="bbox 290 2751 1835 2808; baseline -0.004 -10"><span class='ocrx_word' id='word_1_242' title='bbox 290 2757 364 2798; x_wconf 75' lang='lat'><strong>417</strong></span> <span class='ocrx_word' id='word_1_243' title='bbox 387 2753 528 2808; x_wconf 74' lang='lat' dir='ltr'><strong>Quod</strong></span> <span class='ocrx_word' id='word_1_244' title='bbox 549 2751 700 2794; x_wconf 90' lang='lat' dir='ltr'><strong>dicere</strong></span> <span class='ocrx_word' id='word_1_245' title='bbox 722 2751 936 2801; x_wconf 85' lang='lat' dir='ltr'><strong>solemus,</strong></span> <span class='ocrx_word' id='word_1_246' title='bbox 963 2751 1236 2795; x_wconf 87' lang='lat' dir='ltr'><strong>Societatem</strong></span> <span class='ocrx_word' id='word_1_247' title='bbox 1259 2752 1601 2807; x_wconf 84' lang='lat' dir='ltr'><strong>gubernandam</strong></span> <span class='ocrx_word' id='word_1_248' title='bbox 1624 2765 1724 2794; x_wconf 87' lang='lat' dir='ltr'><strong>esse</strong></span> <span class='ocrx_word' id='word_1_249' title='bbox 1742 2751 1835 2793; x_wconf 86' lang='lat' dir='ltr'><strong>for-</strong></span> 
     </span>
     <span class='ocr_line' id='line_1_33' title="bbox 204 2825 1836 2882; baseline -0.002 -11"><span class='ocrx_word' id='word_1_250' title='bbox 204 2829 309 2872; x_wconf 88' lang='lat' dir='ltr'><strong>titer</strong></span> <span class='ocrx_word' id='word_1_251' title='bbox 329 2836 375 2871; x_wconf 87' lang='lat' dir='ltr'><strong>et</strong></span> <span class='ocrx_word' id='word_1_252' title='bbox 397 2827 615 2878; x_wconf 89' lang='lat' dir='ltr'><strong>suauiter,</strong></span> <span class='ocrx_word' id='word_1_253' title='bbox 649 2827 712 2869; x_wconf 91' lang='lat' dir='ltr'><strong>ita</strong></span> <span class='ocrx_word' id='word_1_254' title='bbox 740 2825 932 2882; x_wconf 78' lang='lat' dir='ltr'><strong>intelligi</strong></span> <span class='ocrx_word' id='word_1_255' title='bbox 962 2834 1126 2882; x_wconf 90' lang='lat' dir='ltr'><strong>potest,</strong></span> <span class='ocrx_word' id='word_1_256' title='bbox 1158 2828 1279 2882; x_wconf 89' lang='lat' dir='ltr'><strong>quod</strong></span> <span class='ocrx_word' id='word_1_257' title='bbox 1307 2828 1363 2870; x_wconf 87' lang='lat' dir='ltr'><strong>ad</strong></span> <span class='ocrx_word' id='word_1_258' title='bbox 1385 2827 1560 2871; x_wconf 86' lang='lat' dir='ltr'><strong>fortiter</strong></span> <span class='ocrx_word' id='word_1_259' title='bbox 1581 2827 1757 2878; x_wconf 81' lang='lat' dir='ltr'><strong>attinet,</strong></span> <span class='ocrx_word' id='word_1_260' title='bbox 1786 2834 1836 2868; x_wconf 90' lang='lat' dir='ltr'><strong>vt</strong></span> 
     </span>
    </p>
   </div>
   <div class='ocr_carea' id='block_1_5' title="bbox 273 2963 1314 3010">
    <p class='ocr_par' dir='ltr' id='par_1_8' title="bbox 273 2963 1314 3010">
     <span class='ocr_line' id='line_1_34' title="bbox 273 2963 1314 3010; baseline -0.002 -10"><span class='ocrx_word' id='word_1_261' title='bbox 273 2977 290 2994; x_wconf 85' lang='lat' dir='ltr'><strong>a</strong></span> <span class='ocrx_word' id='word_1_262' title='bbox 338 2973 359 3010; x_wconf 82' lang='lat'><strong>7</strong></span> <span class='ocrx_word' id='word_1_263' title='bbox 380 2966 450 3000; x_wconf 89' lang='lat' dir='ltr'><strong>ult.</strong></span> <span class='ocrx_word' id='word_1_264' title='bbox 469 2965 589 2999; x_wconf 89' lang='lat' dir='ltr'><strong>verba</strong></span> <span class='ocrx_word' id='word_1_265' title='bbox 607 2963 737 2999; x_wconf 86' lang='lat' dir='ltr'><strong>addita</strong></span> <span class='ocrx_word' id='word_1_266' title='bbox 755 2963 964 3010; x_wconf 86' lang='lat' dir='ltr'><strong>posterius.</strong></span> <span class='ocrx_word' id='word_1_267' title='bbox 1016 2965 1082 2991; x_wconf 86' lang='lat' dir='ltr'><strong>-b</strong></span> <span class='ocrx_word' id='word_1_268' title='bbox 1109 2964 1225 3010; x_wconf 80' lang='lat' dir='ltr'><strong>eligit</strong></span> <span class='ocrx_word' id='word_1_269' title='bbox 1244 2975 1314 2998; x_wconf 90' lang='lat' dir='ltr'><strong>ms.</strong></span> 
     </span>
    </p>
   </div>
   <div class='ocr_carea' id='block_1_6' title="bbox 237 3035 491 3044">
    <p class='ocr_par' dir='ltr' id='par_1_9' title="bbox 237 3035 491 3044">
     <span class='ocr_line' id='line_1_35' title="bbox 237 3035 491 3044; baseline 0 0"><span class='ocrx_word' id='word_1_270' title='bbox 237 3035 491 3044; x_wconf 95' lang='lat' dir='ltr'><strong> </strong></span> 
     </span>
    </p>
   </div>
   <div class='ocr_carea' id='block_1_7' title="bbox 281 3071 800 3118">
    <p class='ocr_par' dir='ltr' id='par_1_10' title="bbox 281 3071 800 3118">
     <span class='ocr_line' id='line_1_36' title="bbox 281 3071 800 3118; baseline 0.004 -12"><span class='ocrx_word' id='word_1_271' title='bbox 281 3075 289 3094; x_wconf 91' lang='lat'><strong>¹</strong></span> <span class='ocrx_word' id='word_1_272' title='bbox 341 3071 440 3107; x_wconf 78' lang='lat' dir='ltr'><strong>Vide</strong></span> <span class='ocrx_word' id='word_1_273' title='bbox 459 3083 590 3118; x_wconf 89' lang='lat' dir='ltr'><strong>supra,</strong></span> <span class='ocrx_word' id='word_1_274' title='bbox 611 3081 699 3117; x_wconf 87' lang='lat' dir='ltr'><strong>pag.</strong></span> <span class='ocrx_word' id='word_1_275' title='bbox 719 3078 800 3114; x_wconf 83' lang='lat'><strong>447.</strong></span> 
     </span>
    </p>
   </div>
   <div class='ocr_carea' id='block_1_8' title="bbox 1992 1263 2098 3470">
    <p class='ocr_par' dir='ltr' id='par_1_11' title="bbox 1992 1263 2098 3470">
     <span class='ocr_line' id='line_1_37' title="bbox 1992 1263 2098 3470; baseline 0 0"><span class='ocrx_word' id='word_1_276' title='bbox 1992 1263 2098 3470; x_wconf 95' lang='lat' dir='ltr'><strong> </strong></span> 
     </span>
    </p>
   </div>
  </div>
 </body>
</html>
