2098 3470
293 232 362 267 062
762 237 916 274 PArms
943 239 1186 275 HissnoNYim
1213 240 1246 274 N
1251 248 1363 276 ADAL

248 332 314 386 tii;
339 333 412 377 hic
441 334 560 378 enim
585 336 669 379 fuit
698 336 744 380 in
773 338 1010 394 colloquiis
1038 339 1122 395 piis
1152 341 1313 384 efficax
1352 341 1396 384 in
1428 341 1583 398 primis
1619 350 1664 385 et
1696 349 1870 397 potens;

248 410 423 452 nullum
450 411 570 455 enim
594 414 966 470 aggrediebatur,
991 415 1167 458 etiamsi
1190 416 1512 461 alienissimum
1541 433 1567 461 a
1589 420 1723 462 rebus
1745 417 1875 474 spiri-

250 486 465 540 tualibus,
486 488 564 543 qui
587 491 768 535 tandem
793 506 883 534 non
906 517 961 523 —
984 517 1042 523 —-
1065 499 1333 537 mutaretur.
1354 496 1424 539 De
1441 509 1531 550 quo
1549 495 1723 539 solebat
1740 495 1875 550 Igna-

250 562 340 606 tius
361 563 530 609 dicere:
560 567 751 611 «Petrus
778 568 825 627 [Ρ]
846 568 999 611 educit
1021 569 1079 612 de
1103 576 1228 624 petra
1249 567 1297 627 [Ρ]
1323 585 1486 626 aquam
1509 579 1572 615 ².»

337 641 387 682 ln
410 641 498 684 hoc
520 641 619 698 ipso
640 645 853 688 excelluit
876 646 982 690 item
1009 647 1063 690 P.
1095 647 1130 688 F
1134 646 1366 690 ranciscus
1394 647 1655 700 Xauierius,
1686 661 1879 703 magnus
1937 641 1939 646 ¹

251 716 325 760 ille
346 725 474 773 pater
496 717 705 763 indorum
727 729 772 765 et
787 722 1123 778 japonensium.
1149 722 1199 764 In
1228 724 1314 767 hoc
1342 738 1452 768 vero
1480 725 1532 767 P.
1565 723 1767 780 Ignatius
1796 722 1879 766 suit

251 793 544 848 admirabilis,
574 804 623 840 vt
651 797 770 842 enim
800 806 896 843 erat
933 798 1153 842 charitate
1189 799 1234 842 in
1272 801 1525 855 proximum
1558 800 1876 851 inflammatus,

252 869 529 915 discretione
551 873 790 930 spirituum
813 882 859 917 et
881 874 1122 931 prudentia
1142 875 1299 919 morali
1321 885 1572 932 praestans,
1602 876 1665 919 ita
1696 891 1745 920 se
1776 877 1880 920 bre-

255 947 395 993 uitate
427 956 472 993 et
507 950 734 995 suauitate
771 951 990 994 sermonis
1028 953 1085 994 ad
1123 966 1222 1004 eos,
1258 952 1531 1007 quibuscum
1563 952 1745 1009 agebat,
1780 965 1880 995 sese

254 1027 642 1079 accommodabat,
668 1027 730 1070 ita
751 1043 800 1071 se
823 1027 1097 1081 insinuabat,
1123 1036 1171 1070 vt
1199 1028 1336 1072 miros
1368 1029 1504 1072 animi
1538 1036 1687 1072 motus
1719 1028 1763 1070 in
1797 1028 1883 1071 illis

254 1101 486 1155 excitaret3
517 1109 564 1146 et
592 1105 686 1148 fere
715 1103 776 1147 ita
805 1105 1196 1160 contemplabatur
1227 1114 1504 1161 praesenteS,
1541 1105 1668 1161 quasi
1706 1106 1763 1148 ad
1785 1105 1884 1148 eius

254 1178 455 1222 animum
480 1188 527 1224 et
548 1180 1054 1238 interiorapenetraret3
1081 1181 1142 1224 ita
1165 1182 1450 1237 loquebatur,
1476 1190 1524 1224 vt
1547 1182 1644 1227 eius
1666 1181 1884 1225 sermoni-

255 1256 342 1298 bus
364 1257 613 1300 contradici
635 1272 726 1301 non
749 1267 917 1314 posset.
944 1259 1078 1303 Adde
1108 1259 1229 1314 quod
1258 1259 1413 1302 nescio
1445 1259 1554 1314 quid
1582 1258 1764 1302 diuinae
1793 1258 1885 1319 vir-

257 1331 368 1380 tutis
390 1347 442 1376 ac
459 1333 577 1377 lucis
595 1333 832 1378 videbatur
850 1336 906 1378 ab
923 1335 1021 1378 eius
1039 1336 1168 1378 vultu
1186 1335 1327 1378 veluti
1345 1335 1522 1392 spirari,
1542 1350 1658 1390 quae
1680 1335 1887 1379 videntes

257 1410 314 1451 ad
335 1409 543 1465 spiritum
566 1425 657 1453 non
680 1411 964 1455 mediocriter
987 1412 1323 1456 commonebat.

346 1487 435 1529 Per
473 1489 560 1530 hoc
595 1487 723 1530 verbi
760 1488 846 1531 Dei
883 1487 1182 1531 ministerium
1218 1489 1447 1544 praeclara
1479 1489 1621 1531 multa
1654 1487 1760 1531 fecit
1791 1487 1891 1544 ipse,

259 1558 482 1618 Ignatius.
509 1564 567 1606 Et
587 1563 699 1607 illud
728 1564 939 1620 primum,
965 1566 1086 1620 quod
1117 1579 1283 1608 nouem
1307 1564 1406 1607 illos
1426 1559 1773 1621 primos'socios
1803 1563 1887 1607 sibi

261 1639 640 1696 adiunxit.·Capit
661 1643 746 1685 hoc
770 1641 1068 1685 ministerium
1092 1641 1273 1697 quidem
1296 1656 1430 1685 omne
1447 1641 1686 1685 artificium
1705 1640 1890 1684 concio-

261 1725 489 1770 natorum,
516 1717 592 1760 vbi
615 1718 807 1761 facultas
828 1733 919 1760 non
942 1719 1069 1763 deest
1091 1726 1136 1762 et
1159 1733 1231 1762 res
1251 1719 1467 1775 postulat;
1499 1720 1578 1762 sed
1609 1726 1757 1761 tamen
1790 1732 1890 1774 pro-

261 1795 409 1850 prium
431 1794 578 1851 magis
600 1805 670 1838 est
691 1795 996 1847 collocutoris,
1021 1803 1070 1838 vt
1091 1797 1247 1840 sedate
1269 1803 1314 1839 et
1337 1794 1512 1851 placide
1539 1809 1640 1839 sese
1666 1795 1892 1838 mentibus

262 1871 477 1925 insinuet,
503 1871 706 1915 suauiter
728 1879 851 1928 agat,
877 1879 1032 1916 exerat
1054 1871 1286 1916 charitatis
1314 1873 1554 1916 feruorem.
1583 1873 1641 1914 Et
1663 1879 1712 1914 vt
1743 1870 1893 1928 aliqua

263 1949 486 2006 attingam
509 1947 527 1974 b
549 1963 721 2001 eorum,
743 1963 858 2004 quae
876 1965 931 1993 ex
950 1951 1003 1992 P.
1024 1949 1202 2006 Ignatio
1219 1948 1478 1992 audiuimus
1500 1950 1557 1993 de
1579 1951 1666 1992 hoc
1688 1948 1892 1991 ministe-

265 2026 349 2080 rio,
374 2025 544 2070 audite.
1454 2019 1458 2028 ’

329 2103 492 2160 'Quod
522 2116 643 2146 nunc
675 2102 896 2155 dicebam,
931 2102 1043 2159 ipse,
1078 2117 1168 2146 non
1207 2104 1352 2146 solum
1391 2103 1596 2146 tradebat
1632 2103 1782 2158 plene,
1814 2102 1894 2146 sed

266 2181 433 2237 agebat
455 2186 611 2224 exerto
633 2180 828 2235 quodam
847 2180 1011 2222 amoris
1031 2180 1207 2224 feruore
1224 2179 1356 2222 suaui
1373 2179 1418 2221 in
1437 2193 1558 2231 eum,
1579 2193 1713 2234 quem
1731 2178 1896 2221 iuuan-

267 2259 376 2300 dum
399 2257 676 2301 assumebat:
702 2263 847 2299 totum
870 2256 968 2300 eius
990 2264 1151 2313 pectus
1173 2257 1423 2312 occupabat
1441 2264 1487 2298 et
1509 2255 1725 2298 animum.
1753 2257 1897 2298 Ama-

268 2336 347 2379 bat
369 2334 552 2390 quidem
575 2333 621 2376 in
643 2333 736 2387 illo,
761 2333 937 2376 etiamsi
958 2336 1094 2377 homo
1117 2341 1238 2378 esset
1252 2332 1651 2388 flagitiosissimus,
1671 2339 1894 2385 naturam,

270 2412 422 2464 fidem,
448 2410 559 2454 alias
580 2410 787 2463 virtutes,
812 2410 849 2453 si
879 2425 991 2466 quas
1020 2412 1216 2454 habebat
1244 2411 1318 2454 vel
1340 2424 1476 2465 opera
1503 2411 1638 2461 bona,
1670 2409 1799 2464 siqua
1825 2410 1898 2452 vel

271 2487 506 2533 habuisset
526 2487 786 2543 aliquando,
826 2494 872 2530 et
899 2502 952 2532 ea
980 2502 1029 2530 se
1056 2489 1247 2544 probare
1276 2486 1580 2542 significabat,
1610 2475 1900 2541 praedicabat

272 2567 406 2611 etiam
431 2572 650 2610 amanter.
683 2563 1005 2620 Coniungebat
1032 2566 1179 2608 zelum
1207 2565 1366 2608 salutis
1393 2564 1512 2607 illius
1540 2564 1715 2607 animae
1743 2571 1906 2607 contra*

274 2644 442 2696 omnia,
468 2657 586 2698 quae
616 2641 850 2686 aduersari
877 2649 1101 2697 poterant,
1135 2642 1401 2698 praesertim
1429 2649 1588 2684 contra
1614 2642 1898 2693 daemonem,

276 2720 489 2764 vitiorum
512 2718 712 2763 omnium
737 2725 967 2762 auctorem
991 2727 1127 2774 atque
1148 2718 1450 2762 incitatorem.
1481 2718 1688 2761 Docebat
1725 2725 1773 2759 vt
1804 2715 1901 2759 ani-

277 2798 643 2841 maduerteretur
665 2794 786 2850 quali
813 2795 887 2838 ille
916 2794 1175 2838 conditione
1196 2794 1373 2838 viueret
1394 2801 1441 2853 et
1460 2794 1663 2846 vixisset,
1689 2792 1810 2848 quali
1831 2792 1903 2835 in-

278 2873 438 2931 genio,
479 2887 569 2930 qua
607 2871 812 2932 corporis
853 2871 1186 2927 complexione,
1225 2871 1272 2914 id
1308 2879 1395 2923 est,
1435 2885 1543 2914 num
1585 2869 1808 2914 colericus
1844 2883 1903 2912 an

349 2990 367 3007 a
419 2980 532 3025 Quae
552 2977 804 3025 praecedunt,
825 2976 936 3013 valde
955 2978 1119 3013 obscure
1134 2983 1223 3012 sunt
1242 2981 1386 3013 notata.
1439 2978 1505 3004 —b
1524 2976 1622 3011 Hoc.
1640 2976 1748 3011 verb.
1766 2975 1910 3023 imper2

279 3040 427 3075 fectum
445 3037 603 3086 reliquit
622 3037 712 3073 Nat.
1806 3041 1811 3043 ‘
