2098 3470
286 237 358 284 698
759 240 915 277 Parius
940 241 1183 278 HquouYMi
1209 241 1361 278 NADAL

332 338 403 384 165
435 339 720 385 Aedificatur
741 342 945 387 Societas
966 341 1245 387 exultatione
1268 341 1454 398 spiritus
1476 350 1521 388 et
1544 344 1777 388 feruorem

329 415 401 461 170
433 417 550 461 Alae
570 418 690 463 duae
712 418 955 464 Societatis
978 426 1085 462 sunt
1103 426 1254 475 partes
1275 419 1532 472 Societatis‚
1553 434 1670 476 quae
1687 421 1733 464 in
1750 422 1879 466 India

241 500 287 537 et
310 493 559 538 Germania
580 493 626 538 in
649 495 867 539 auxilium
895 496 1144 539 animarum
1174 494 1445 539 incumbunt
1474 496 1520 540 in
1543 497 1726 541 Christo
1745 500 1874 556 Jesu,

244 583 297 613 ac
319 571 584 626 prouehunt
606 571 850 616 Societatis
871 586 1090 628 corpus...

332 647 500 691 Nullus
521 647 746 692 desideret
768 648 931 692 imitari
954 655 1137 692 sanctos
1154 648 1200 691 in
1218 648 1288 691 his
1305 648 1573 706 priuilegiis,
1594 650 1759 706 quibus
1776 650 1878 695 illos

243 724 390 779 Xpus.
417 723 464 767 in
486 725 574 768 hac
596 725 732 770 etiam
755 725 849 768 vita
871 726 1178 782 prosequitur,
1204 727 1285 768 sed
1306 740 1414 778 vera
1436 725 1627 769 imitatio
1649 735 1694 770 et
1716 728 1877 772 efficax

241 800 316 844 illa
339 808 424 853 est,
450 801 488 845 si
510 802 658 846 media
679 802 923 855 imitemur,
955 802 1121 858 quibus
1150 804 1207 845 ad
1235 802 1311 846 illa
1338 802 1578 859 priuilegia
1607 803 1871 860 attigerunt.

241 879 344 921 Hoc
382 878 607 922 succurrit
639 879 835 932 cuidam,
876 894 979 922 cum
1018 878 1295 923 desideraret
1334 879 1482 923 Patris
1514 879 1680 937 Ignatii
1712 880 1879 924 imitari

243 955 672 1012 contemplationem
696 971 748 1000 ae
771 971 919 1000 rerum
944 955 1202 999 diuinarum
1225 970 1426 1000 sensum.

332 1033 433 1076 Lux
465 1047 634 1089 magna
665 1033 712 1077 in
745 1033 982 1078 vocatione
1014 1034 1071 1075 ad
1102 1033 1255 1086 fidem,
1290 1034 1499 1090 gratiam,
1535 1048 1589 1078 ac
1619 1033 1872 1090 veritatem,

244 1124 362 1166 quae
383 1124 463 1166 per
485 1112 644 1168 Jesum
668 1110 900 1154 Christum
931 1111 1050 1154 facta
1077 1117 1163 1155 est.
1194 1110 1268 1153 Ad
1290 1110 1425 1154 huius
1452 1111 1566 1155 lucis
1595 1110 1875 1168 agnitionem

244 1186 562 1244 perfectiorem
601 1186 839 1231 videbatur
875 1188 951 1230 lux
990 1187 1243 1232 vocationis
1281 1188 1337 1231 ad
1373 1187 1647 1232 Societatem
1682 1195 1728 1231 et
1768 1194 1874 1231 vota

243 1277 382 1307 manu
403 1265 588 1308 ducere.

331 1341 602 1385 Addebatur
624 1342 682 1384 ad
704 1342 820 1383 hanc
843 1342 990 1385 lucem
1019 1341 1097 1383 lux
1121 1342 1341 1397 quaedam
1367 1340 1424 1385 171
1449 1341 1625 1384 interna
1646 1340 1691 1383 in
1716 1340 1875 1397 spiritu

242 1417 290 1460 in
313 1432 451 1462 sensu
474 1417 640 1470 cordis,
666 1433 783 1474 quae
804 1417 873 1460 vis
895 1418 1051 1461 diuina
1071 1418 1255 1473 quidem
1279 1419 1438 1462 efficax
1459 1417 1701 1461 videbatur
1721 1419 1779 1461 ad
1799 1417 1877 1462 illa

243 1495 422 1550 agenda
453 1494 500 1538 in
527 1496 628 1539 Deo
655 1510 735 1552 per
763 1497 953 1551 Xpum.,
986 1510 1104 1550 quae
1135 1495 1356 1551 perfectio
1390 1494 1465 1539 illa
1495 1494 1612 1538 lucis
1643 1509 1879 1538 common-

243 1572 432 1614 strabat.
1405 1563 1409 1566 ⁹

334 1647 568 1692 Mirandae
591 1649 776 1692 Patrum
800 1649 1040 1710 Societatis
1062 1649 1270 1702 virtutes,
1295 1648 1515 1705 imprimis
1539 1650 1591 1692 P.
1619 1648 1798 1705 Ignatii.

333 1724 468 1768 Fides
491 1725 635 1782 aperit
657 1725 838 1769 ianuam
861 1726 1043 1771 diuinae
1066 1726 1333 1771 reuelationi
1354 1734 1493 1782 atque
1514 1725 1813 1781 inspirationi.

332 1804 394 1846 Vt
417 1803 699 1846 xenodochia
722 1804 778 1846 ad
801 1817 958 1846 curam
979 1818 1155 1856 eorum,
1181 1803 1259 1859 qui
1281 1803 1403 1846 omni
1426 1802 1593 1846 auxilio
1620 1802 1878 1846 destituun-

242 1887 332 1932 tur,
354 1879 562 1923 instituta
584 1889 709 1932 sunt,
729 1879 791 1923 ita
813 1880 1019 1924 Societas
1041 1880 1088 1923 in
1110 1880 1364 1924 animarum
1388 1879 1624 1932 auxilium,
1644 1893 1761 1935 quae
1777 1894 1881 1935 per-

242 1964 370 2010 eunt,
396 1970 482 2000 nec
504 1963 574 2001 est
597 1957 675 2012 qui
697 1956 742 1999 id
766 1957 1004 2014 recogitet3
1030 1957 1189 2013 quanti
1210 1971 1320 2001 vero
1340 1959 1428 2000 hoc
1457 1956 1530 2009 sit,
1556 1970 1614 2000 ex
1644 1957 1879 2000 voluntate

242 2034 345 2086 Dei,
372 2047 428 2077 ex
449 2033 661 2090 passione
683 2034 810 2090 Xpi.,
829 2049 885 2077 ex
908 2034 1160 2088 nobilitate,
1181 2050 1236 2079 ex
1255 2033 1472 2090 praemio,
1493 2034 1615 2090 quod
1636 2032 1873 2085 amittitur,

242 2117 288 2155 et
309 2125 474 2167 poena,
500 2110 547 2153 in
570 2125 706 2166 quam
729 2111 992 2164 incurritur,
1018 2113 1154 2156 corde
1175 2110 1465 2167 intelligitur.

331 2189 470 2244 Quod
492 2188 531 2232 si
553 2188 651 2232 sine
673 2189 968 2232 sacramentis
990 2188 1152 2232 obierit
1183 2191 1318 2232 Pater
1347 2187 1570 2244 Ignatius‘,
1601 2187 1878 2244 dispensatio

243 2265 328 2309 fuit
351 2264 453 2318 Dei3
478 2279 569 2308 non
592 2264 712 2309 enim
734 2265 957 2321 potuisset
979 2265 1023 2308 id
1051 2265 1160 2322 pati,
1187 2265 1294 2320 quin
1314 2264 1474 2308 fuisset
1490 2271 1697 2307 mortuus
1712 2278 1769 2307 ex
1784 2265 1880 2320 ple-

245 2341 455 2386 nitudine
481 2341 753 2394 deuotionis,
784 2342 831 2384 in
856 2349 979 2385 tanta
1008 2342 1272 2398 praesertim
1295 2341 1496 2398 corporis
1517 2340 1763 2384 debilitate.
1796 2341 1877 2383 Et-

244 2419 365 2462 enim
388 2433 444 2462 ex
467 2418 632 2463 missae
654 2419 957 2463 celebratione
981 2420 1053 2463 vel
1075 2434 1130 2464 ex
1153 2418 1474 2462 communione
1493 2418 1564 2462 172
1581 2417 1675 2460 sola
1690 2416 1737 2459 in
1754 2431 1877 2460 amo-

243 2510 337 2540 rem
362 2496 435 2540 vel
456 2495 699 2539 lachrimas
720 2496 910 2548 solebat,
937 2496 1066 2539 firmo
1094 2495 1230 2540 etiam
1263 2496 1371 2538 dum
1400 2509 1606 2550 corpore,
1639 2493 1806 2536 resolui
1833 2501 1880 2538 et

242 2566 540 2617 vehementer
554 2572 843 2616 'commoueri
865 2587 917 2616 ac
939 2572 1181 2625 debilitari,
1207 2580 1344 2627 atque
1366 2571 1502 2616 etiam
1524 2570 1570 2613 in
1590 2569 1748 2614 febrim
1765 2569 1879 2613 inci-

241 2649 366 2702 dere;
388 2663 505 2704 quae
527 2656 624 2694 erat
645 2663 783 2692 causa
800 2650 922 2704 quod
940 2664 1029 2692 non
1049 2649 1111 2692 ita
1128 2650 1387 2704 frequenter
1405 2647 1587 2690 missam
1605 2647 1873 2691 celebraret.

242 2727 377 2770 Adde
415 2727 538 2781 quod
569 2726 666 2771 eius
695 2730 792 2770 erat
823 2725 916 2769 vita
945 2741 1085 2783 supra
1113 2740 1401 2770 communem
1430 2724 1663 2768 hominum
1691 2730 1872 2780 captum

243 2817 299 2846 ex
322 2803 492 2848 selecta
513 2803 660 2860 gratia
681 2817 734 2846 ac
754 2802 1012 2860 priuilegio.
1034 2805 1191 2859 Itaque
1212 2803 1463 2860 accipiebat
1480 2801 1676 2858 gratiam
1699 2799 1874 2843 solitam

241 2878 377 2922 etiam
400 2887 785 2925 sacramentorum
814 2881 986 2935 absque
1008 2880 1162 2923 sensili
1184 2886 1570 2923 sacramentorum
1598 2876 1873 2933 receptione,

241 2969 297 2999 ex
319 2956 500 2999 illorum
527 2957 772 3001 deuotione
799 2964 845 3000 et
873 2964 995 3000 voto.
1026 2956 1236 3012 Denique
1265 2957 1321 2999 ad
1350 2955 1652 2999 humilitatem
1682 2967 1754 2998 res
1782 2959 1876 2996 tota

242 3033 401 3077 referri
430 3040 597 3089 potest,
622 3040 670 3076 vt
705 3033 752 3076 in
781 3032 879 3076 eius
912 3042 1055 3077 morte
1088 3034 1144 3076 ab
1178 3048 1232 3077 eo
1265 3040 1388 3076 totus
1421 3033 1612 3076 affectus
1644 3036 1798 3073 noster
1829 3028 1875 3071 in
