2098 3470
691 638 1348 695 SUPPLEMENTUM

998 829 1028 871 1

555 922 611 963 Ρ.
662 919 1019 963 NICOLAUS
1072 917 1487 960 BOBADILLA
1529 962 1532 965 ,

697 1012 991 1050 CARDINALI
1009 1011 1220 1048 CARPEN
1224 1011 1271 1046 SI
1288 1009 1336 1055 (Ρ)

788 1105 948 1141 ROMAE,
963 1104 1080 1132 Anno
1102 1103 1193 1140 1557
1213 1094 1239 1132 ¹.

198 1181 407 1222 Lainium,
429 1181 651 1216 Polancum
670 1183 706 1216 et
724 1180 911 1216 Natalem
935 1181 1108 1220 accusat,
1126 1179 1232 1224 quod
1255 1177 1299 1213 in
1317 1178 1563 1224 Hispaniam
1594 1179 1654 1213 ire
1677 1180 1834 1213 conten—

574 1241 675 1275 dant
692 1243 737 1275 ut
751 1239 954 1286 pontificis
969 1239 1251 1274 auctoritatem
1266 1237 1450 1274 eludant.

287 1331 428 1374 Illrno.
453 1338 499 1373 et
521 1331 651 1372 Rmo.
677 1328 943 1385 monsignor
965 1328 1056 1372 mio
1077 1335 1222 1372 oss.¹¹²⁰

287 1407 449 1451 Gratia
475 1414 522 1450 et
558 1421 646 1463 pax
675 1405 846 1450 Christi
873 1405 1043 1449 domini
1070 1405 1128 1449 sit
1165 1419 1343 1461 semper
1370 1403 1626 1447 nobiscum.
1661 1404 1827 1447 Amen.

198 1483 448 1528 Verissima
470 1485 528 1526 he
549 1484 592 1526 la
615 1483 840 1528 sententia
862 1482 1103 1536 ordinaria,
1129 1489 1256 1526 tanto
1278 1482 1502 1532 naturale,
1527 1495 1655 1524 come
1677 1480 1832 1524 diuina

199 1570 248 1606 et
269 1563 484 1613 humana,
510 1562 596 1604 che
623 1561 796 1604 affirma
824 1574 916 1603 non
949 1573 1131 1616 possete
1158 1559 1248 1603 mai
1272 1558 1444 1602 curarsi
1473 1559 1590 1601 bene
1622 1572 1711 1600 3113
1737 1557 1832 1613 ρί3-

179 1655 181 1658 ’
201 1641 311 1695 gha,
336 1639 375 1682 si
396 1653 445 1682 se
467 1638 628 1694 ignora
652 1652 679 1680 0
702 1652 796 1681 11011
825 1636 863 1680 si
892 1651 942 1680 sa
969 1652 996 1682 e
1023 1650 1251 1694 cognosce
1278 1637 1396 1680 bene
1424 1636 1467 1678 13
1488 1635 1736 1691 principale
1759 1649 1832 1677 ra-

192 1717 350 1778 dice-e
380 1729 521 1759 causa
550 1716 656 1758 dell'
686 1714 916 1757 infirmita.
943 1713 1051 1757 Cos]
1075 1713 1268 1758 aduiene
1296 1714 1458 1756 adesso
1496 1713 1543 1755 in
1571 1712 1720 1768 questi
1755 1726 1832 1754 ru—

200 1793 317 1836 mori
339 1792 558 1850 publicati
580 1793 638 1836 de
659 1793 702 1834 la
723 1791 1007 1847 Compagnia
1028 1790 1073 1834 di
1089 1792 1218 1848 Jessi,
1243 1791 1363 1835 doue
1386 1791 1444 1834 V.
1466 1790 1582 1835 Sria.
1605 1791 1734 1832 Rma.
1756 1805 1833 1833 ve-
1881 1794 1883 1797 “

194 1869 305 1915 der&
327 1869 722 1913 manifestamente
745 1882 874 1911 come
898 1876 965 1912 tre
986 1869 1043 1912 de
1065 1867 1096 1910 li
1117 1868 1260 1911 nostri
1282 1882 1394 1911 sono
1423 1868 1528 1911 stati
1559 1868 1602 1910 la
1626 1881 1764 1910 causa
1787 1874 1831 1910 et

193 1948 324 2004 colpa
345 1947 390 1989 di
413 1954 577 2002 questo
607 1945 836 1990 disordine
866 1959 945 2001 per
971 1945 1002 1988 il
1031 1945 1149 1988 maio
1176 1959 1382 2001 governo
1410 1945 1523 1997 loro,
1550 1951 1595 1989 et
1624 1945 1667 1986 le
1696 1958 1832 1986 cause

194 2023 430 2080 principali
451 2037 532 2079 per
553 2023 596 2065 le
619 2023 751 2078 quale
773 2036 1030 2070 cercavano
1053 2036 1139 2065 con
1163 2021 1423 2078 importune
1445 2021 1655 2065 istantiae
1677 2020 1722 2063 di
1745 2035 1828 2064 an-

189 2101 301 2144 dare
343 2101 440 2143 fora
482 2115 506 2143 3
549 2101 644 2143 fare
685 2099 715 2142 il
757 2099 957 2155 capitulo
999 2099 1212 2155 generale
1254 2099 1298 2142 in
1338 2099 1539 2155 Spagna.
1583 2100 1630 2140 In
1670 2097 1828 2153 primis

193 2179 251 2221 V.
277 2177 391 2222 Sria.
419 2178 551 2221 Rma.
576 2170 626 2219 s'a
647 2177 736 2220 che
764 2177 820 2218 ad
851 2190 943 2218 uno
965 2176 1120 2220 effetto
1150 2175 1361 2232 sogliono
1391 2189 1662 2218 concorrere
1694 2174 1831 2216 molte

190 2268 346 2306 cause,
371 2262 417 2298 et
434 2255 586 2310 quello
608 2255 696 2297 6116
718 2269 775 2298 ne
797 2253 899 2297 dice
918 2267 1008 2296 una
1029 2259 1075 2297 et
1097 2259 1197 2296 tace
1217 2251 1247 2295 1’
1269 2253 1382 2297 altre
1407 2252 1601 2295 iustifica
1624 2253 1665 2293 13
1689 2265 1826 2293 causa

191 2346 276 2375 sua
302 2339 347 2375 et
375 2338 539 2388 guasta
575 2331 618 2374 13
646 2344 784 2374 causa
810 2330 883 2375 del
921 2343 1176 2386 comp-agno
1202 2329 1543 2386 sophistieando
1582 2330 1624 2371 13
1660 2327 1823 2370 ν6111ἑ1.

193 2409 368 2464 Impero
396 2407 434 2450 si
462 2407 622 2450 ordina
649 2406 723 2450 ch'
745 2407 788 2449 61
816 2406 966 2452 iudice
995 2421 1086 2450 non
1118 2406 1193 2450 dia
1220 2406 1449 2452 sententia
1483 2405 1566 2449 nisi
1598 2412 1690 2448 tota
1719 2404 1823 2460 lege

191 2493 444 2541 perspecta3
471 2484 563 2528 cosi
589 2484 757 2527 accade
779 2483 825 2526 in
848 2490 1011 2539 questo
1033 2483 1234 2540 negotio,
1259 2484 1378 2527 dove
1399 2484 1462 2526 fin
1485 2483 1646 2526 adesso
1670 2483 1826 2524 hanno

188 2561 439 2604 informato.
453 2562 541 2604 che
563 2561 600 2604 si
623 2561 784 2604 voleva
807 2561 975 2605 andare
998 2561 1044 2603 in
1066 2561 1253 2618 Spagna
1275 2575 1354 2617 per
1377 2559 1549 2603 charit&
1574 2567 1619 2603 et
1642 2572 1723 2614 per
1742 2573 1827 2602 ne-

263 2679 274 2700 ¹
325 2680 384 2714 Ex
415 2680 660 2726 apographo,
692 2679 731 2715 in
762 2679 920 2714 archivo
948 2678 1269 2727 archiepiscopali
1301 2678 1584 2714 mediolanensi
1614 2681 1830 2720 asservato,

190 2738 335 2776 «Arch.
357 2738 491 2785 Spirit.
512 2739 601 2774 Sez.
629 2738 714 2784 XII,
742 2739 820 2774 vol.
842 2747 877 2784 2,
900 2750 940 2774 n.
968 2746 1050 2774 21».
1078 2737 1154 2774 Cui
1172 2738 1306 2774 datum
1326 2738 1378 2774 sit
1396 2739 1469 2773 hoe
1489 2737 1677 2783 scriptum
1696 2741 1736 2770 et
1753 2745 1832 2782 quo

188 2802 381 2844 tempore,
402 2809 451 2833 ex
475 2797 614 2833 eodem
639 2809 717 2833 non
734 2803 902 2834 constat.
921 2797 980 2832 Ex
1002 2796 1119 2833 dictis
1139 2803 1272 2834 autem
1290 2809 1419 2844 supra,
1441 2808 1530 2843 pag.
1554 2804 1620 2840 104
1645 2800 1685 2830 et
1703 2805 1828 2840 seqq.‚

191 2855 231 2892 in
257 2862 408 2892 aestate
439 2857 531 2893 anni
563 2864 653 2902 1557
677 2858 774 2892 haec
798 2858 943 2903 scripta
966 2855 1090 2892 fuisse
1115 2857 1285 2901 eruitur,
1313 2862 1352 2892 et
1376 2855 1534 2903 quidem
1559 2855 1622 2889 vel
1643 2852 1830 2889 cardinali

189 2915 380 2963 Carpensi
399 2917 462 2952 vel
478 2916 759 2961 Alexandrino,
777 2917 920 2964 quibus
933 2927 1025 2952 cura
1042 2915 1147 2952 illius
1161 2917 1311 2962 negotii
1329 2914 1578 2951 examinandi
1597 2912 1830 2949 demandata

190 2975 281 3012 fuit.
299 2977 408 3011 Haec
426 2981 558 3012 autem
576 2975 803 3012 Bobadillae
821 2975 1078 3012 deliramenta
1095 2976 1241 3023 optime
1260 2988 1282 3011 a
1306 2975 1436 3011 Natali
1460 2973 1661 3009 confutata
1680 2977 1772 3007 sunt
1791 2972 1831 3006 in

188 3035 347 3082 scriptis
365 3047 493 3082 supra,
514 3046 631 3082 pagg.
656 3044 825 3082 127-147‚
846 3035 977 3072 editis.
