2098 3470
303 221 374 259 630
775 224 931 262 Parius
955 225 1199 262 HfflRONYMl
1225 226 1376 261 NADAL

347 326 417 370 De
438 324 690 369 canonibus
711 327 1011 372 obedientiae.

346 403 417 445 De
436 401 558 445 uotis
579 401 860 459 simplicibus
881 412 926 449 et
944 418 1100 448 eorum
1125 403 1352 460 apologia.

347 480 418 524 De
440 479 574 523 modo
595 480 868 536 procedendi
886 481 1144 525 Societatis.

350 555 564 600 Studiose
585 571 734 613 agere,
761 565 809 600 ut
831 557 971 600 simus
994 557 1164 600 deuoti.

350 634 577 678 Exercere
599 634 886 690 operationes
908 634 1058 677 cordis
1080 634 1124 676 in
1148 635 1314 685 Deum,
1341 641 1430 677 etc.

350 710 515 754 Nullus
541 709 781 754 dimittitur
817 727 843 755 a
880 711 1106 755 Societate
1143 711 1314 766 absque
1351 725 1503 762 causa,
1535 710 1711 755 etiamsi
1740 710 1882 766 possit

261 787 438 842 absque
455 787 603 844 culpa.

352 865 596 919 Quomodo
618 865 675 907 ab
698 864 853 907 ultima
876 863 1165 907 confessione
1186 871 1255 908 est
1271 865 1598 907 confitendum.

355 941 600 996 Quomodo
621 941 678 984 ab
700 940 857 984 ultima
879 940 992 983 ratio
1010 948 1077 984 est
1099 941 1329 985 reddenda
1350 940 1674 984 conscientiae.

355 1018 753 1073 Quemadmodum
791 1033 838 1061 se
875 1032 1034 1074 gerere
1064 1018 1226 1061 debeat
1261 1032 1366 1061 cum
1399 1017 1663 1061 doctoribus
1701 1016 1890 1073 prouin-

265 1093 410 1138 cialis.

357 1172 608 1216 Tentamus
643 1173 809 1226 Deum,
832 1172 869 1214 si
892 1187 982 1215 non
1013 1172 1288 1216 attendimus
1315 1171 1559 1228 diligenter
1581 1172 1638 1214 ad
1659 1171 1893 1228 guberna-

270 1247 454 1292 tionem:
476 1255 522 1293 et
544 1250 632 1292 hoc
655 1256 725 1292 est
746 1256 956 1293 accurate
978 1248 1358 1305 amplificandum.

357 1325 460 1369 Non
485 1324 663 1369 uidetur
684 1327 1017 1370 obseruandum
1042 1333 1091 1370 ut
1114 1340 1202 1369 non
1225 1326 1516 1382 recipiantur,
1547 1325 1703 1370 inuitis
1729 1341 1894 1383 paren-

271 1400 409 1455 tibus,
435 1401 642 1455 iuuenes‚
668 1402 745 1458 qui
768 1417 859 1445 non
886 1410 992 1446 sunt
1023 1402 1231 1459 discipuli
1252 1403 1297 1445 in
1326 1403 1590 1457 Germania;
1622 1404 1744 1459 quod
1769 1411 1817 1447 ut
1837 1403 1901 1447 sit

267 1477 460 1532 facilius,
479 1480 730 1522 curandum
756 1487 820 1531 ut,
845 1479 882 1522 si
903 1480 959 1522 de
988 1479 1139 1536 aliquo
1169 1480 1226 1523 sit
1254 1479 1496 1533 dificultas‚
1529 1480 1587 1522 de
1607 1494 1662 1524 eo
1685 1480 1893 1536 adprin—

269 1554 414 1611 cipem
436 1556 659 1600 referatur
680 1570 834 1610 causa,
858 1564 903 1600 et
925 1556 1044 1600 illius
1074 1558 1229 1601 fauore
1257 1557 1324 1600 uti
1346 1556 1571 1613 possimus
1598 1564 1645 1601 et
1667 1557 1902 1601 molestias-

272 1646 502 1689 superare.

357 1710 438 1753 Est
463 1710 724 1754 uehementi
747 1724 857 1753 cura
879 1710 1330 1755 animaduertendum
1353 1719 1400 1755 et
1421 1712 1677 1756 cauendum
1701 1725 1758 1754 ne
1780 1711 1897 1755 inter

271 1793 470 1831 rectores
491 1794 537 1830 et
574 1786 878 1843 prouinciales
914 1787 1216 1831 inueterascat
1249 1787 1490 1842 discordia,
1515 1788 1607 1831 uel
1628 1787 1746 1832 inter
1768 1787 1902 1830 mini-

271 1870 416 1906 strum
437 1871 483 1908 et
506 1871 728 1908 rectorem
749 1871 783 1906 ³.

363 1940 718 1984 Obseruandum
755 1948 822 1983 est
846 1948 893 1982 vt
925 1939 942 1964 b
964 1955 1046 1995 pro
1082 1940 1209 1983 nullo
1247 1940 1451 1983 dicamus
1489 1939 1664 1993 missas,
1690 1954 1803 1996 quas
1824 1941 1907 1984 ha·

273 2017 410 2061 beant
433 2030 518 2073 pro
555 2015 848 2073 obligatione,
890 2032 946 2060 ne
968 2018 1043 2062 uel
1062 2031 1313 2074 pauperum
1351 2017 1639 2060 sacerdotum
1662 2016 1902 2060 imminua-

272 2107 374 2136 mus
395 2101 670 2149 prouentum
687 2108 743 2136 ex
760 2093 832 2136 his
849 2093 1012 2147 missis,
1033 2095 1107 2139 uel
1129 2108 1188 2139 ne
1203 2093 1388 2137 omnino
1411 2094 1468 2136 ad
1493 2093 1799 2149 impuritatem
1817 2095 1906 2136 hoc

272 2170 565 2226 interpretari
585 2169 729 2226 possit
748 2170 1042 2227 paupertatis.

367 2246 612 2303 Accipiant
649 2253 848 2291 rectores
869 2248 925 2290 ad
957 2255 1136 2292 noctem
1159 2249 1216 2291 ab
1253 2247 1447 2291 aedituis
1485 2247 1638 2292 claues
1669 2246 1906 2300 ecclesiae,

251 2366 253 2368 .
275 2324 656 2379 quemadmodum
679 2324 828 2368 solent
850 2326 1012 2367 domus
1034 2324 1257 2380 accipere.

369 2401 662 2458 Interrogent
699 2401 964 2443 confessarii
1001 2402 1057 2445 de
1094 2402 1353 2458 regularum
1390 2400 1734 2445 inobseruantia
1755 2400 1802 2444 in
1824 2415 1908 2458 ge-

276 2493 402 2531 nere,
427 2476 696 2521 nominatim
718 2478 775 2521 de
810 2477 1170 2533 praecipuarum,
1195 2484 1241 2522 et
1273 2492 1389 2533 quos
1424 2477 1667 2520 coniicient
1695 2477 1794 2520 illas
1815 2491 1908 2520 non

278 2556 425 2600 solere
456 2554 699 2599 admodum
721 2567 898 2597 curare.

369 2633 419 2674 In
443 2630 702 2675 uisitatione
731 2631 951 2673 habeatur
984 2631 1097 2675 ratio
1126 2631 1312 2675 ultimae
1340 2629 1629 2683 uisitationis,
1654 2637 1700 2675 et
1717 2630 1912 2673 interro·

280 2715 449 2766 geritur
471 2708 574 2760 alia,
598 2709 656 2752 de
678 2706 843 2763 quibus
863 2722 917 2750 eo
935 2714 1137 2763 tempore
1158 2722 1249 2751 non
1271 2707 1513 2761 constabit;
1540 2721 1632 2750 non
1659 2721 1712 2750 ea
1734 2707 1791 2749 de
1813 2705 1910 2762 qui-

279 2786 367 2828 bus
388 2801 443 2830 ex
467 2784 776 2842 superioribus
792 2783 1076 2827 examinibus
1099 2784 1342 2828 constabit.

371 2863 635 2906 Curandum
667 2860 788 2904 omni
825 2860 975 2904 studio
1014 2869 1063 2904 ut
1087 2860 1328 2905 triennium
1367 2867 1542 2904 tantum
1563 2860 1671 2904 sint
1692 2860 1739 2903 in
1761 2859 1910 2904 officio

351 2978 369 2996 a
396 2967 509 3003 Prius
542 2967 674 3003 addita
698 2968 795 3003 haec
822 2966 1000 3012 fuerant3
1033 2968 1135 3012 quod
1161 2978 1232 3002 nos
1261 2968 1399 3002 docent
1429 2967 1628 3012 exempla,·
1656 2977 1757 3014 quae
1780 2965 1911 3002 deleta

281 3032 385 3062 sunt.
438 3028 505 3055 —b
531 3026 790 3063 Emendatum
807 3037 829 3061 a
848 3026 936 3064 Nat.
958 3038 1007 3060 ex
1028 3026 1139 3061 Esset
1156 3026 1381 3061 consultum
1401 3026 1437 3061 si
1455 3037 1548 3062 non.
