2098 3470
805 238 1238 277 Ins-rnucrronts-61
1723 246 1790 284 571

298 344 618 388 ObSeruentur
639 343 801 387 fratres
822 344 1023 398 tempOre
1045 339 1281 391 orationis,
1306 355 1365 384 ne
1387 339 1624 396 contingat
1644 341 1841 396 aliquem

183 443 191 455 ·
206 427 390 477 propter
410 419 598 463 nimium
618 419 850 463 literarum
870 417 1089 469 studium,
1109 418 1182 460 vel
1198 416 1286 460 alia
1302 416 1506 460 fortassis
1525 431 1580 460 ex
1598 417 1840 461 occasione

206 498 252 540 in
274 496 476 541 oratione
512 496 823 553 negligentem
845 509 962 540 esse.
1003 495 1361 539 Obseruatorem
1391 508 1499 537 vero
1531 508 1623 535 non
1653 507 1843 538 necesse

207 573 294 618 erit
313 580 537 618 rectorem
552 587 669 616 esse:
702 572 866 630 poterit
886 585 988 615 esse
1009 571 1214 615 minister
1236 572 1309 615 vel
1338 570 1648 622 subminister,
1683 571 1719 613 si
1744 572 1842 614 fue—

138 674 142 675 *
207 650 282 705 rit,
308 651 378 693 uel
401 649 563 705 aliquis
589 664 646 693 ex
673 648 1013 692 coadiutoribus
1041 647 1381 703 temporalibus,
1412 647 1490 703 qui
1519 646 1607 690 alio
1637 656 1842 703 tempore

207 734 398 784 possunt
417 741 608 783 pensum
631 726 846 770 orationis
869 726 1107 769 absoluere
1136 739 1287 776 suum,
1313 732 1359 766 et
1389 723 1626 767 coadiutor
1658 724 1839 779 quidem

211 804 467 859 temporalis
488 803 774 846 commodius
794 803 974 846 videtur
996 803 1092 846 fore
1121 802 1404 846 obseruator.

298 880 347 925 Si
368 880 470 936 quis
491 880 642 932 fuerit,
665 880 743 936 qui
765 895 822 923 ex
843 879 1002 936 capitis
1029 878 1290 922 infirmitate
1318 864 1439 920 dicat
1468 893 1517 921 se
1546 879 1713 921 habere
1736 892 1841 920 ora-

210 956 378 1000 tionem
400 971 489 1000 non
513 972 661 1013 posse,
685 959 723 1000 si
745 963 1025 1013 compertum
1046 955 1183 1000 fuerit
1198 971 1298 999 eam
1321 961 1409 1002 548
1432 970 1534 999 esse
1557 970 1758 1008 causam,
1785 972 1845 1000 ne

160 1060 170 1064 -
209 1042 403 1091 cogatur
423 1034 677 1078 mentaliter
699 1049 843 1085 orare,
867 1034 949 1078 sed
971 1040 1148 1076 tantum
1170 1033 1395 1076 indicatur
1412 1033 1473 1074 illi
1491 1033 1662 1075 vocalis
1678 1033 1841 1084 oratio,

210 1111 269 1153 ad
289 1125 424 1166 quam
446 1126 544 1155 eam
567 1111 862 1155 attentionem
884 1110 1099 1154 adhibeat
1119 1117 1164 1153 et
1186 1110 1498 1162 deuotionem,
1525 1124 1642 1165 quae
1663 1110 1842 1154 laedere

210 1186 517 1232 infirmitatem
551 1187 711 1243 capitis
733 1202 824 1230 non
861 1187 1021 1243 possit.
1061 1187 1199 1242 Quod
1235 1187 1272 1230 si
1296 1201 1353 1230 ne
1374 1187 1420 1229 id
1457 1186 1640 1242 quidem
1662 1186 1842 1242 assequi

210 1264 391 1320 poterit,
415 1263 569 1307 audiat
596 1272 749 1308 tamen
770 1264 951 1307 missam
979 1263 1183 1319 quotidie
1203 1271 1249 1306 et
1278 1263 1471 1320 accipiat
1493 1263 1842 1307 instructionem

210 1355 239 1384 a
273 1341 502 1397 praefecto
537 1356 688 1384 rerum
725 1341 1040 1397 spiritualium,
1075 1350 1123 1383 vt
1154 1341 1448 1385 breuissimas
1479 1341 1579 1383 illas
1617 1341 1846 1384 orationes

179 1420 182 1422 ’
211 1426 398 1474 vsurpet
433 1426 473 1472 ὃ,
502 1432 621 1474 quae
647 1418 938 1462 iaculatoriae
963 1418 1179 1474 appellari
1211 1419 1375 1462 solent.
1409 1420 1677 1461 Doceantur
1708 1417 1845 1460 etiam

210 1493 498 1551 operationes
514 1495 759 1538 voluntatis
774 1509 1002 1547 exercere,
1018 1495 1181 1538 amoris
1198 1495 1245 1538 in
1262 1497 1428 1547 Deum,
1450 1494 1725 1538 desiderium
1743 1509 1823 1550 pro
1837 1520 1847 1526 -

210 1570 408 1623 finiendi,
427 1586 626 1614 amorem
648 1571 885 1624 virtutum,
909 1572 1169 1628 seponendo
1190 1571 1210 1597 ι’
1231 1572 1490 1616 intellectus
1518 1572 1777 1615 discursum
1803 1580 1849 1614 et

210 1647 533 1704 operationem,
557 1650 708 1704 quoad
729 1649 828 1693 eius
850 1649 947 1693 fieri
964 1649 1146 1705 poterit.

300 1726 607 1769 Exerceantur
622 1726 763 1769 nostri
785 1726 1123 1770 accuratissime
1144 1728 1201 1770 ad
1222 1726 1439 1771 exercitia
1467 1726 1720 1783 spiritualia
1747 1726 1848 1769 aliis

209 1802 600 1855 communicanda,
625 1817 772 1858 neque
794 1803 1033 1858 quisquam
1060 1803 1275 1848 exercitia
1303 1803 1626 1856 communicet,
1660 1803 1744 1847 nisi
1767 1804 1846 1859 qui

161 1914 166 1918 .
210 1879 451 1936 prudentia
470 1879 528 1924 sit
548 1879 769 1936 spirituali
795 1888 841 1924 et
863 1895 947 1924 vsu
969 1880 1189 1931 orationis,
1206 1882 1447 1938 probatus.

299 1958 390 2000 Ter
409 1957 468 2000 ad
488 1957 736 2001 orationem
759 1958 986 2014 publicam
1018 1959 1225 2014 pulsetur
1253 1958 1298 2001 in
1330 1958 1542 2001 domibus
1572 1966 1616 2001 et
1640 1958 1847 2014 collegiis

211 2033 467 2080 Societatis:
490 2038 577 2080 549
598 2034 792 2091 vesperi,
813 2050 946 2079 mane
967 2043 1014 2079 et
1036 2035 1238 2089 meridie,
1263 2035 1441 2079 etiamsi
1465 2050 1557 2078 non
1580 2035 1639 2078 sit
1661 2035 1725 2078 ita
1747 2037 1849 2092 pul-

139 2167 154 2174 λ
212 2110 342 2154 sandi
362 2109 410 2153 in
430 2125 486 2154 eo
514 2111 617 2154 loco
638 2111 848 2168 publicus
870 2111 1016 2170 [usus]
1037 2119 1071 2157 ⁰.

300 2188 467 2232 Nullus
486 2204 514 2233 e
533 2188 699 2232 nostris
720 2189 875 2232 credat
896 2189 1029 2234 facile
1050 2190 1123 2232 vel
1147 2196 1316 2233 temere
1345 2190 1600 2233 abducatur
1634 2190 1849 2246 opinione

214 2279 436 2309 nouarum
458 2265 785 2311 reuelationum
803 2267 877 2311 vel
894 2259 1138 2319 uisionum;
1158 2268 1281 2322 quod
1298 2267 1336 2311 si
1353 2267 1550 2323 aliquem
1568 2266 1585 2292 ‘³
1604 2266 1849 2310 vsuueniat

214 2341 373 2384 audire
394 2357 467 2386 res
487 2341 765 2395 huiusmodi,
785 2344 952 2387 referat
967 2343 1025 2386 de
1042 2343 1096 2386 iis
1118 2345 1176 2386 ad
1193 2344 1518 2400 prouincialem
1542 2346 1613 2388 vel
1636 2343 1847 2386 commis-

214 2417 400 2471 sarium,
426 2432 480 2462 ac
506 2427 602 2462 tum
625 2419 808 2462 demum
837 2419 1009 2463 iudicet
1023 2421 1087 2463 ‘de
1117 2420 1205 2463 illis
1225 2420 1600 2464 reuelationibus.
1629 2421 1850 2462 Poterunt

217 2502 369 2539 tamen
389 2494 514 2551 prius
534 2496 592 2539 de
618 2495 706 2539 illis
726 2497 896 2541 referre
916 2498 975 2540 ad
1002 2504 1225 2542 rectorem
1247 2505 1280 2550 ⁶,
1305 2499 1689 2554 quemadmodum
1713 2498 1769 2539 ad
1792 2496 1848 2537 il-

217 2571 312 2615 lum
337 2572 410 2617 vel
441 2573 500 2615 ad
526 2573 790 2629 theologum
817 2574 1118 2617 domesticum
1146 2575 1316 2620 referre
1348 2576 1499 2619 solent
1531 2577 1588 2618 de
1627 2574 1695 2625 iis,
1732 2588 1849 2628 quae

217 2648 408 2692 audiunt
428 2648 475 2692 in
498 2650 798 2702 confessione,
823 2651 951 2694 saluo
972 2650 1140 2708 sigillo,
1165 2658 1215 2694 vt
1235 2651 1475 2695 consilium
1499 2650 1736 2706 accipiant.

309 2726 536 2770 Habenda
564 2726 782 2771 memoria
818 2734 888 2772 est
923 2727 1104 2771 illorum
1132 2729 1178 2771 in
1201 2728 1482 2772 orationibus
1517 2735 1561 2770 et
1584 2726 1747 2779 missis,
1772 2726 1849 2780 qui

217 2802 277 2845 ad
298 2802 540 2847 societatis
567 2803 817 2848 ministeria
846 2804 1107 2858 mittuntur,
1131 2812 1229 2849 tum
1253 2805 1389 2850 etiam
1410 2803 1744 2847 occurrentium
1768 2816 1850 2845 ne·

218 2878 499 2932 cessitatum,
522 2895 672 2936 neque
692 2889 804 2925 sunt
823 2883 937 2926 haec
958 2882 1250 2939 negligenter
1273 2883 1467 2938 agenda.
1521 2871 1526 2877 ⁴

290 2995 310 3013 ε
358 2989 550 3034 vsurpent
571 2997 644 3025 ms,
694 3007 726 3013 -——
743 2989 762 3016 b
791 2989 1020 3034 seponando
1038 3000 1110 3024 ms.
1160 2998 1226 3016 —c
1252 2987 1399 3026 Omiss.
1419 2987 1456 3023 in
1478 2999 1549 3023 ms.
1599 2989 1665 3014 —d
1698 2987 1857 3032 aliquos

195 3064 199 3067 -
220 3055 294 3083 ms.
347 3065 376 3071 -
393 3056 410 3073 e
434 3045 684 3082 emendatum
701 3046 742 3082 in
761 3058 902 3094 ms.·ex
920 3049 1184 3094 superiorem.
