2098 3470
331 269 398 304 160
801 273 956 310 PArms
981 275 1224 311 HlERONYffl
1251 276 1401 313 NAnAr:

350 375 661 422 necnon-io.
724 373 951 419 Disertam
970 383 988 401 ³
1003 378 1225 421 habemus
1242 359 1630 434 constitutionem,
1644 395 1733 436 qua
1750 383 1910 426 statui-

279 454 367 499 tur,
392 447 439 500 ii,
465 448 541 503 qui
564 464 589 492 a
613 450 844 494 Societate
866 452 1171 505 dimittuntur,
1199 461 1249 496 ut
1271 455 1496 509 auferant,
1522 471 1613 500 non
1631 459 1777 501 solum
1795 474 1914 514 quae

276 538 358 567 sua
381 532 504 578 sunt,
540 527 619 569 sed
648 542 703 571 ex
734 527 805 582 iis,
838 543 955 584 quae
987 530 1204 574 Societati
1227 546 1253 575 e
1281 546 1364 574 sua
1392 532 1638 577 deuotione
1659 535 1909 588 dedissent,

275 614 391 655 quae
415 602 621 657 aequitas
643 612 689 648 et
711 604 938 648 edificatio
960 614 1250 650 externorum
1268 610 1482 664 postulet,
1503 624 1555 653 ea
1573 619 1620 652 vt
1637 611 1773 654 etiam
1793 613 1908 656 reci-

274 678 402 733 piant
429 680 457 732 ¹3
485 694 575 722 non
600 680 663 723 ita
687 689 839 726 tamen
862 683 919 726 de
942 684 1268 737 desertoribus,
1294 666 1556 740 praesertim
1585 688 1731 732 donec
1759 689 1910 745 aliqua

273 753 331 797 sit
358 769 462 811 spes
483 755 584 800 illos
613 759 671 801 ad
703 758 941 802 sanitatem
971 760 1177 804 reuocari
1206 775 1354 816 posse.
1389 764 1616 818 Optamus
1644 764 1785 820 igitur
1814 781 1909 809 rem

273 831 404 874 nobis
426 833 640 889 explicari
664 836 880 891 apertius,
908 844 958 879 ut
980 836 1304 890 intelligamus,
1329 853 1418 894 quo
1437 848 1570 895 pacto
1588 855 1660 885 res
1676 841 1734 884 sit
1752 857 1909 887 emen-

271 908 436 962 danda,
462 910 500 952 si
523 911 625 966 quis
648 926 781 956 secus
805 913 976 958 fecerit.

383 985 391 1043 Ι
466 994 714 1033 obiectio.
771 991 841 1033 De
865 990 1182 1046 reprobatione
1204 1006 1470 1047 pauperum.

340 1073 653 1118 Responsio.
716 1068 829 1110 Rem
851 1066 993 1123 ipsam
1016 1081 1099 1123 pro
1121 1068 1254 1111 nobis
1277 1069 1400 1125 loqui
1422 1069 1468 1111 in
1491 1070 1589 1113 aliis
1611 1071 1746 1114 etiam
1777 1072 1903 1128 capi-

267 1145 389 1189 tibus
419 1145 568 1188 dicere
599 1144 841 1197 uoluimus,
867 1145 947 1187 sed
976 1144 1200 1188 continuit
1229 1160 1311 1188 nos
1341 1147 1590 1191 modestiae
1618 1148 1819 1191 studium
1853 1163 1906 1192 ac

265 1222 503 1278 professio.
538 1223 709 1266 Uerum
742 1222 831 1263 hoc
860 1221 965 1264 loco
994 1235 1086 1263 non
1115 1222 1334 1266 debemus
1356 1224 1470 1266 adeo
1492 1237 1594 1268 esse
1617 1224 1828 1274 humiles,
1855 1234 1906 1268 ut

263 1299 506 1355 stupiditas
529 1299 605 1342 illa
629 1298 772 1341 uideri
794 1298 953 1354 possit,
979 1313 1068 1340 non
1093 1298 1231 1342 animi
1255 1300 1490 1343 modestia.
1517 1303 1608 1345 Res
1637 1301 1779 1358 igitur
1807 1302 1905 1359 ipsa

264 1391 345 1432 pro
366 1376 497 1419 nobis
519 1377 575 1419 de
597 1375 918 1432 reprobatione
942 1391 1189 1432 pauperum
1213 1377 1381 1421 diserte
1403 1378 1683 1433 pronuntiat.
1710 1381 1903 1423 Interro-

263 1461 386 1510 gate,
411 1453 704 1496 illustrissimi
726 1452 915 1505 domini,
941 1461 1053 1508 quot
1075 1453 1165 1496 sint
1188 1453 1234 1496 in
1258 1454 1487 1498 Societate
1517 1457 1740 1500 hactenus
1769 1470 1901 1500 acce—

261 1530 341 1587 pti;
368 1540 412 1575 et
435 1545 676 1574 numerum
701 1545 953 1587 pauperum
977 1529 1102 1582 hinc,
1127 1530 1248 1574 illinc
1266 1531 1460 1574 diuitum
1481 1532 1700 1587 reponite;
1721 1547 1902 1590 compe-

259 1608 385 1653 rietis
408 1622 632 1664 pauperes
656 1609 800 1650 multo
823 1607 981 1650 maiori
1004 1622 1194 1650 numero
1218 1609 1274 1650 ad
1303 1608 1581 1653 Societatem
1605 1624 1705 1653 esse
1734 1610 1902 1654 admis—

260 1699 350 1738 sos,
382 1692 427 1729 et
455 1685 533 1728 uix
570 1683 1004 1740 quinquagesimum
1035 1698 1262 1740 quemque
1294 1699 1394 1728 esse
1423 1693 1656 1742 receptum
1688 1686 1893 1732 diuitem:

262 1763 450 1819 longum
473 1748 653 1817 quidem
677 1768 796 1805 esset
819 1761 950 1804 uobis
969 1761 1013 1803 in
1033 1761 1246 1804 omnibus
1263 1762 1502 1817 prouintiis
1519 1763 1631 1806 illud
1649 1763 1900 1821 inuestiga-

263 1855 326 1883 re.
353 1840 494 1894 Quod
512 1839 643 1881 nobis
662 1846 817 1882 tamen
834 1835 934 1895 es[t]
952 1837 1122 1893 ubique
1141 1839 1424 1894 exploratum
1443 1832 1580 1894 atque
1597 1848 1899 1896 compertum,

264 1918 432 1959 Romae
455 1917 615 1960 saltem
638 1917 726 1958 hoc
750 1915 900 1967 facite3
933 1916 1056 1970 quod
1085 1914 1236 1974 [facili]
1270 1916 1463 1971 negocio
1491 1916 1698 1972 potestis,
1731 1924 1776 1960 et
1804 1931 1898 1960 rem

261 1994 403 2049 ipsam
436 1993 645 2045 audietis,
671 1992 842 2035 domini
865 1993 1014 2048 Illmi.,
1050 1986 1328 2049 loqu-entem3
1365 2006 1587 2048 pauperes
1618 2008 1712 2036 non
1741 2009 1841 2038 esse
1873 2011 1899 2039 a

261 2070 393 2113 nobis
415 2071 702 2126 reprobatos,
723 2069 799 2125 qui
825 2076 950 2111 tanta
973 2069 1229 2124 frequentia
1259 2069 1359 2112 illos
1380 2070 1645 2123 habeamus,
1678 2078 1802 2114 tanta
1827 2087 1898 2114 ra-

1667 987 1680 1004 Q

261 2147 394 2192 ritate
417 2147 600 2192 diuites.

333 2229 580 2267 obiectio.
642 2224 713 2269 De
735 2225 953 2268 auiditate
978 2239 1127 2269 rerum
1150 2224 1414 2268 alienarum.

335 2308 663 2353 n‘esponsros
707 2302 830 2345 Huic
858 2302 1049 2345 articulo
1079 2301 1190 2344 nihil
1227 2302 1320 2346 fere
1348 2310 1417 2345 est
1452 2302 1574 2356 quod
1606 2301 1897 2358 singulariter

260 2380 628 2436 respondeamus:
655 2379 877 2435 siquidem
900 2380 956 2422 de
980 2377 1328 2435 particularibus
1351 2378 1487 2421 huius
1509 2379 1691 2435 generis
1713 2377 1833 2422 notis
1849 2386 1896 2422 et

260 2457 431 2500 dictum
456 2463 542 2509 est,
567 2463 613 2500 et
635 2456 824 2499 inferius
846 2454 980 2500 etiam
1010 2454 1266 2499 necessario
1294 2455 1485 2498 dicetur.
1519 2454 1698 2500 Etenim
1726 2454 1893 2510 siquid,

330 2580 347 2597 a
396 2570 596 2605 disertum
617 2579 675 2604 ms
685 2594 693 2603 .

330 2670 339 2692 ¹
392 2670 533 2717 «Quod
550 2669 599 2705 ad
622 2669 827 2705 dimissum
851 2670 1006 2715 attinet,
1032 2668 1107 2705 tria
1131 2668 1268 2704 itidem
1293 2669 1568 2703 observentur:
1594 2667 1760 2714 primum
1785 2673 1892 2703 exte-

256 2730 352 2775 rius,
379 2736 422 2765 ut
447 2729 606 2765 recedat
632 2740 682 2764 ex
708 2730 850 2774 Domo,
876 2734 1063 2776 quantum
1093 2727 1178 2763 fieri
1209 2728 1333 2774 possit
1363 2726 1448 2762 sine
1474 2726 1667 2762 dedecore
1694 2728 1757 2769 v,el
1785 2727 1892 2773 igno-

258 2788 376 2825 minia
393 2801 438 2824 ac
456 2800 590 2824 secum
609 2788 738 2824 omnia
761 2799 831 2823 sua
850 2787 987 2823 ferat.»
1013 2788 1124 2823 «min
1149 2787 1208 2834 iis,
1237 2798 1336 2834 quae
1356 2787 1418 2821 vel
1443 2785 1712 2832 expendisset,
1732 2787 1794 2821 vel
1825 2785 1895 2821 de-

256 2848 380 2884 disset
408 2848 616 2891 Societati,
649 2849 721 2884 vel>
750 2847 915 2894 alioqui,
946 2846 979 2882 si
1005 2846 1215 2882 accidisset
1248 2852 1291 2882 ut
1321 2845 1413 2881 ficto
1448 2845 1578 2880 animo
1604 2845 1644 2880 in
1670 2845 1797 2880 Domo
1827 2846 1890 2880 vel

257 2908 435 2954 Collegio
459 2907 582 2954 ipsius
606 2907 835 2953 habitasset,
862 2907 1093 2954 prudentiae
1118 2905 1338 2952 Superioris
1362 2904 1600 2940 dimittentis
1629 2904 1891 2953 relinquetur,

258 2972 313 3012 ut,
331 2967 464 3003 habita
483 2968 634 3003 ratione
649 2973 732 3003 tum
745 2966 966 3014 aequitatis,
989 2972 1070 3001 tum
1089 2965 1387 3010 aedificationis,
1418 2969 1577 3009 statuat,
1613 2975 1707 2999 num
1738 2963 1793 2999 illi
1822 2963 1889 2998 ali-

255 3026 348 3074 quid
366 3027 547 3073 amplius,
566 3038 681 3074 quarn
699 3025 803 3073 quod
821 3025 1020 3061 invenitur
1037 3025 1087 3060 de
1105 3026 1222 3060 rebus
1242 3024 1379 3071 ipsius,
1397 3023 1479 3059 dari
1507 3023 1666 3068 debeat,
1691 3033 1890 3058 necne...»

259 3086 392 3122 Const.
413 3087 485 3122 lat.
512 3090 550 3122 et
566 3087 686 3132 hisp„
706 3096 795 3132 pag.
823 3086 883 3132 763
902 3091 942 3121 et
967 3096 1055 3131 pag.
1076 3084 1136 3129 78,
1155 3084 1300 3120 declar.
1321 3085 1366 3122 B.
