2098 3470
595 746 923 800 NOTITIA
979 747 1345 801 CODICUM

246 865 310 896 Ex
332 865 510 904 QUIBUS
533 865 687 905 HUJUS
711 865 976 896 VOLUMINIS
1000 867 1303 897 MONUMENTA
1331 866 1696 907 DEPROMUNTUR

239 995 304 1033 De
318 995 521 1034 nonnullis
535 995 775 1044 Hieronymi
794 996 949 1034 Natalis
965 997 1190 1043 codicibuS‚
1205 1003 1300 1046 post
1317 998 1489 1046 primam
1507 999 1789 1035 recensionem

158 1067 341 1116 repertis,
361 1066 496 1114 deque
515 1068 790 1105 monumentis
817 1075 872 1104 ex
900 1067 1045 1105 iisdem
1073 1080 1096 1105 a
1130 1068 1248 1106 nobis
1282 1068 1584 1117 depromendis,
1605 1069 1644 1106 in
1666 1081 1788 1117 supe-

158 1138 252 1177 riori
267 1137 516 1187 praefatione
535 1138 631 1175 satis
651 1149 854 1186 superque
874 1139 1149 1177 disseruimus.
1169 1139 1404 1187 Antequam
1422 1145 1558 1177 autem
1578 1140 1629 1177 ad
1650 1151 1791 1177 eorum

160 1209 476 1258 descriptionem
489 1209 715 1255 veniamus,
731 1221 862 1258 pauca
878 1210 930 1247 de
946 1210 1088 1247 ordine
1103 1222 1126 1247 a
1141 1210 1260 1248 nobis
1276 1211 1479 1251 servando
1494 1212 1792 1260 praemittenda

161 1285 267 1319 sunt.
282 1279 345 1319 Ac
362 1279 494 1329 primo
514 1281 680 1328 quidem
695 1281 788 1318 loco
807 1281 1033 1319 exhibendi
1052 1282 1242 1320 videntur
1260 1283 1356 1319 novi
1373 1282 1551 1329 codices,
1573 1294 1646 1320 seu
1661 1284 1698 1328 ii,
1719 1284 1787 1330 qui

161 1351 202 1391 in
233 1351 363 1390 tribus
394 1351 735 1400 praecedentibus
764 1353 1026 1401 epistolarum
1059 1353 1213 1390 Natalis
1245 1353 1520 1391 voluminibus
1540 1366 1623 1391 non
1648 1365 1790 1391 recen-

163 1423 227 1461 siti
245 1423 419 1462 fuerunt.
446 1423 607 1461 Deinde
640 1435 738 1461 vero
765 1425 926 1471 caeteri,
952 1436 1127 1472 quorum
1154 1425 1379 1473 pleniorem
1409 1426 1593 1463 notitiam
1612 1426 1792 1474 proferre

163 1505 314 1544 operae
331 1495 506 1543 pretium
535 1494 740 1532 duximus.
775 1495 868 1533 Duo
900 1501 1036 1533 autem
1069 1496 1134 1533 hic
1167 1496 1345 1534 breviter
1378 1502 1473 1534 sunt
1500 1497 1792 1545 praenotanda.

163 1565 353 1612 Primum,
373 1577 515 1603 omnes
535 1566 611 1603 hos
631 1566 797 1604 codices
817 1567 1054 1604 chartaceos
1079 1578 1183 1614 esse;
1203 1579 1280 1605 nec
1299 1568 1471 1616 proinde
1497 1557 1576 1605 h'oc
1595 1568 1635 1604 in
1657 1569 1791 1617 singu-

163 1637 211 1676 lis
229 1637 510 1686 repetendum.
531 1636 727 1684 Alterum,
741 1643 980 1686 perpetuam
999 1650 1260 1676 numerorum
1275 1639 1432 1685 seriem,
1449 1650 1529 1687 qua
1544 1639 1794 1687 praeceden—

163 1709 264 1748 tium
296 1709 547 1746 voluminum
567 1709 732 1746 codices
766 1709 1037 1756 distinximus,
1070 1696 1110 1747 in
1136 1711 1216 1748 hoc
1250 1698 1394 1758 quarto
1414 1715 1455 1748 et
1482 1711 1623 1748 ultimo
1652 1722 1792 1759 prose-

162 1780 380 1829 quendam.
402 1780 523 1818 Unde
542 1791 636 1818 cum
653 1781 758 1818 tertii
777 1782 875 1818 tomi
896 1782 1079 1819 recensio
1098 1783 1138 1819 in
1160 1782 1304 1820 codice
1323 1790 1368 1830 55
1387 1782 1559 1829 desinat,
1579 1784 1680 1820 haec
1698 1794 1720 1820 a
1746 1783 1796 1829 56

161 1851 319 1890 initium
337 1851 481 1890 ducit..

576 1994 812 2034 CODICES
842 1995 1170 2034 SOCIETATIS
1194 1997 1319 2045 JESU
1351 1996 1375 2035 ¹.

833 2100 1015 2142 Codex
1045 2101 1128 2142 56

247 2206 417 2247 Collecta
427 2213 507 2258 per
525 2208 579 2248 P.
601 2208 908 2257 Natalem.-In
928 2209 1001 2257 4.⁰‚
1021 2211 1272 2258 compositus
1291 2215 1332 2247 et
1357 2221 1604 2259 pergamena
1625 2222 1796 2258 cooper-

162 2284 228 2318 tus
242 2280 328 2328 jam
358 2291 382 2317 a
401 2284 600 2328 tempore,
619 2291 702 2331 quo
734 2281 776 2318 P.
811 2281 964 2318 Natalis
993 2293 1043 2318 eo
1063 2281 1264 2327 utebatur,
1285 2287 1328 2318 ut
1348 2281 1467 2318 nobis
1487 2281 1659 2327 videtur,
1681 2287 1720 2318 et
1741 2294 1795 2318 ex

163 2350 322 2400 scriptis
346 2351 387 2388 in
425 2351 512 2400 ipsa
539 2350 776 2389 membrana
805 2351 1004 2400 probabili
1034 2353 1269 2401 conjectura
1303 2353 1387 2389 erui
1421 2357 1567 2400 potest.
1602 2352 1717 2389 Haec
1756 2353 1795 2389 in

163 2422 301 2468 dorso,
320 2434 443 2460 manu
464 2422 506 2459 Ρ.
523 2422 713 2470 Jimenez,
739 2423 804 2460 vel
830 2423 906 2460 alia
933 2423 1062 2470 simili,
1091 2424 1240 2471 scripta
1260 2423 1395 2461 habet.
1427 2423 1489 2460 «A
1515 2424 1520 2470 Ι
1546 2423 1709 2460 Exer.0s
1730 2423 1796 2460 del

163 2493 331 2544 original
355 2494 361 2541 ξ
387 2493 504 2542 Quae
522 2493 639 2541 primi
672 2494 810 2532 Patres
843 2494 965 2532 decre
990 2506 994 2539 ι
1021 2500 1167 2540 uerunt
1191 2498 1196 2540 Ι
1222 2494 1346 2531 modo
1373 2494 1426 2531 de
1446 2506 1536 2531 orar
1556 2494 1607 2531 de
1627 2494 1675 2531 N.
1699 2494 1739 2531 P.
1766 2495 1771 2540 l

43 2539 67 2558 γ’
111 2573 115 2577 ’
164 2564 269 2603 Acta
287 2564 490 2612 quaedam
523 2564 566 2602 Ρ.
595 2565 739 2614 Ignatii
763 2566 769 2614 Ι
794 2565 891 2602 Pars
911 2566 1061 2603 cronici
1092 2565 1304 2602 Societatis
1330 2564 1335 2615 Ι
1361 2565 1408 2602 R.
1443 2565 1485 2602 P.
1506 2564 1669 2613 Laynez
1689 2564 1739 2601 ad
1766 2567 1771 2611 1

164 2635 207 2674 Ρ.
227 2635 504 2674 Salmeronem
527 2638 534 2684 1
559 2636 722 2673 Patrum
741 2636 849 2674 dicta
874 2636 1027 2684 aliquot
1051 2636 1057 2684 Ι
1082 2636 1389 2673 Annotaciones
1411 2635 1532 2673 sobre
1558 2636 1619 2672 los
1640 2637 1795 2672 exerci-

164 2708 250 2745 cios
273 2707 280 2756 1
304 2707 368 2744 De
386 2707 636 2756 perfectione
656 2707 915 2745 obedientiae
936 2707 1148 2745 Societatis
1174 2707 1179 2754 Ι
1204 2707 1267 2743 De
1288 2707 1611 2754 frequentatione
1635 2706 1795 2743 Eucha-

163 2778 336 2816 ristiae.»
353 2777 443 2816 Alia
462 2789 596 2815 manu:
620 2777 826 2815 «Collecta
847 2790 920 2826 per
943 2780 948 2826 ξ
974 2778 1015 2815 Ρ.
1037 2777 1259 2815 Natalem.»

245 2847 415 2886 Constat
434 2848 538 2886 foliis
561 2849 631 2898 361
655 2855 839 2886 recenter
858 2849 1036 2898 signatis.
1059 2848 1144 2885 Fol.
1178 2858 1209 2893 1,
1229 2848 1269 2884 in
1296 2848 1434 2884 charta
1453 2848 1618 2884 minoris
1639 2847 1794 2883 dimen-

165 2919 291 2957 sionis
311 2920 388 2968 ipsi
406 2920 667 2969 agglutinata,
682 2919 851 2957 exhibet
870 2925 1110 2966 sequentem
1126 2919 1302 2955 indicem
1321 2929 1467 2963 rerum,
1488 2917 1539 2954 ab
1561 2918 1701 2967 ignota
1722 2929 1797 2953 no-

232 3067 241 3087 ¹
297 3067 358 3102 De
375 3066 435 3102 his
453 3065 544 3102 vide
561 3077 662 3113 quae
680 3065 849 3101 diximus
868 3066 907 3101 in
926 3066 1056 3115 Epist.
1079 3065 1125 3100 P.
1147 3064 1298 3107 Nadal‚
1318 3064 1346 3110 l,
1367 3072 1481 3100 XXW.

342 3130 454 3159 Ernst.
476 3130 511 3158 Ρ.
533 3130 666 3163 ΝΑοΑι,
687 3137 762 3158 τως.
783 3130 844 3158 lv.
1605 3127 1623 3154 2
