2098 3470
809 207 1241 262 Ins-mucnonns—61
1730 207 1800 254 375

207 311 433 364 sitatione,
455 317 774 378 praeteream,
805 324 941 366 quam
969 324 1026 353 ex
1053 308 1196 352 literis
1227 309 1392 352 absens
1421 308 1628 365 accipere
1656 308 1839 366 poterit.

204 388 398 434 Curabit
418 388 526 432 item
547 396 598 431 vt
617 401 672 431 ea
693 394 906 444 agantur,
930 401 1047 442 quae
1068 384 1358 443 praescripsit
1385 386 1565 441 agenda
1594 386 1842 442 generalis,

202 465 371 521 quibus
391 466 448 510 de
470 465 608 508 rebus
623 479 729 508 eum
750 463 935 508 docebit
955 463 1076 506 idem
1099 461 1344 519 generalis.

288 541 390 585 ,Erit
412 541 708 585 commissarii
728 541 776 583 in
797 541 892 584 suis
914 539 1162 596 prouinciis
1182 539 1438 592 instituere,
1464 539 1537 583 vel
1568 522 1746 584 mutare
1768 555 1841 583 re-

202 626 353 663 ctores
374 627 420 663 et
442 617 790 675 prouincialium
812 618 1114 667 consultores,
1138 615 1328 671 eiusque
1350 615 1414 658 rei
1446 614 1664 664 rationem
1694 616 1842 672 expli-

203 694 327 738 cabit
347 694 602 752 praeposito
630 693 851 751 generali.
886 694 1025 750 Quod
1046 707 1155 738 vero
1184 693 1243 735 ad
1270 699 1471 735 rectores
1507 699 1553 736 et
1585 695 1843 747 praefectos

202 771 521 828 probationum
551 771 727 824 attinet,
758 771 869 814 illud
905 771 1137 822 obseruet,
1168 776 1233 821 vt,
1264 769 1302 812 si
1339 769 1579 813 commode
1607 771 1840 825 expectari

201 848 345 905 possit
360 848 586 905 generalis
606 847 849 905 praepositi
870 847 1112 899 sententia,
1138 861 1234 890 non
1256 853 1390 890 antea
1406 846 1463 890 26
1485 845 1585 889 illos
1607 845 1834 899 instituat,

175 933 180 938 “
198 938 336 980 quam
357 925 549 982 accipiat
568 924 811 981 praepositi
832 924 1059 981 generalis
1080 922 1298 966 iudicium
1320 931 1366 967 et
1388 922 1739 979 praescriptum.

287 1002 567 1046 Mutationes
590 1004 778 1045 fratrum
795 1002 852 1044 ab
870 1016 959 1044 vna
974 1000 1210 1057 prouincia
1225 999 1271 1042 in
1289 999 1438 1054 aliam,
1459 1000 1496 1042 si
1513 999 1632 1043 inter
1650 1015 1698 1043 se
1715 1001 1834 1044 bene

197 1078 554 1135 prouincialibus
568 1077 860 1132 conuenient,
878 1085 1094 1134 poterunt
1111 1077 1261 1120 facere
1277 1076 1597 1132 prouinciales,
1612 1091 1704 1119 non
1722 1091 1836 1119 con-

198 1155 450 1200 tradicente
486 1154 812 1207 commissario,
851 1154 919 1198 sin
943 1154 1032 1197 illis
1052 1154 1170 1199 inter
1202 1169 1253 1198 se
1274 1168 1366 1196 non
1394 1154 1679 1206 conueniret,
1706 1167 1835 1196 corn-

195 1228 387 1275 missarii
407 1231 493 1276 erit
510 1239 686 1276 mutare
707 1239 886 1275 nostros
907 1232 965 1275 ab
985 1246 1076 1275 vna
1096 1230 1332 1287 prouincia
1349 1230 1395 1273 in
1412 1230 1547 1273 aliam
1564 1238 1610 1273 et
1627 1229 1832 1273 necessi·

196 1307 367 1352 tatibus
387 1308 683 1365 collegiorum
705 1308 839 1353 etiam
857 1323 914 1351 ex
935 1307 1032 1352 aliis
1051 1307 1300 1364 prouinciis
1322 1307 1579 1364 prouidere3
1617 1308 1698 1352 sed
1725 1307 1825 1350 eius

179 1373 282 1430 *erit
301 1385 680 1439 animaduertere,
720 1399 778 1428 ne
800 1400 904 1429 cum
940 1385 1116 1430 iactura
1141 1384 1188 1427 id
1216 1385 1294 1428 fiat
1323 1399 1482 1429 eorum
1503 1383 1819 1440 collegiorum,

195 1461 316 1506 vnde
337 1469 471 1511 erunt
492 1461 715 1506 mutandi.

281 1538 497 1584 Eiusdem
518 1539 655 1583 etiam
677 1539 765 1584 erit
782 1554 942 1583 curare
962 1554 1037 1593 ne,
1061 1546 1247 1596 propter
1263 1539 1562 1596 collegiorum
1579 1539 1654 1583 vel
1670 1539 1830 1582 domo-

191 1629 291 1658 rum
314 1615 630 1674 indigentiam,
664 1617 739 1660 vel
759 1631 1057 1673 personarum
1087 1617 1431 1669 abundantiam,
1461 1615 1698 1660 omittatur
1725 1615 1830 1658 dili—

189 1705 306 1749 gens
326 1707 437 1737 cura
452 1701 498 1738 et
514 1695 698 1738 feruens
714 1693 917 1737 studium
935 1692 1233 1751 promouendi
1250 1693 1439 1738 idoneos
1456 1693 1514 1736 ad
1532 1692 1828 1745 Societatem,

189 1768 263 1813 vel
283 1770 482 1827 receptio
503 1784 898 1827 quorumcunque,
924 1771 1002 1826 qui
1025 1771 1118 1828 apti
1146 1770 1426 1814 videbuntur
1448 1771 1505 1813 ad
1528 1770 1821 1815 Societatem.

189 1847 292 1891 Hoc
314 1847 467 1901 faciet,
491 1847 529 1892 si
550 1847 791 1904 prouideat
819 1855 868 1891 vt
890 1849 948 1891 ab
970 1863 1061 1891 vna
1086 1847 1328 1905 prouincia
1357 1847 1403 1890 in
1432 1847 1566 1891 aliam
1594 1847 1664 1891 sui
1688 1846 1827 1890 officii

187 1923 425 1968 mittantur
447 1924 634 1981 recepti,
658 1926 732 1970 vel
769 1926 956 1969 omnino
993 1925 1039 1968 in
1073 1925 1184 1969 alias
1215 1924 1493 1982 prouincias,
1533 1925 1605 1969 vel
1636 1926 1826 1968 Romam

139 2051 145 2055 ‚
189 2001 349 2046 selecti
368 2003 442 2046 vel
463 2002 503 2045 si
523 2003 600 2046 det
630 2017 831 2059 operam,
855 2009 904 2045 vt
932 2002 1200 2059 diligentius
1222 2003 1524 2058 exquirantur
1545 2002 1604 2046 27
1627 2003 1824 2045 eleemo-

187 2091 343 2135 synae,
367 2078 504 2123 etiam
524 2086 653 2122 extra
674 2079 895 2132 ordinem,
915 2080 972 2124 ad
994 2094 1141 2123 nouos
1163 2080 1362 2124 nouitios
1384 2080 1726 2124 sustentandos.

280 2156 440 2200 Bullae
462 2155 735 2212 apostolicae
762 2158 836 2201 vel
872 2157 1046 2213 breuia,
1078 2157 1115 2200 si
1142 2171 1232 2214 qua
1260 2157 1496 2200 mittantur
1526 2172 1583 2200 ex
1612 2157 1752 2208 Vrbe,
1778 2163 1829 2198 vt

188 2233 337 2278 solent
356 2233 600 2288 aliquando
622 2247 704 2290 pro
733 2234 900 2278 nostris
929 2234 1151 2290 neg-ociis,
1178 2249 1270 2278 non
1298 2234 1730 2291 praesentabuntur,
1756 2234 1828 2276 vel

186 2309 366 2354 illorum
387 2325 496 2354 vsus
518 2325 610 2354 non
632 2310 718 2354 erit
739 2310 785 2354 in
806 2310 1071 2367 prouinciis,
1097 2311 1196 2355 sine
1217 2310 1515 2354 commissarii
1537 2309 1829 2367 approbatio-

183 2388 260 2440 'ne3
285 2387 408 2444 quod
428 2387 467 2431 si
489 2387 740 2444 periculum
762 2397 883 2432 esset
904 2387 950 2431 in
973 2402 1116 2441 mora,
1142 2402 1226 2431 nec
1243 2396 1400 2445 posset
1418 2403 1520 2432 esse
1539 2401 1752 2431 recursus
1770 2387 1826 2429 ad

185 2463 546 2508 commissarium
570 2465 822 2518 commode,
848 2464 1070 2508 consultis
1092 2465 1266 2521 peritis,
1292 2465 1402 2508 satis
1425 2464 1511 2509 erit
1535 2463 1828 2520 prouincialis

185 2553 454 2584 consensus.

273 2618 411 2662 Nulla
438 2617 493 2660 lis
522 2618 713 2662 forensis
741 2618 996 2672 inchoetur,
1031 2619 1104 2662 vel
1134 2618 1444 2669 continuetur,
1481 2617 1578 2660 sine
1611 2616 1709 2660 eius
1742 2630 1823 2671 ap-

183 2694 466 2750 probatione.
506 2694 837 2739 Auctoritatem
875 2695 1062 2740 ineundi
1100 2703 1362 2739 contractus
1401 2694 1586 2737 habebit
1620 2709 1645 2736 a
1681 2707 1826 2748 gene-

183 2770 265 2814 rali
302 2771 653 2825 commissarius,
694 2771 821 2815 iuxta
858 2772 1077 2815 rationem
1109 2772 1280 2815 decreti
1319 2769 1692 2826 congregationis
1730 2783 1813 2824 ge-

183 2846 365 2892 neralis.

272 2925 397 2981 Aget
418 2924 515 2981 ipse
536 2925 592 2968 de
614 2925 883 2970 fundatione
905 2925 1220 2982 collegiorum,
1248 2939 1360 2980 quas
1396 2932 1544 2966 tamen
1578 2936 1667 2964 non
1705 2935 1817 2963 con-

182 3000 427 3044 summabit
454 3002 626 3058 absque
647 3015 872 3046 consensu
902 3016 1116 3059 expresso
1143 3001 1368 3058 generalis
1391 2998 1648 3056 praepositi.
1677 2997 1819 3053 Quod
