2098 3470
364 258 431 303 164
832 260 986 297 PATRJS
1013 262 1253 298 H1ERONYM1
1282 263 1432 299 NADAL

312 360 463 404 statim
492 367 538 403 ut
561 360 730 404 scimus
759 375 859 406 esse
887 370 1060 416 curata,
1092 363 1333 419 diligenter
1361 378 1572 407 curamus
1600 365 1674 408 illa
1702 365 1938 422 resignari.

312 439 366 480 Et
390 438 599 493 quamuis
621 453 677 481 ex
699 439 867 495 duplici
885 441 1132 496 diplomate
1150 440 1396 496 apostolico
1414 442 1636 496 possimus
1654 442 1846 498 collegia
1863 444 1942 486 ad-

310 514 487 558 mittere
509 529 534 558 e
557 514 797 570 quibusuis
814 517 946 559 bonis
962 518 1131 569 dotata,
1153 518 1289 559 modo
1311 517 1487 560 illorum
1506 518 1687 561 collatio
1708 519 1765 562 ad
1787 520 1939 563 sedem

309 591 602 647 apostolicam
626 606 717 635 non
740 593 980 648 pertineat,
1006 608 1094 636 non
1126 593 1407 636 admittimus
1436 602 1586 638 tamen
1615 594 1837 639 beneficia
1858 609 1939 639 cu-

307 676 403 711 rata
425 668 629 725 collegiis
646 669 778 722 vniri,
801 669 885 712 nisi
903 670 1027 726 prius
1045 670 1290 726 apostolica
1306 671 1599 723 authoritate,
1629 672 1700 715 uel
1718 672 1806 715 alio
1829 686 1939 716 cura

308 746 606 788 transferatur
627 760 730 789 cum
747 746 959 789 omnibus
977 746 1311 799 emolumentis,
1338 748 1410 791 uel
1434 747 1614 791 vicariis
1641 747 1846 804 legitime
1867 749 1937 792 in-

306 822 492 874 stitutis,
519 837 622 866 cum
661 824 1000 882 abundantibus
1038 823 1352 879 prouentibus,
1394 824 1470 880 qui
1500 839 1653 867 curam
1684 824 1935 868 animarum

305 900 487 952 obeant,
509 907 558 942 ut
576 915 632 944 ex
649 900 822 956 reliquo
841 901 985 943 nostri
1002 900 1260 944 scholastici
1278 901 1523 944 sustentari
1541 901 1730 958 possint,
1750 901 1827 957 qui
1846 916 1936 945 non

304 977 451 1019 solum
472 986 575 1033 post
596 977 765 1031 studia,
790 979 870 1022 sed
893 977 937 1019 in
956 977 1118 1021 studiis
1140 978 1275 1022 etiam
1299 978 1407 1034 ipsis
1428 978 1600 1022 animas
1617 978 1938 1023 ecclesiasticis

304 1052 563 1097 ministeriis
590 1054 750 1098 iuuare
788 1055 971 1098 student
1002 1054 1132 1098 iuxta
1161 1055 1410 1098 uocationis
1438 1070 1548 1099 suae
1576 1055 1851 1098 institutum.
1879 1057 1936 1098 Et

302 1130 413 1173 illud
441 1130 623 1186 quide'm
650 1133 736 1174 hoc
765 1132 864 1175 loco
893 1146 984 1174 non
1013 1131 1096 1175 erit
1128 1131 1324 1175 alienum
1346 1131 1652 1176 admonuisse:
1678 1131 1855 1176 Inuidia
1876 1133 1935 1177 de

302 1207 373 1251 his
402 1209 538 1252 rebus
566 1209 772 1252 laborare
800 1208 1073 1253 Societatem
1102 1216 1286 1264 propter
1308 1209 1534 1252 meritum.
1562 1208 1784 1265 Cogimur
1813 1208 1933 1253 enim

301 1285 458 1328 audire
480 1285 702 1328 infinitam
726 1301 947 1329 summam
970 1301 1026 1328 ex
1047 1285 1279 1328 beneficiis
1295 1285 1526 1341 possidere
1548 1285 1840 1330 Societatem:
1861 1285 1934 1329 fu-

302 1372 452 1406 turum
471 1362 600 1407 breui
617 1370 667 1406 ut
685 1363 836 1406 omnia
853 1362 1112 1419 possideant
1131 1362 1300 1406 teatini.
1324 1363 1452 1415 Rem,
1468 1370 1517 1405 ut
1533 1378 1642 1407 uere
1658 1370 1744 1415 est,
1760 1362 1931 1415 audite,

303 1440 460 1482 Patres
488 1439 617 1481 Illmi.
650 1440 769 1483 Sunt
797 1439 842 1481 in
872 1439 1100 1484 Societate
1128 1439 1226 1483 siue
1255 1439 1432 1492 domus,
1467 1438 1564 1482 siue
1593 1438 1800 1495 collegia,
1832 1438 1930 1482 siue

300 1515 569 1559 residentiae
592 1516 647 1558 ad
676 1527 772 1570 150.
800 1517 867 1558 Ex
890 1515 960 1559 his
984 1529 1038 1570 30
1061 1515 1240 1559 circiter
1268 1515 1313 1558 in
1336 1515 1472 1558 Indiis
1493 1522 1538 1558 et
1567 1515 1720 1572 regnis
1741 1515 1840 1578 aliis
1861 1530 1932 1559 se-

298 1592 521 1636 renissimi
544 1593 667 1650 regis
698 1593 1020 1649 Portugalliae.
1052 1594 1121 1636 De
1145 1593 1216 1636 his
1241 1607 1296 1647 30
1318 1593 1428 1635 nihil
1457 1600 1526 1637 est
1553 1594 1676 1648 quod
1705 1592 1926 1636 dicamus.

299 1671 396 1714 Rex
429 1670 515 1714 274
538 1672 739 1728 Joannes
774 1663 805 1722 ¹,
826 1669 998 1714 foelicis
1027 1669 1285 1722 memoriae,
1316 1677 1361 1713 et
1389 1670 1487 1713 eius
1518 1671 1654 1712 frater
1691 1669 1932 1728 cardinalis

298 1747 448 1790 infans
477 1748 510 1800 ²,
543 1747 618 1790 illa
646 1747 841 1804 collegia
870 1756 1088 1790 curarunt
1117 1747 1335 1799 dotanda,
1368 1747 1499 1790 nobis
1527 1746 1638 1789 nihil
1665 1745 1924 1802 agentibus.

298 1824 502 1880 Reliquis
539 1826 634 1869 fere
678 1838 758 1880 130
797 1833 814 1849 ἢ
851 1825 1174 1867 confirmamus
1211 1825 1340 1880 plura
1377 1839 1468 1867 non
1506 1839 1605 1868 esse
1627 1823 1754 1866 unita
1791 1837 1926 1878 quam

297 1901 498 1957 quinque
521 1901 739 1946 beneficia
762 1910 932 1944 curata.
960 1903 1055 1945 Nec
1079 1902 1207 1957 plura
1224 1901 1407 1944 omnino
1425 1916 1597 1952 eorum,
1619 1915 1736 1956 quae
1760 1901 1815 1943 ad
1834 1901 1927 1943 col-

296 1979 509 2023 lationem
543 1979 664 2022 sedis
708 1978 982 2034 apostolicae
1010 1978 1248 2030 attineant,
1279 1992 1335 2021 ex
1368 1977 1650 2034 benignitate
1679 1977 1938 2034 apostolica·

297 2057 422 2100 unita
445 2064 568 2110 sunt,
594 2071 729 2112 quam
753 2070 868 2111 quae
890 2055 1119 2111 attingant
1137 2056 1193 2098 ad
1209 2068 1326 2108 4000
1344 2066 1662 2098 coronatorum
1681 2069 1924 2098 summam.

296 2132 537 2188 Reliquum
574 2131 856 2175 dotationum
897 2132 988 2193 fere
1011 2145 1066 2174 ex
1098 2131 1425 2187 temporalibus
1454 2130 1585 2173 bonis
1614 2137 1807 2183 constat,
1835 2130 1924 2181 uel,

295 2209 331 2252 si
355 2211 477 2265 quod
499 2209 771 2253 beneficium
793 2210 849 2251 de
871 2209 968 2251 iure
990 2215 1254 2264 patronatus
1272 2207 1465 2264 collegio
1488 2207 1621 2250 alicui
1651 2206 1827 2250 unitum
1849 2207 1925 2259 sit,

295 2287 352 2330 de
374 2294 670 2342 patronorum
692 2285 942 2337 voluntate3
969 2293 1013 2329 et
1033 2293 1186 2328 tamen
1210 2285 1354 2327 multo
1377 2283 1598 2327 maximus
1627 2282 1924 2339 collegiorum

297 2378 515 2408 numerus
539 2363 611 2406 uel
634 2363 758 2406 nulla
779 2370 885 2405 sunt
911 2363 982 2404 uel
1001 2361 1249 2418 perexigua
1266 2361 1516 2404 dotatione.
1538 2362 1687 2416 Quam
1705 2352 1925 2404 rationem

297 2440 388 2485 leui
410 2440 607 2496 negocio
630 2439 743 2483 inire
770 2453 1006 2495 possemus
1037 2446 1173 2494 atque
1200 2439 1471 2490 subducere,
1504 2437 1540 2480 si
1569 2437 1614 2479 id
1642 2437 1819 2480 luberet
1847 2437 1924 2481 doz

300 2516 625 2560 minationibus
646 2516 809 2561 vestris
831 2516 982 2558 Illmis.
1010 2516 1178 2558 audire.

382 2595 518 2638 Certe
540 2593 784 2650 collegium
806 2607 1058 2644 romanum,
1086 2592 1162 2634 ubi
1193 2599 1281 2635 tam
1311 2592 1478 2634 multos
1501 2591 1795 2646 professores,
1825 2598 1922 2633 tan-

293 2678 381 2715 tam
407 2671 583 2727 copiam
607 2669 981 2714 scholasticorum
1006 2669 1183 2721 alimus,
1209 2669 1357 2711 nullos
1380 2667 1540 2711 habuit
1572 2669 1795 2712 hactenus
1822 2668 1921 2711 red-

290 2748 430 2791 ditus:
457 2763 512 2791 ex
530 2746 831 2803 eleemosynis
854 2745 948 2790 S.mi
975 2746 1144 2789 domini
1174 2745 1314 2788 nostri
1343 2754 1387 2789 et
1417 2744 1599 2789 aliunde
1627 2760 1683 2789 ex
1711 2743 1921 2788 omnibus

363 2896 380 2912 a
431 2884 509 2920 Sic.

364 3013 373 3032 ¹
425 3011 597 3056 Joannes
617 3008 684 3055 III,
703 3019 773 3043 rex
792 3005 1035 3042 Lusitaniae.

359 3070 373 3091 ²
422 3068 631 3112 Henricus,
652 3065 877 3102 Lusitaniae
897 3065 1091 3111 princeps,
1117 3063 1276 3107 Joannis
1296 3064 1352 3099 III
1367 3063 1502 3099 frater.
