2098 3470
673 221 950 261 Mortuum-ra
975 204 1326 260 Gauianus—31
1706 230 1749 259 21
1754 231 1778 268 5

185 331 325 385 atque
350 323 529 378 indole,
557 324 640 370 sed
666 324 803 370 etiam
829 323 1066 378 mediocri,
1090 338 1144 368 ac
1172 323 1310 369 etiam
1338 322 1542 366 inferiori
1558 358 1568 377 ,
1593 323 1670 380 qui
1692 338 1823 368 suam

184 415 367 458 operam
388 400 565 458 possint
586 402 778 458 probare
798 415 887 458 pro·
899 399 1243 444 coadiutoribus
1263 399 1561 456 simplicibus.

271 477 522 534 Quietiam
551 493 633 534 pro
660 477 1001 522 coadiutoribus
1029 475 1354 533 temporalibus
1377 476 1671 532 recipientur,
1704 478 1751 530 ii,
1783 479 1822 522 si

182 553 290 612 quid
327 543 526 598 babeant
560 554 735 611 ingenii
771 555 829 598 ad
862 554 1033 605 literas,
1073 552 1251 597 facilius
1286 560 1480 609 possunt
1511 554 1730 610 applicari
1764 556 1822 598 ad

181 631 336 684 literas
352 639 399 677 et
413 631 512 676 fieri
529 633 712 675 tandem
727 631 1007 676 sacerdotes.
1026 631 1156 674 Haec
1171 630 1364 687 piscatio
1384 632 1413 683 ¹,
1432 629 1471 673 si
1487 644 1676 686 vsquam
1694 631 1818 684 alibi,

180 707 229 752 in
247 701 503 754 Germania*
515 708 710 752 maxime
731 715 802 753 est
822 707 1132 764 superioribus
1153 707 1529 751 commendanda.

269 785 352 829 Est
372 785 556 840 quidem
575 784 819 836 dificultas,
843 785 963 827 vnde
983 784 1164 828 alentur
1184 791 1277 828 tam
1298 784 1430 827 multi
1452 784 1678 841 germani,
1704 799 1821 840 quos

180 862 378 906 adducet
397 862 621 905 Dominus
642 862 700 905 ad
720 861 1012 906 Societatem.
1036 860 1265 904 Dominus
1293 868 1445 905 tamen
1466 861 1566 904 illos
1594 861 1701 914 alet,
1735 862 1815 918 qui

178 938 390 983 adducet.
422 939 583 994 Neque
613 938 734 983 enim
761 952 854 981 non
880 946 951 981 est
982 938 1198 982 habenda
1219 938 1353 994 plena
1379 938 1675 991 confidentia,
1700 939 1739 981 si
1762 952 1818 981 ex

176 1014 352 1060 ratione
386 1014 583 1059 instituti
619 1014 750 1058 multi
785 1014 1092 1071 suscipiantur
1126 1015 1186 1058 ad
1220 1014 1498 1059 Societatem
1512 1049 1522 1069 ,
1568 1015 1678 1072 quin
1716 1015 1819 1059 illos

177 1106 337 1138 omnes
351 1091 411 1136 sit
430 1093 606 1136 alturus
627 1099 766 1148 atque
786 1099 1128 1136 sustentaturus
1150 1094 1302 1148 Xpus.'

267 1170 367 1214 Vae
386 1169 517 1213 nobis
537 1169 576 1212 si
597 1184 687 1212 non
709 1169 923 1214 iuuemus
944 1169 1238 1214 Germaniam
1259 1170 1293 1212 ².

264 1248 427 1302 Neque
446 1261 501 1290 ea
516 1247 574 1289 de
590 1261 638 1290 re
654 1246 821 1290 soliciti
837 1261 939 1291 esse
954 1247 1191 1300 debemus,
1211 1247 1348 1290 modo
1361 1261 1416 1290 ea
1433 1246 1671 1298 faciamus,
1690 1261 1810 1302 quae

174 1323 223 1368 in
242 1323 376 1367 nobis
396 1323 484 1367 sita
504 1331 629 1375 sunt,
650 1338 860 1380 quaeque
881 1337 907 1366 e
929 1323 1066 1367 nobis
1087 1323 1234 1379 exigit
1250 1325 1394 1367 Deus.

261 1401 321 1445 Et
340 1401 519 1445 alentur
540 1400 723 1456 quidem
745 1407 971 1456 quotquot
993 1408 1208 1457 poterunt
1229 1400 1277 1443 in
1294 1401 1568 1458 germanicis
1586 1402 1811 1457 collegiis,

173 1484 271 1523 tum
290 1477 508 1532 fundatis,
534 1485 630 1522 tum
653 1477 915 1530 fundandis;
939 1477 1019 1533 qui
1038 1493 1149 1522 vero
1170 1477 1218 1520 in
1245 1478 1494 1522 Germania
1521 1478 1581 1521 ali
1609 1493 1703 1522 non
1734 1493 1817 1535 po-

171 1561 341 1608 terunt,
371 1569 454 1599 eos
480 1569 722 1600 necessum
749 1554 836 1598 erit
863 1555 985 1611 apud
1016 1562 1210 1599 matrem
1247 1555 1453 1598 omnium
1492 1555 1813 1613 collegiorum,

108 1680 110 1682 ,
170 1628 384 1685 Romam,
413 1632 495 1684 ali,
525 1631 625 1676 siue
651 1631 698 1675 in
725 1631 943 1689 collegio,
975 1631 1074 1676 siue
1102 1631 1150 1675 in
1177 1632 1462 1689 probationis
1489 1633 1642 1687 domo;
1676 1641 1815 1689 atque

170 1709 287 1752 adeo
305 1708 418 1752 illud
437 1708 523 1752 erit
539 1707 759 1765 optimum
777 1723 944 1753 nomen
959 1723 1014 1752 ac
1030 1709 1164 1763 ratio,
1183 1724 1275 1766 qua
1291 1709 1446 1753 induci
1463 1718 1682 1766 poterunt
1698 1725 1815 1768 pon·
1883 1748 1890 1754 .

101 1830 105 1838 ,
168 1785 279 1830 tifex
298 1799 517 1829 romanus
537 1793 584 1829 et
606 1785 853 1843 collegium
873 1785 1190 1839 cardinalium,
1215 1794 1266 1829 vt
1286 1787 1448 1831 dotent
1470 1787 1717 1844 collegium
1741 1802 1814 1831 ro-

168 1876 373 1916 manum,
395 1863 470 1906 vel
491 1862 655 1906 iuuent
678 1862 877 1919 copiosis
898 1863 1215 1919 eleemosynis.

257 1941 392 1983 Esset
411 1938 618 1996 inprimis
637 1939 749 1985 vtile
776 1940 815 1984 si
842 1940 1159 1984 sanctissimus
1186 1940 1400 1985 dominus
1427 1948 1583 1986 noster
1614 1943 1812 1999 amplam

62 2000 100 2079 f
165 2016 447 2074 probationis
466 2017 652 2070 domum
675 2017 722 2061 in
743 2008 991 2062 Germania
1014 2017 1227 2061 fundaret
1242 2025 1288 2062 et
1304 2018 1499 2071 dotaret,
1521 2020 1643 2075 quod
1661 2033 1813 2076 nego-

68 2087 99 2155 ζ-
166 2092 290 2137 cium
315 2093 487 2150 recepit
515 2095 769 2138 curandum
798 2096 958 2138 Rmus.
989 2095 1361 2156 archiepiscopus
1388 2096 1693 2148 surrentinus,
1724 2096 1812 2139 Di-

139 2182 142 2183 ’
164 2169 292 2227 linga
311 2169 359 2214 in
380 2171 553 2215 Vrbem
574 2170 813 2215 discedens
834 2186 891 2215 ex
911 2171 1143 2228 legatione
1164 2172 1366 2229 belgica,
1391 2187 1419 2216 a
1441 2174 1580 2216 Patre
1602 2173 1812 2218 Societa-

85 2234 88 2239 ’
131 2255 135 2258 ’
168 2245 229 2290 tis
249 2254 443 2304 rogatus
465 2248 499 2291 ⁵.

254 2324 393 2380 Quod
413 2324 578 2369 attinet
598 2325 657 2368 ad
678 2324 1078 2382 gubernationem,
1101 2327 1217 2370 duas
1238 2326 1478 2383 opiniones
1498 2328 1556 2370 de
1579 2327 1811 2372 Societate

165 2407 408 2457 conceptas
428 2400 476 2445 in
497 2401 760 2454 Germania,
785 2417 903 2459 quae
924 2404 1220 2448 vehementer
1242 2412 1409 2447 nocent
1431 2405 1667 2457 Societati,
1693 2418 1810 2460 opus

84 2463 106 2483 ’“
163 2473 267 2536 [est]
290 2477 532 2534 depellere:
564 2477 706 2534 prima
728 2486 814 2531 est,
839 2493 923 2522 nos
944 2478 1134 2524 nimium
1156 2481 1302 2523 multa
1322 2488 1480 2537 petere
1502 2496 1584 2537 pro
1607 2483 1806 2524 fundan-

164 2553 235 2599 dis
255 2554 476 2612 oollegiis;
505 2554 569 2598 ita
596 2555 665 2610 fit,
695 2565 745 2598 vt
774 2556 904 2599 multi
931 2557 1247 2603 deterreantur
1277 2573 1303 2601 a
1335 2558 1680 2601 fundationibus
1710 2559 1808 2601 col-

237 2670 256 2696 ¹⁷
299 2671 476 2717 Scilicet,
494 2673 591 2709 haec
608 2685 702 2710 cura
718 2674 916 2711 alliciendi
934 2675 984 2711 ad
1001 2675 1240 2712 Societatem
1259 2687 1343 2722 eos,
1361 2677 1428 2723 qui
1445 2677 1525 2723 apti
1545 2676 1593 2711 ad
1611 2688 1696 2711 eam
1715 2688 1804 2712 cen-

164 2735 336 2778 scantur,
367 2732 582 2768 secundum
613 2732 710 2769 illud
740 2734 943 2778 Matthaei,
966 2746 1053 2782 cap.
1083 2735 1150 2781 IV,
1184 2747 1288 2772 vers.
1324 2744 1379 2780 19:
1413 2736 1592 2771 «Faciam
1623 2747 1692 2770 vos
1717 2735 1804 2771 fieri

85 2799 106 2846 ’ἑ
163 2788 380 2836 piscatores
397 2791 637 2828 hominum.»

103 2876 109 2881 ,
231 2848 249 2869 ¹
296 2848 398 2885 Vide
416 2861 556 2885 sensus
575 2850 726 2887 Natalis
750 2851 801 2887 de
824 2852 1036 2888 Germania
1055 2853 1244 2899 juvanda,
1264 2865 1312 2888 ex
1338 2853 1473 2888 codice
1498 2853 1638 2887 Natal.
1666 2856 1799 2899 opusc.

79 2900 122 2952 ξς
162 2905 427 2955 depromptos,
446 2908 486 2944 in
504 2909 633 2956 Epist.
655 2911 704 2947 P.
724 2910 875 2954 Nadal,
895 2912 929 2957 Ι,
947 2921 1059 2957 unx,
1079 2921 1180 2948 Lxx,
1774 2950 1778 2953 .

82 3005 88 3015 ἵ
104 2999 114 3014 .-
233 2967 250 2988 ³
297 2966 398 3002 Vide
415 2967 546 3013 Epist.
566 2968 616 3004 P.
635 2969 788 3013 Nadal,
806 2970 876 3016 111,
897 2979 978 3016 174.
996 2972 1065 3007 ubi
1081 2971 1131 3007 de
1150 2971 1307 3017 Juliano
1327 2971 1489 3017 Pavesi,
1508 2972 1805 3019 archiepiscopo

108 3031 143 3040 “
161 3026 400 3072 surrentino,
414 3026 598 3072 Dilingae
617 3034 839 3076 expectato,
858 3041 987 3066 sermo
1003 3030 1064 3067 fit.
