2098 3470
169 18 183 33 η
214 2 219 5 ⁴
239 0 728 36 W;szwffw”
749 0 820 30 Γ*

606 274 883 311 ΜοηωιεκτΑ
908 268 1165 308 Pnovmcma
1190 269 1528 315 Ruginium-53
1769 268 1840 315 3²5

247 376 487 429 destinati,
512 382 559 420 et
581 383 732 420 tamen
754 374 818 418 illi
848 388 942 417 non
977 374 1159 416 dantur:
1184 372 1241 415 de
1261 371 1429 428 quibus
1467 385 1733 428 responsum
1755 385 1889 414 acce·

250 459 385 510 ptum
406 451 543 496 scribi
564 451 731 509 poterit
751 451 810 495 ad
832 452 1013 495 Patrem
1037 449 1332 493 visitatorem.

647 585 693 615 CI
699 585 789 615 RCA
819 583 1100 614 COLLEGIUM
1131 583 1163 612 H
1170 582 1278 612 ERBI
1286 582 1374 612 POL
1380 582 1500 612 ENSE

346 684 598 742 Episcopus
619 684 888 741 profiteatur
903 684 1088 727 domum
1106 690 1152 727 et
1169 684 1370 734 hortum,
1382 695 1509 737 ‚quae
1525 688 1633 724 sunt
1650 681 1777 725 iuxta
1793 681 1892 725 col-

252 762 447 820 legium,
472 776 574 806 esse
600 760 860 805 monasterii
901 762 932 814 ¹,
970 774 1055 804 nos
1076 774 1188 804 uero
1211 759 1449 803 uoluntate
1470 766 1626 801 nostra
1647 765 1694 801 et
1722 760 1892 815 ad·no-

251 847 403 883 strum
425 837 762 895 beneplacitum
783 837 859 881 illa
881 837 1080 880 alumnis
1102 837 1354 880 concedere
1376 844 1409 878 ².

197 899 207 906 “
347 917 399 960 ln
421 915 512 959 alio
532 917 666 959 horto
686 915 840 958 nullus
861 914 1083 958 habitabit
1099 921 1331 967 extemus3
1350 927 1435 956 nos
1451 914 1508 956 de
1529 913 1605 955 illo
1622 920 1893 965 statuemus,

250 995 383 1049 quod
398 993 547 1036 visum
565 991 716 1037 fuerit.

348 1069 502 1114 Primo
523 1083 707 1125 quoque
728 1075 947 1125 ternpore,
973 1082 1080 1111 cum
1102 1067 1279 1112 venerit
1306 1066 1616 1124 prouincialis,
1642 1065 1895 1122 accipiatur

257 1146 488 1204 possessio
510 1145 787 1198 monasterii,
818 1146 1056 1189 domorum
1079 1159 1132 1188 ac
1153 1144 1381 1188 redituum
1398 1144 1617 1187 omniurn.
1645 1143 1897 1199 Accipian-

251 1232 335 1267 tur
355 1230 402 1267 et
422 1223 691 1279 scripturae,
715 1229 762 1265 et
783 1224 898 1266 haec
918 1221 1123 1279 legitime
1145 1236 1299 1265 coram
1327 1220 1505 1264 notario
1522 1227 1569 1265 et
1598 1219 1794 1264 testibus
1817 1235 1895 1263 au-

252 1300 478 1344 thoritate
497 1299 777 1356 apostolicae
798 1298 937 1352 sedis,
961 1306 1008 1343 et
1029 1299 1298 1355 polliceatur
1318 1313 1369 1341 se
1385 1297 1707 1354 expediturum
1730 1298 1895 1349 bullaS,

259 1377 297 1421 si
318 1376 604 1422 necessariae
626 1376 717 1419 sint
753 1377 812 1420 ad
847 1376 1198 1433 applicationem
1234 1374 1497 1419 monasterii
1519 1381 1566 1418 et
1587 1376 1644 1418 ad
1668 1374 1900 1419 fundatio-

258 1468 368 1498 nem
390 1454 587 1510 collegii.

350 1532 403 1575 In
425 1530 701 1575 monasterio
723 1530 907 1574 missam
930 1529 1083 1575 dicere
1103 1530 1425 1586 permittantur
1446 1529 1658 1572 monac'hi
1686 1528 1903 1584 quamdiu

258 1607 410 1652 nostri
430 1621 524 1651 non
540 1615 738 1664 possunt
759 1606 851 1650 illic
872 1606 1132 1651 sacrificare
1152 1606 1188 1652 ¹³.

354 1684 508 1728 Primo
544 1698 728 1740 quoque
760 1690 964 1740 tempore
999 1683 1226 1727 scribatur
1260 1685 1319 1728 ad
1365 1687 1546 1729 Patrem
1560 1719 1570 1737 ,
1611 1692 1658 1728 et
1694 1684 1903 1727 mittatur
1932 1721 1938 1725 .

256 1769 498 1817 :utrunque
517 1761 754 1818 scriptum,
779 1760 1045 1817 praesertim
1067 1762 1338 1814 secundum,
1369 1769 1416 1805 et
1447 1763 1595 1806 donec
1617 1760 1906 1818 responderit

260 1839 418 1890 Pater,
443 1837 555 1881 nihil
572 1845 728 1881 nostro
750 1845 960 1894 petamus
982 1837 1183 1892 nomine,
1209 1839 1284 1882 uel
1310 1853 1651 1895 praeparemus,
1684 1852 1770 1883 nec
1793 1853 1905 1895 aga-

258 1929 368 1959 mus
391 1914 506 1959 utin
529 1915 736 1959 aedificio
758 1915 1026 1972 procedant,

357 1993 623 2037 Curandum
645 1992 834 2044 interea,
870 2000 920 2035 ut
949 1992 1136 2048 capituli
1168 2007 1422 2037 consensus
1443 1993 1490 2036 in
1512 2001 1758 2049 Vtrumque
1792 1993 1907 2036 scri-

263 2077 398 2127 ptum
415 2069 622 2122 accedat,
635 2070 796 2113 saltem
813 2068 859 2111 in
878 2076 989 2119 2.²¹¹¹¹;
1003 2083 1094 2125 qua
1109 2069 1154 2112 in
1172 2084 1221 2113 re
1236 2069 1396 2115 iuuare
1407 2070 1574 2127 poterit
1588 2070 1903 2114 cancellarius.

357 2146 595 2194 Scribatur
616 2148 806 2190 Romam
828 2147 886 2190 ad
908 2148 1107 2200 Patrem,
1132 2161 1371 2191 necessum
1394 2162 1496 2192 esse
1517 2156 1569 2191 ut
1596 2148 1802 2191 mittatur
1824 2147 1909 2190 ali-

262 2223 373 2280 quis
393 2223 643 2280 Dilingam,
668 2224 769 2267 loco
792 2225 844 2267 P.
870 2223 1064 2268 Gerardi
1085 2224 1100 2244 ²
1124 2224 1327 2268 lecturus
1349 2225 1703 2282 philosophiam,
1731 2235 1826 2267 tum
1850 2225 1908 2267 ob

267 2299 492 2358 praedicti
521 2300 672 2344 Patris
699 2300 1037 2353 necessitatem,
1062 2307 1159 2344 tum
1189 2308 1239 2344 ut
1260 2301 1379 2345 idem
1404 2304 1456 2346 P.
1490 2302 1739 2346 Rauestein
1765 2303 1778 2323 ⁵
1803 2315 1911 2344 suc-

344 2448 363 2466 ²
410 2438 453 2474 In
478 2437 654 2484 margine
676 2437 836 2473 Polanci
861 2448 998 2473 manu:
1024 2437 1305 2474 Prouincialis
1327 2439 1438 2474 dicat
1461 2440 1657 2484 quomodo
1679 2450 1718 2473 se
1741 2438 1911 2473 habeant

266 2498 380 2533 haec.
430 2497 487 2529 -i
514 2497 706 2532 Polancus
723 2495 777 2532 ita
796 2495 836 2532 in
855 2497 1045 2542 margine:
1066 2496 1128 2532 De
1144 2508 1222 2543 quo
1246 2498 1493 2533 monasterio
1511 2498 1715 2543 loquitur?

346 2609 359 2631 ¹
409 2610 471 2645 De
485 2620 656 2656 quonam
675 2609 915 2645 monasterio
939 2609 1003 2645 hic
1029 2621 1160 2646 sermo
1184 2609 1236 2646 sit
1261 2610 1481 2646 declaratur
1512 2611 1548 2646 in
1577 2610 1740 2656 epistola
1764 2610 1913 2645 Canisii

267 2668 322 2704 ad
335 2667 532 2715 Borgiarn,
551 2675 595 2713 14
609 2668 841 2704 Decembris
858 2668 950 2714 1566
967 2668 1071 2715 data,
1086 2669 1156 2705 ubi
1171 2670 1268 2705 haec
1282 2669 1385 2705 inter
1398 2670 1472 2705 alia
1486 2671 1693 2705 habentur:
1715 2669 1911 2704 «Primum

269 2727 424 2764 scribet
439 2727 575 2763 Rmus.
602 2726 795 2763 Dominus
818 2727 1107 2774 herbipolensis
1130 2727 1179 2764 ad
1200 2730 1426 2774 generalem
1452 2729 1716 2775 praepositum
1741 2728 1913 2763 Societa-

269 2786 328 2823 tis
345 2787 443 2833 Jesu
459 2797 502 2822 se
516 2787 740 2822 consentire
759 2792 803 2822 ut
819 2786 952 2822 futuro
968 2787 1138 2833 collegio
1162 2787 1460 2834 incorporentur
1478 2789 1580 2822 bona
1604 2787 1828 2822 monasterii
1847 2786 1913 2822 de·

272 2844 392 2882 solati
408 2837 568 2882 sanctae
587 2845 756 2892 Agnetis
770 2845 884 2892 juxta
901 2846 1198 2882 concessionem
1217 2847 1314 2883 Smi.
1332 2848 1423 2882 Dni.
1444 2847 1565 2882 nostri
1581 2846 1661 2892 jam
1684 2852 1775 2882 ante
1794 2846 1913 2893 impe-

274 2909 460 2940 tratam.»

343 2962 364 2983 ¹
413 2963 459 2998 P.
482 2962 683 3000 Gerardus
700 2963 909 3000 Pastelius.

351 3023 367 3044 ³
415 3023 478 3058 De
502 3022 545 3059 P.
571 3023 723 3069 Joanne
753 3023 997 3060 Rabenstein
1026 3024 1185 3071 saepius
1214 3024 1362 3061 dictum
1395 3030 1455 3060 est
1481 3024 1520 3059 in
1541 3024 1668 3071 Epist.
1690 3025 1738 3060 P.
1762 3024 1912 3066 Nadal,

281 3081 362 3118 vol.
380 3081 446 3118 111.
