2098 3470
1780 237 1798 248 n

814 240 1247 279 lnsraucnonzs-ffi
1730 249 1802 285 44>

142 371 146 374 ·
204 347 466 401 dicendum,
501 347 622 402 quod
649 347 706 388 ad
737 343 1111 400 disceptationem
1141 341 1336 386 attinere
1362 341 1587 393 videatur,
1623 350 1669 383 vt
1696 341 1846 385 lucem

206 423 420 468 maiorem
450 424 625 476 afferat,
656 422 767 465 illud
797 421 931 464 faciat
962 420 1181 474 grauiter,
1217 417 1445 462 audiendo
1482 418 1582 460 illos
1618 426 1664 461 et
1702 418 1848 462 inter—

206 501 427 561 rogando,
451 501 623 555 absque
644 500 734 542 vlla
754 498 905 555 specie
925 495 1244 552 contentionis,
1270 509 1359 551 qua
1387 494 1523 539 etiam
1556 497 1850 538 consultores

208 578 295 635 ipsi
316 591 472 622 carere
493 577 611 619 inter
633 591 683 620 se
703 577 886 625 debent.

299 655 371 700 193
393 655 466 698 Ad
487 653 689 697 officium
711 653 1023 696 consultorum
1045 651 1271 693 addantur
1291 652 1421 694 haee.

294 731 591 776 Consultores
620 745 787 786 magna
814 728 1104 772 obseruantia
1133 734 1318 772 teneant
1347 735 1545 778 secrete,
1587 741 1703 782 quae
1742 741 1847 769 cum

205 809 317 866 ipsis
335 815 518 853 secrete
546 815 812 851 tractantur.
843 808 909 850 Ea
935 820 1043 849 vero
1070 814 1178 848 sunt
1205 804 1373 856 omnia,
1397 805 1454 847 de
1477 803 1644 859 quibus
1667 803 1713 845 in
1737 818 1847 846 con-

206 885 475 943 gregatione
495 885 696 941 ipsorum
719 884 886 940 agitur.
911 884 1068 939 Itaque
1084 882 1193 938 quid
1210 888 1390 938 agatur,
1410 881 1520 937 quid
1537 880 1780 924 definiatur
1801 882 1846 923 in

204 962 564 1020 congregatione
586 975 772 1017 prorsus
793 975 851 1004 ne
871 960 1110 1004 enuntient
1131 959 1232 1015 ipsi;
1257 959 1343 1002 erit
1365 966 1518 1002 autem
1535 957 1582 1000 id
1598 958 1848 1014 superioris

203 1039 443 1084 enuntiare
474 1039 546 1083 vel
578 1039 884 1095 promulgare,
917 1038 1114 1093 quando,
1146 1036 1238 1088 vbi,
1270 1035 1452 1091 quibus,
1485 1050 1564 1091 per
1593 1049 1723 1090 quos,
1756 1050 1851 1090 quo

209 1123 361 1173 pacto,
386 1116 496 1172 quid
517 1116 638 1159 dicto
659 1130 774 1172 opus
795 1115 869 1159 sit.

299 1193 683 1237 Animaduertant
705 1207 762 1236 ne
784 1191 946 1236 elatius
966 1206 1016 1235 se
1036 1199 1214 1248 gerant,
1239 1191 1313 1234 vel
1334 1205 1427 1234 non
1444 1190 1695 1242 humilime,
1717 1191 1846 1245 quasi

206 1270 406 1316 sentiant
427 1270 744 1327 magistratum
766 1284 815 1313 se
837 1284 1012 1326 gerere,
1038 1270 1111 1312 vel
1133 1268 1338 1311 officium
1362 1268 1680 1312 reuerendum.

293 1349 364 1391 Ne
384 1347 563 1390 curiose
583 1347 690 1390 item
713 1354 870 1403 agant,
895 1347 934 1389 si
959 1361 1051 1389 non
1079 1346 1392 1397 consulantur,
1416 1344 1548 1400 quasi
1570 1344 1682 1387 nihil
1703 1344 1848 1401 possit

203 1438 343 1481 agere
357 1417 686 1480 superior,‘nisi
702 1424 812 1480 ipsis
827 1423 1062 1467 consultis.
1083 1424 1232 1468 Debet
1249 1422 1432 1478 quidem
1454 1423 1580 1479 ipsos
1602 1423 1846 1486 consulere

203 1500 410 1558 superior
427 1501 474 1544 in
491 1502 629 1546 rebus
645 1501 950 1558 grauioribus,
968 1508 1013 1544 et
1029 1500 1076 1543 in
1094 1500 1193 1543 aliis
1208 1500 1457 1544 leuioribus
1477 1507 1644 1556 potest,
1670 1499 1849 1544 etiamsi

202 1592 297 1622 non
318 1579 497 1621 debeat.
524 1578 658 1633 Quae
678 1591 787 1620 vero
807 1578 899 1620 sint
925 1577 1153 1633 grauiora,
1184 1578 1258 1620 vel
1285 1578 1344 1621 de
1369 1577 1537 1634 quibus
1564 1576 1848 1620 conueniens

203 1654 263 1698 sit
299 1669 381 1699 eos
415 1655 607 1707 consuli,
646 1654 824 1698 etiamsi
854 1669 945 1698 non
979 1654 1053 1699 194
1085 1654 1410 1707 necessarium,
1441 1655 1487 1697 id
1513 1655 1600 1699 erit
1626 1654 1846 1697 iudicium

204 1732 348 1789 ipsius
370 1731 630 1788 superioris.
663 1734 887 1775 Poterunt
915 1739 1066 1775 tamen
1095 1733 1382 1776 consultores
1409 1747 1491 1788 per
1517 1731 1847 1776 admonitorem

203 1809 483 1866 ordinarium
499 1809 778 1866 superiorem
796 1810 1055 1862 admonere,
1076 1809 1114 1852 si
1131 1809 1387 1854 inconsulte
1402 1825 1475 1853 res
1491 1809 1567 1866 agi
1585 1809 1843 1858 videantun

204 1892 268 1939 et,
294 1885 332 1930 si
354 1886 579 1939 videatur,
604 1888 659 1930 ad
682 1886 1006 1943 prouincialem
1029 1893 1073 1931 et
1095 1887 1357 1942 generalem
1379 1888 1563 1930 referre.

291 1963 381 2007 Vbi
402 1963 674 2009 sententiam
695 1964 1050 2020 interrogantur,
1075 1977 1134 2007 ne
1155 1963 1373 2008 continuo
1386 1964 1654 2007 incumbant
1672 1964 1717 2006 in
1734 1979 1844 2006 con-

202 2039 385 2084 trariam
407 2041 693 2097 sententiam,
724 2056 859 2096 quam
890 2042 1092 2086 fortassis
1118 2042 1191 2085 vel
1222 2042 1384 2094 scient,
1416 2043 1488 2085 vel
1517 2042 1845 2085 coniectabunt

201 2118 370 2163 habere
385 2118 765 2175 superiorem,vel
780 2119 967 2163 audient
984 2119 1136 2164 dicere
1153 2119 1265 2163 alios
1281 2119 1579 2172 consiliarios;
1600 2119 1698 2172 sed,
1713 2134 1846 2175 sepo-

201 2193 317 2247 sitis,
343 2196 494 2250 quoad
515 2195 614 2240 eius
635 2196 731 2239 fieri
760 2195 941 2253 poterit,
967 2211 1073 2239 cum
1101 2196 1187 2240 Dei
1209 2197 1452 2249 adiutorio,
1479 2197 1693 2240 omnibus
1716 2197 1848 2239 malis

201 2278 249 2314 et
268 2269 544 2337 imperfectis
565 2273 852 2329 passionibus
873 2281 919 2317 et
941 2273 1277 2327 affectionibus,
1303 2289 1393 2333 non
1417 2275 1565 2318 solum
1590 2274 1842 2329 acquisitis,

201 2348 283 2392 sed
317 2347 453 2392 etiam
491 2350 657 2406 (quoad
686 2349 785 2394 eius
816 2351 914 2394 fieri
946 2350 1100 2408 possit)
1131 2350 1429 2403 naturalibus,
1462 2367 1556 2396 rem
1585 2351 1771 2394 audiant
1800 2360 1850 2393 et

202 2424 477 2482 intelligant,
502 2441 572 2479 ac,
596 2428 716 2470 facta
745 2427 965 2481 oratione,
991 2428 1048 2471 de
1075 2427 1150 2472 illa
1176 2427 1346 2481 dicant,
1372 2443 1489 2484 quae
1516 2428 1739 2472 Dominus
1762 2429 1844 2470 de-

202 2501 336 2555 derit,
362 2502 488 2546 iuxta
509 2503 729 2548 rationem
752 2505 978 2562 propriam
1001 2505 1212 2558 instituti,
1239 2506 1401 2563 triplici
1428 2506 1652 2562 principio
1681 2505 1842 2557 innixi,

203 2578 381 2632 diuinO,
407 2581 714 2626 ecclesiastico
736 2596 789 2626 ac
811 2582 983 2626 morali.

292 2657 482 2700 Etiamsi
513 2657 770 2712 intelligant
800 2660 1071 2704 sententiam
1106 2662 1176 2704 vel
1209 2661 1545 2704 inclinationem
1580 2659 1842 2715 superioris,

204 2747 263 2778 ne
290 2742 528 2790 propterea
554 2735 807 2780 libertatem
835 2736 1060 2794 integram
1090 2751 1180 2781 non
1212 2738 1436 2783 retineant
1467 2739 1537 2782 195
1571 2737 1616 2779 in
1650 2738 1842 2780 dicenda

205 2809 447 2863 sententia,
472 2826 622 2867 neque
643 2813 872 2858 declinent
900 2829 926 2858 a
953 2814 1139 2868 iudicio,
1164 2817 1287 2871 quod
1308 2815 1475 2870 alioqui
1504 2822 1632 2858 erant
1655 2814 1837 2856 dicturi.

204 2887 256 2930 In
275 2901 330 2930 ea
351 2887 472 2931 enim
494 2903 542 2932 re
563 2889 820 2934 obedientia
842 2898 928 2945 est,
952 2899 1001 2934 vt
1023 2907 1115 2935 non
1137 2894 1365 2948 pendeant
1388 2908 1412 2935 a
1435 2892 1602 2935 iudicio
1633 2890 1842 2946 superio-

204 2964 268 3007 ris
283 2965 567 3009 consultores
584 2974 826 3022 antequam
843 2968 1084 3021 definierit,
1104 2970 1186 3013 sed
1203 2978 1251 3012 vt
1267 2984 1401 3013 suum
1419 2970 1663 3012 adhibeant
1680 2968 1840 3019 libere,

204 3040 253 3083 in
274 3041 397 3087 omni
419 3042 675 3088 humilitate
696 3051 740 3088 et
763 3045 1000 3099 modestia,
1024 3053 1074 3088 vt
1094 3061 1246 3090 coram
1270 3047 1482 3090 Domino.
