2098 3470
323 295 395 330 400
797 289 951 328 PATms
977 292 1220 328 HiEnonvm
1246 291 1397 328 NADAL

275 388 508 442 valetudo,
534 397 719 447 propter
740 405 876 447 quam
905 392 1070 436 dimitti
1101 391 1139 435 is
1170 393 1311 449 possit
1334 401 1414 436 aut
1445 394 1625 438 debeat:
1660 395 1823 440 deinde
1851 411 1908 440 an

277 465 584 510 scholasticus
607 468 664 510 ad
693 467 780 512 alia
807 469 957 512 officia
987 468 1228 513 Societatis
1256 470 1441 514 humilia
1471 471 1616 526 possit
1644 486 1743 516 esse
1769 472 1908 526 vtilis,

275 555 333 583 an
356 541 492 585 etiam
515 544 572 586 ad
595 559 649 588 ea
671 544 730 588 sit
751 559 1018 602 propensus.
1046 546 1367 590 Consulendus
1395 554 1546 591 autem
1580 562 1757 604 semper
1783 549 1909 592 vide·

276 624 350 660 tur
371 618 594 674 medicus,
620 628 861 677 antequam
885 621 1123 677 quisquam
1147 629 1330 678 propter
1352 623 1575 667 infirmam
1603 624 1908 669 valetudinem

273 694 544 740 dimittatur.
572 698 710 753 Quod
731 698 889 754 siquis,
921 713 1004 741 nec
1032 698 1251 751 nouitius,
1284 714 1367 742 nec
1395 700 1710 753 scholasticus,
1741 700 1911 746 incidet

274 770 320 813 in
344 773 547 828 corporis
569 773 894 826 infirm-itatem,
921 786 1106 838 propter
1127 789 1226 818 eam
1249 777 1390 819 solam
1414 782 1597 819 causa'm
1625 765 1791 820 dimitti
1817 791 1909 821 non

275 850 427 893 debet:
454 858 594 905 atque
616 851 730 896 adeo
753 853 789 896 si
813 853 1031 905 nouitius,
1056 853 1130 898 vel
1153 853 1466 906 scholasticus,
1491 854 1538 897 in
1566 855 1772 898 morbum
1794 855 1910 908 inci-

274 925 407 978 derit,
434 935 617 983 propter
639 929 870 982 exercitia,
897 943 1013 985 quae
1035 929 1285 973 nouitiatus
1307 931 1380 975 vel
1402 931 1654 974 studiorum
1682 945 1774 974 non
1801 940 1910 976 sunt

274 1002 470 1058 propria,
497 1018 597 1047 earn
620 1006 679 1047 ob
701 1019 883 1050 causam
907 1022 998 1050 non
1021 1014 1090 1049 est
1112 1006 1425 1051 dimittendus.
1487 1054 1496 1064 ¹

363 1080 456 1135 Qui
478 1080 615 1123 animi
640 1083 796 1126 morbo
817 1084 1022 1127 laborant
1043 1083 1106 1126 ita
1128 1083 1345 1139 grauiter,
1370 1091 1419 1126 vt
1443 1084 1585 1128 uideri
1607 1085 1784 1142 possint
1804 1100 1908 1131 esse

274 1155 549 1209 dimittendi,
575 1159 612 1200 si
634 1160 890 1203 voluntaria
912 1169 981 1203 est
1002 1160 1255 1213 infirmitaS,
1286 1160 1344 1204 85
1366 1176 1411 1206 v.
1436 1176 1483 1218 g.
1515 1161 1553 1204 si
1577 1163 1776 1219 fingeret
1804 1162 1908 1217 quis

272 1247 473 1287 causam,
506 1243 554 1276 vt
582 1235 899 1289 dimitteretur,
932 1238 1003 1281 vel
1031 1238 1069 1280 si
1097 1237 1244 1281 iuuari
1267 1239 1422 1290 nollet,
1448 1245 1493 1282 et
1514 1238 1713 1281 animum
1744 1239 1906 1282 volens

272 1310 501 1364 abiiceret‚
527 1313 600 1355 vel
622 1313 746 1356 nulla
777 1314 979 1370 agitatus
1012 1314 1262 1359 tentatione
1292 1322 1372 1358 aut
1403 1315 1685 1367 difficultate,
1720 1322 1799 1359 aut
1832 1330 1904 1369 ea,

273 1402 408 1442 quam
440 1387 621 1433 vincere
642 1403 779 1445 posse
803 1390 1049 1442 videretur,
1081 1391 1389 1435 dimissionem
1411 1391 1654 1448 flagitaret,
1679 1391 1743 1435 illi
1769 1391 1904 1435 disci-

273 1465 397 1521 plina
419 1465 574 1508 durior
603 1467 674 1521 (de
702 1481 791 1523 qua
813 1468 933 1524 alibi)
957 1467 1242 1520 adhibeatur,
1274 1483 1418 1524 vsque
1447 1470 1503 1511 ad
1531 1483 1736 1513 seueram
1759 1468 1907 1512 inclu-

275 1541 451 1585 sionem
480 1541 526 1584 in
558 1543 740 1598 aliquod
768 1544 1046 1597 cubiculum,
1072 1558 1164 1587 non
1186 1552 1235 1586 vt
1257 1544 1303 1587 in
1326 1559 1570 1599 carcerem,
1595 1545 1676 1589 sed
1698 1555 1746 1587 vt
1767 1545 1811 1588 in
1835 1544 1907 1588 di-

274 1618 531 1675 sciplinam,
572 1627 618 1665 et
649 1621 706 1664 ad
737 1621 954 1664 auxilium
987 1621 1220 1677 spirituale
1256 1621 1319 1663 illi
1352 1621 1528 1665 animae
1561 1622 1817 1666 ferendum.
1858 1622 1907 1667 Si

274 1706 483 1754 pergeret
506 1698 692 1741 omnino
714 1712 815 1742 esse
839 1699 1071 1751 molestus,
1096 1706 1141 1742 et
1164 1698 1320 1742 melior
1341 1700 1397 1742 de
1419 1698 1495 1741 illo
1517 1713 1621 1754 spes
1636 1698 1815 1755 concipi
1831 1699 1908 1742 vix

274 1782 442 1830 posset,
467 1775 504 1818 si
528 1774 711 1830 quidem
734 1774 903 1829 alioqui
926 1789 1016 1817 non
1039 1774 1222 1830 ineptus
1248 1775 1481 1819 videretur
1510 1775 1566 1818 ad
1599 1782 1805 1818 nostrum
1835 1774 1907 1817 in—

275 1851 503 1906 stitutum,
530 1851 894 1895 confirmandum
924 1859 1044 1896 esset
1075 1851 1139 1894 illi
1169 1851 1536 1895 constantissime
1567 1865 1800 1907 nunquam
1823 1851 1908 1908 ipsi

274 1929 472 1972 solutum
495 1918 691 1981 iri⁴vota,
729 1929 850 1984 quod
884 1929 1008 1971 nulla
1038 1928 1096 1972 sit
1129 1943 1281 1980 causa,
1317 1936 1592 1985 quapropter
1621 1928 1802 1972 liberari
1823 1928 1907 1989 de-

273 2006 397 2058 beat,
422 2020 506 2050 nec
528 2020 661 2062 posse
682 2020 765 2048 nos
787 2005 906 2048 illius
929 2013 1116 2061 peccato
1139 1991 1413 2049 consentire.
1441 2005 1488 2049 Si
1514 2011 1663 2048 tamen
1685 2005 1815 2049 fieret
1836 2004 1908 2048 in-

276 2082 538 2134 tolerabilis,
565 2081 682 2125 mitti
702 2090 855 2138 posset
878 2082 922 2124 in
946 2082 1373 2138 peregrinationem,
1399 2082 1668 2138 exponendo
1689 2096 1782 2124 non
1804 2095 1907 2126 esse

276 2159 338 2201 illi
373 2167 478 2202 vota
506 2160 670 2212 soluta,
695 2172 779 2202 nec
808 2159 1027 2202 soluenda
1059 2174 1307 2215 nunquam,
1336 2172 1573 2202 necessum
1603 2172 1703 2202 esse
1730 2158 1788 2201 ad
1815 2157 1907 2202 sei-

252 2240 411 2291 'psum
443 2236 605 2288 redire,
640 2243 686 2280 et
717 2242 866 2278 tamen
900 2235 1162 2278 huiusmodi
1195 2237 1376 2279 tandem
1400 2242 1586 2291 possent
1617 2236 1681 2291 (vt
1712 2234 1818 2277 alibi
1848 2233 1909 2279 86

279 2311 459 2368 dicitur)
489 2312 672 2357 dimitti.
696 2311 776 2356 Sin
808 2320 927 2355 esset
955 2311 1117 2367 aliquis
1145 2312 1190 2354 in
1212 2314 1298 2355 hoc
1326 2326 1511 2368 genere,
1537 2310 1614 2366 qui
1635 2310 1816 2367 ineptus
1837 2310 1900 2354 vi-

282 2389 466 2433 deretur
494 2390 551 2432 ad
581 2388 876 2441 Societatem,
911 2388 1062 2432 statim
1094 2388 1222 2431 initio
1253 2395 1439 2444 accepta
1470 2387 1710 2431 occasione
1739 2386 1904 2430 dimitti

277 2473 447 2521 posset.

365 2543 607 2587 Praeterea
629 2542 667 2585 si
689 2542 790 2598 quis
810 2542 857 2584 in
880 2544 1039 2587 eodem
1063 2556 1233 2599 genere
1254 2541 1400 2598 magis
1432 2541 1631 2597 seipsum
1663 2540 1902 2597 affligeret,

276 2633 412 2674 quarn
436 2619 534 2662 aliis
557 2627 677 2664 esset
698 2620 932 2671 molestus,
965 2627 1009 2663 et
1038 2619 1150 2662 nihil
1182 2619 1304 2662 aliud
1336 2633 1471 2674 quarn
1503 2617 1691 2670 diceret,
1725 2631 1775 2661 se
1806 2631 1906 2660 esse

275 2695 498 2752 ineptum,
532 2697 604 2739 vel
636 2711 727 2739 non
759 2709 891 2752 posse
924 2695 1016 2752 pati
1039 2703 1209 2739 tantam
1238 2695 1526 2740 seueritatem
1549 2695 1809 2750 regularum
1832 2693 1909 2736 vel

277 2772 674 2829 multiplicitatem,
689 2779 797 2825 etc.,
808 2780 853 2815 et
872 2779 1023 2816 tamen
1039 2772 1180 2815 nollet
1197 2773 1391 2816 deficere
1408 2787 1433 2815 a
1450 2770 1692 2822 Societate,
1705 2770 1785 2814 sed
1802 2784 1910 2825 ape—

276 2849 385 2893 riret
416 2864 544 2892 suam
578 2849 890 2900 tentationem,
921 2842 965 2892 et
997 2855 1172 2904 peteret
1202 2848 1383 2901 dimitti,
1416 2846 1692 2899 huiusmodi,
1723 2845 1762 2890 si
1783 2850 1907 2890 esset

277 2926 461 2982 ineptus
493 2926 550 2968 ad
573 2933 778 2969 nostrum
810 2924 1087 2978 institutum,
1122 2924 1254 2969 facile
1285 2932 1438 2980 posset
1469 2923 1649 2976 dimitti3
1684 2922 1754 2966 sin
1785 2928 1906 2965 esset

275 3009 425 3058 aptus,
451 3003 623 3057 absque
645 3001 797 3058 rigore
819 3000 1002 3057 quidem
1025 3002 1098 3046 vel
1119 3000 1336 3044 seueriori
1353 2999 1590 3056 disciplina
1606 3005 1727 3044 esset
1743 2997 1910 3042 iuuanp

274 3079 377 3132 dus;
403 3085 449 3123 et
471 3078 582 3120 illud
604 3093 694 3121 non
719 3077 1035 3134 omittendum,
1061 3085 1111 3119 vt
1133 3078 1266 3133 plane
1288 3077 1579 3133 intelligeret,
1605 3081 1823 3132 negatum
1851 3073 1909 3117 iri
