2098 3470
259 259 330 295 440
733 251 888 288 PA’rms
914 252 1158 289 Hfflnomcm
1186 253 1335 289 NADAL

305 351 413 403 Sed,
445 365 549 394 cum
583 352 671 396 hae
691 353 1006 410 exemption‘es
1033 355 1216 407 dantur,
1247 353 1600 411 significandum
1630 355 1845 401 fratribus

216 442 297 484 per
318 427 508 472 idoneos
531 436 804 486 quapropter
826 430 937 474 illud
960 431 1056 476 fiat.

307 507 471 548 Posset
493 505 628 550 etiam
650 506 823 550 inuitus
845 507 1057 550 concludi
1086 507 1131 549 in
1160 507 1342 563 aliquod
1370 508 1649 563 cubiculum,
1681 516 1726 554 et
1754 509 1845 554 illic

215 581 385 637 aliquot
407 581 504 627 dies
526 582 584 626 ali
606 591 639 636 ³,
665 590 762 627 tum
782 591 966 641 propter
987 584 1286 640 disciplinam,
1313 590 1408 627 tum
1425 591 1474 627 vt
1491 586 1723 630 admoneri
1741 601 1844 643 pos-

215 658 274 702 sit
295 658 366 702 sui
388 659 540 712 officii3
572 674 657 704 nec
678 662 765 704 hoc
793 661 969 705 censeri
990 661 1177 705 deberet
1206 675 1376 713 carcer,
1411 662 1492 706 sed
1523 677 1633 706 vsus
1666 662 1845 707 maioris

215 736 400 780 claustri
424 737 481 779 ad
503 743 683 794 tempus
704 745 890 794 propter
911 738 1245 782 necessitatem.

306 814 422 857 Cum
456 813 526 868 iis,
561 814 639 871 qui
670 822 857 871 propter
889 815 1084 870 aliquam
1112 814 1450 870 persuasionem
1479 823 1559 858 aut
1586 815 1843 872 opinionem

215 889 491 934 dissentiunt
521 906 547 934 a
579 892 827 948 superiore,
859 892 967 947 quid
1000 891 1287 947 peculiariter
1319 893 1548 948 agendum
1577 892 1635 935 sit
1666 899 1846 950 praeter

215 966 352 1019 dicta,
378 969 625 1024 petendum
647 976 716 1012 est
737 984 794 1014 ex
815 968 1200 1013 declarationibus
1222 968 1457 1022 examinis,
1483 977 1579 1012 tum
1602 985 1659 1014 ex
1675 969 1845 1014 instru-

217 1044 367 1088 ctione
389 1044 698 1101 prouincialis.

306 1121 355 1166 Si
378 1122 480 1178 quis
502 1130 680 1166 secreto
701 1131 821 1168 esset
842 1123 1155 1176 dimittendus,
1177 1138 1233 1167 ex
1257 1122 1329 1168 186
1353 1123 1423 1175 iis,
1443 1138 1561 1179 quae
1576 1123 1698 1167 dicta
1718 1131 1843 1176 sunt,

217 1212 287 1250 ea,
307 1198 474 1254 quibus
491 1207 667 1243 secreto
684 1199 833 1244 iuuari
851 1214 982 1256 posse
998 1200 1244 1252 videretur,
1255 1215 1347 1243 non
1364 1207 1471 1243 sunt
1487 1200 1842 1244 intermittenda.

307 1277 562 1330 Postremo,
587 1276 625 1320 si
647 1276 757 1320 nihil
779 1278 1032 1333 prodesset,
1066 1276 1314 1320 mittendus
1336 1284 1406 1321 est
1426 1277 1482 1320 ad
1505 1276 1843 1333 prouincialem,

219 1367 268 1396 re
296 1353 421 1409 prius
451 1367 554 1397 cum
587 1353 685 1410 ipso
713 1354 1061 1406 communicata,
1092 1353 1179 1396 nisi
1206 1353 1458 1409 periculum
1486 1361 1606 1399 esset
1632 1354 1680 1396 in
1701 1368 1845 1399 mora.

218 1429 426 1474 Mittetur
449 1445 558 1474 vero
581 1444 683 1474 cum
707 1430 858 1487 aliquo
880 1429 1196 1486 probatissimo
1218 1430 1360 1482 socio,
1385 1430 1649 1486 praesertim
1671 1430 1709 1473 si
1737 1430 1847 1473 alias

218 1507 276 1550 ad
307 1507 581 1551 Societatem
614 1514 734 1552 esset
766 1507 972 1559 idoneus,
1004 1506 1171 1562 alioqui
1194 1508 1319 1550 solus
1346 1507 1463 1550 mitti
1491 1514 1659 1563 posset,
1690 1507 1771 1550 sed
1800 1507 1846 1550 in

216 1583 375 1627 habitu
399 1592 550 1629 tamen
568 1583 776 1636 seculari,
797 1591 843 1627 et
859 1585 1031 1639 absque
1047 1583 1230 1636 viatico,
1250 1583 1296 1626 in
1314 1582 1742 1640 peregrinationem,
1762 1583 1848 1627 nisi

218 1676 273 1705 ex
295 1661 523 1718 praesenti
544 1661 713 1705 iudicio
734 1661 863 1704 aliter
887 1668 1071 1704 censeat
1094 1668 1253 1704 rector.

307 1738 356 1783 Si
395 1746 547 1782 tamen
580 1723 879 1795 resipisceret,
914 1738 990 1793 qui
1022 1737 1282 1781 huiusmodi
1314 1744 1400 1791 est,
1434 1744 1556 1782 esset
1587 1751 1691 1780 cum
1724 1736 1848 1780 omni

217 1815 459 1868 suauitate,
485 1823 622 1871 atque
645 1815 782 1859 animi
805 1815 1030 1858 hilaritate
1052 1815 1364 1871 excipiendus.

307 1893 565 1948 Nullusque
600 1907 763 1937 sensus
799 1899 918 1936 esset
954 1891 1175 1948 superiori
1211 1891 1493 1944 retinendus,
1528 1892 1601 1936 vel
1632 1889 1847 1935 memoria

217 1970 518 2027 significanda
548 1969 917 2026 praeteritorum,
958 1970 1079 2024 quod
1112 1969 1246 2012 simul
1277 1969 1323 2011 in
1356 1968 1455 2012 aliis
1486 1968 1697 2012 omnibus
1727 1973 1848 2011 esset

217 2048 469 2090 curandum
492 2044 752 2104 diligenter.

305 2126 363 2167 Et
390 2131 542 2168 tamen
570 2130 691 2168 esset
722 2124 957 2167 commode
989 2124 1258 2175 curandum,
1296 2131 1345 2166 vt
1372 2123 1569 2178 aliquam
1597 2121 1849 2178 susciperet

218 2201 545 2258 poenitentiam
567 2200 795 2257 publicam
819 2201 875 2243 ad
904 2201 1091 2243 fratrum
1122 2199 1480 2244 aedificationem
1513 2199 1585 2244 187
1608 2205 1654 2243 et
1681 2198 1848 2242 confir-

218 2277 480 2330 mationem,
506 2277 770 2333 praesertim
792 2277 830 2319 si
852 2292 923 2320 res
946 2276 1107 2320 fuisset
1128 2276 1338 2319 omnibus
1360 2275 1613 2320 manifesta.
1832 2333 1834 2335 -

308 2355 384 2398 Ad
405 2369 500 2407 eos,
521 2354 598 2409 qui
619 2368 703 2397 nec
721 2354 900 2410 placent
919 2354 1121 2407 omnino,
1141 2367 1228 2398 nec
1246 2353 1502 2409 displicent,
1523 2352 1764 2404 iuuandos,
1784 2350 1850 2394 vti

218 2431 384 2489 poterit
405 2431 612 2487 superior
632 2438 759 2487 parte
780 2430 1038 2486 praedictae
1068 2430 1383 2474 institutionis.
1415 2429 1561 2474 Vnice
1588 2436 1739 2472 autem
1770 2429 1850 2471 ad-

218 2509 451 2552 iuuabitur
473 2508 714 2565 negocium
737 2509 825 2550 hoc
845 2507 932 2551 Dei
955 2508 1117 2564 gratia,
1150 2522 1284 2563 quam
1312 2507 1498 2551 habebit
1525 2506 1731 2563 superior
1751 2505 1825 2548 effi
1841 2529 1850 2536 ·

221 2600 393 2638 cacem‚
420 2585 458 2629 si
479 2585 566 2628 sibi
587 2599 677 2628 non
701 2584 834 2629 desit.

316 2662 625 2721 Adiuuabitur
667 2661 947 2705 orationibus
989 2669 1034 2705 et
1075 2661 1309 2706 sacrificiis
1352 2661 1539 2706 rectoris
1582 2667 1628 2705 et
1669 2659 1851 2716 collegii

224 2739 379 2783 totius.
843 2746 845 2748 ’

309 2815 619 2859 Adiuuabitur
655 2815 725 2858 his
760 2814 1150 2868 instructionibus,
1192 2815 1376 2859 Christo
1412 2814 1631 2871 propitio,
1671 2820 1717 2856 et
1754 2812 1852 2856 aliis

223 2901 453 2950 praeterea
473 2891 724 2945 industriis,
749 2906 861 2947 quas
884 2899 1108 2936 rectorem
1130 2893 1361 2936 docebunt
1376 2905 1448 2935 res
1471 2898 1731 2948 praesentes
1747 2903 1853 2932 cum

292 3071 312 3087 a
360 3060 438 3095 alii
457 3071 515 3095 ms
524 3086 532 3095 .
