2098 3470
489 219 642 263 Dim-A,
669 226 726 254 ux
750 216 1003 257 Socra-raris
1028 214 1242 252 Putemus
1265 222 1487 251 COLLECTA
1502 215 1600 260 —65
1736 215 1813 260 ,645

220 321 432 365 homines
459 320 506 364 in
533 318 701 363 nostris
727 315 1085 375 operationibus,
1116 315 1154 360 si
1183 315 1293 371 quid
1321 323 1392 359 est
1419 316 1542 370 mali,
1574 317 1613 359 si
1642 316 1752 371 quid
1773 316 1860 360 im-

218 396 532 454 perfectionis,
557 397 616 440 ad
636 395 679 439 id
699 394 958 446 attendunt,
982 392 1095 436 illud
1116 399 1293 445 notant,
1318 391 1431 435 illud
1451 392 1698 448 accipiunt;
1732 394 1860 437 Deus

216 489 351 527 uero,
375 473 415 517 si
435 473 545 530 quid
567 472 675 516 boni
696 471 893 529 agimus,
918 469 1030 513 illud
1051 469 1272 522 intuetur,
1292 470 1351 512 ad
1366 476 1544 512 nostras
1563 483 1672 512 uero
1690 470 1857 526 imper-

225 551 446 595 fectiones
469 549 704 595 conniuet.
867 547 875 552 ’

311 627 539 672 Laudauit
559 627 598 670 si
619 626 723 682 quis
743 626 969 669 summam
992 637 1148 666 curam
1179 623 1391 667 adhibeat
1420 623 1478 666 ad
1507 625 1857 679 comparandam

219 706 484 748 facultatem
508 702 827 755 concionandi,
846 700 983 747 etiam
1000 716 1080 758 per
1096 700 1386 744 ethnicorum
1402 700 1659 752 lectionem,
1685 703 1856 745 Demo-

214 781 413 835 sthenis,
438 779 692 832 Ciceronis,
715 787 826 832 ete.,
851 786 1054 835 paratam
1082 777 1279 834 aliquam
1308 777 1478 821 habere
1500 776 1786 830 concionem,
1812 785 1859 823 et

222 858 433 915 priuatim
461 872 511 902 se
542 871 756 902 exercere
787 857 832 900 in
866 856 958 908 illa,
992 854 1201 900 inuenire
1231 854 1446 910 aliquem,
1481 868 1616 909 quem
1650 854 1854 907 imiteris,

221 950 314 978 non
350 950 453 980 esse
480 935 723 992 prolixum,
753 934 834 978 sed
866 947 1011 989 pauca
1047 931 1216 983 dicere,
1255 931 1373 976 bene
1410 931 1636 987 explicata
1669 940 1714 975 et
1751 946 1856 975 cum

215 1011 510 1056 anhelatione
530 1011 719 1068 spiritus
741 1012 799 1054 ad
820 1012 1012 1054 affectus
1031 1009 1299 1052 mouendos.

308 1088 435 1132 Dixit
456 1088 569 1131 mihi
589 1090 648 1132 de
670 1088 768 1145 ipso
790 1073 1015 1144 magister
1031 1088 1231 1142 Laynez:
1256 1093 1327 1130 est
1347 1087 1448 1129 Deo
1476 1085 1856 1129 familiarissimus

214 1165 529 1219 selectissime,
554 1181 658 1209 nam
680 1165 880 1208 visiones
901 1179 1076 1219 omnes,
1101 1171 1197 1206 tum
1216 1164 1376 1215 reales,
1400 1171 1448 1206 ut
1466 1162 1624 1207 uidere
1640 1178 1856 1219 praesen-

220 1250 311 1288 tem
333 1243 586 1295 Christum,
613 1242 868 1299 Virginem,
893 1249 1002 1293 etc.,
1027 1247 1124 1284 tum
1146 1255 1227 1297 per
1255 1239 1432 1296 species
1463 1246 1509 1284 et
1538 1248 1857 1296 repraesenta-

216 1320 382 1374 tiones,
406 1319 493 1363 iam
517 1327 849 1375 transgressus,
873 1325 1080 1362 uersatur
1101 1331 1227 1361 nunc
1250 1317 1297 1360 in
1320 1331 1433 1374 pure
1453 1317 1853 1370 intellectualibus,

216 1396 264 1440 in
286 1397 460 1442 vnitate
481 1397 586 1442 Dei.
611 1396 816 1440 Intellexi
838 1404 996 1452 postea
1016 1410 1106 1452 ego
1133 1396 1191 1439 ab
1218 1396 1378 1439 eodem
1412 1396 1467 1438 P.
1498 1394 1679 1451 Ignatio
1706 1403 1724 1419 ³
1751 1409 1856 1438 ver-

191 1476 203 1482 ”
218 1474 308 1518 sari
328 1474 456 1517 illum
478 1473 526 1516 in
548 1473 754 1530 personis
774 1473 958 1526 diuinis,
983 1487 1035 1516 ac
1057 1472 1264 1517 inuenire
1286 1471 1413 1515 uaria
1434 1472 1555 1515 dona
1575 1478 1622 1515 et
1641 1471 1855 1515 distincta

214 1566 244 1594 a
259 1550 487 1594 distinctis
502 1550 711 1607 personis
733 1549 766 1601 b,
787 1550 868 1593 sed
885 1549 930 1592 in
949 1550 1035 1592 hac
1053 1548 1439 1605 contemplatione
1459 1548 1631 1592 maiora
1647 1550 1766 1592 dona
1783 1548 1854 1591 in-

216 1627 343 1672 venit
364 1627 411 1670 in
428 1641 625 1684 persona
641 1627 839 1683 Spiritus
856 1626 1020 1678 sancti,
1041 1633 1138 1669 tum
1155 1626 1290 1670 etiam
1308 1626 1420 1669 illud
1441 1626 1644 1670 intellexi
1666 1626 1816 1682 ipsum
1838 1634 1855 1652 0

216 1705 261 1747 in
291 1704 673 1761 contemplatione
705 1704 807 1748 271v
836 1703 986 1747 Deum
1014 1702 1221 1747 inuenire
1248 1702 1428 1759 quoties
1454 1718 1504 1746 se
1533 1705 1611 1747 dat
1640 1704 1850 1757 orationi,

213 1796 507 1838 quacumque
534 1781 724 1834 ratione,
756 1795 907 1836 neque
934 1788 1103 1824 certam
1133 1781 1339 1837 regulam
1362 1787 1408 1825 et
1430 1781 1634 1824 ordinem
1660 1781 1723 1824 illi
1751 1796 1853 1826 esse

213 1860 511 1913 seruandum,
536 1860 619 1902 sed
642 1858 768 1903 uarie
789 1857 1089 1903 exercendam
1111 1857 1361 1902 orationem
1378 1865 1424 1903 et
1444 1858 1581 1902 uariis
1597 1858 1855 1902 meditatio-

217 1936 354 1979 nibus
375 1937 686 1992 quaerendum
710 1937 859 1980 Deum
890 1934 925 1978 d.
957 1935 1006 1979 Si
1034 1933 1137 1990 quis
1164 1949 1276 1978 uero
1304 1950 1360 1979 ex
1389 1935 1597 1991 proxima
1625 1936 1775 1993 gratia
1805 1937 1852 1978 in

211 2006 420 2056 orati‘one
457 2012 614 2056 habita
650 2012 855 2065 inchoat,
897 2027 990 2054 non
1023 2011 1285 2065 damnauit,
1324 2013 1406 2055 sed
1443 2012 1556 2055 dixit
1593 2028 1692 2056 esse
1735 2013 1851 2056 inci-

214 2089 432 2146 pientem.

300 2167 376 2210 Ad
398 2165 619 2222 principia
640 2179 751 2208 suae
773 2164 1086 2208 conuersionis
1109 2172 1233 2209 totus
1259 2172 1355 2210 erat
1386 2174 1436 2208 ut
1462 2167 1706 2218 conferret,
1732 2181 1848 2222 quae

209 2243 296 2299 ipsi
323 2242 620 2299 spiritualiter
648 2242 1043 2299 significabantur,
1067 2256 1172 2285 curn
1195 2241 1523 2299 spiritualibus;
1549 2252 1707 2299 postea
1736 2244 1848 2286 illud

209 2313 495 2374 desiderium,
515 2319 642 2371 abiit,
668 2327 714 2363 et
740 2319 875 2362 aliam
903 2326 974 2362 est
995 2318 1114 2362 viam
1138 2318 1392 2376 ingressus,
1419 2327 1470 2363 ut
1492 2321 1617 2363 solus
1639 2321 1723 2363 soli
1745 2323 1846 2364 Deo

213 2405 397 2441 uacaret
419 2405 450 2439 0.

280 2549 298 2566 a
347 2539 457 2574 Haec
475 2547 496 2573 2
517 2539 635 2573 verba
654 2538 745 2572 Nat.
765 2537 908 2572 clarius
931 2537 1122 2582 exaravit,
1143 2549 1231 2573 nam
1258 2538 1440 2574 librarius
1459 2539 1530 2574 hac
1549 2545 1640 2574 nota
1659 2539 1726 2573 I.¹¹·
1752 2550 1845 2574 usus

205 2598 351 2634 fuerat.
402 2598 468 2626 —b
495 2597 608 2632 Prius
628 2597 682 2632 ita
699 2597 951 2644 sequebatur:
966 2597 1084 2642 quasi
1096 2597 1133 2632 si
1149 2597 1277 2633 Pater
1290 2600 1366 2644 per
1384 2598 1554 2639 Filium,
1576 2602 1619 2632 ut
1632 2602 1707 2644 per
1726 2610 1845 2633 cana·

208 2658 302 2702 lem,
315 2658 503 2705 gratiam
519 2668 634 2691 suam
653 2655 943 2697 comunicaret,
962 2667 1062 2703 quae
1079 2655 1228 2692 delevit
1245 2657 1336 2692 Nat.
1388 2666 1452 2684 —c
1478 2658 1566 2692 Duo
1591 2657 1712 2692 verba
1739 2657 1846 2692 illud

206 2717 341 2764 ipsum
365 2715 514 2751 addidit
538 2715 629 2751 Nat.
682 2716 746 2742 —d
772 2715 872 2750 Tota
895 2715 992 2750 haee
1011 2716 1273 2762 paragraphus
1296 2717 1347 2751 ab
1370 2716 1446 2751 illis
1467 2715 1598 2750 verbis
1616 2718 1702 2750 tum
1721 2715 1845 2751 etiam

208 2775 314 2811 illud
326 2776 507 2811 intellexi
524 2773 731 2810 emendata
745 2780 805 2809 est
819 2785 841 2808 a
859 2773 950 2810 Nat.
966 2785 1014 2808 ex
1029 2777 1112 2809 tum
1131 2775 1254 2810 etiam
1273 2775 1438 2810 intelexi
1456 2776 1498 2809 in
1512 2775 1845 2821 contemplatione

205 2836 339 2881 ipsum
364 2846 444 2870 esse
467 2837 504 2870 et
529 2834 661 2870 Deum
686 2834 873 2868 inuenire
891 2832 1041 2879 quoties
1063 2845 1102 2869 se
1124 2835 1197 2869 dat
1219 2835 1412 2878 orationi,
1432 2846 1553 2879 neque
1571 2837 1679 2869 certa
1698 2834 1843 2880 regula

207 2896 245 2930 et
269 2895 367 2930 ordo
391 2894 630 2934 seruandus,
657 2893 726 2928 sed
752 2892 868 2927 uarie
892 2893 1112 2928 exercenda
1136 2893 1271 2928 oratio
1294 2897 1332 2929 et
1364 2893 1494 2928 uariis
1518 2892 1846 2928 meditationibus

206 2953 460 2999 quaerendus
486 2952 609 2989 Deus.
662 2971 692 2977 -
709 2961 725 2978 0
756 2950 870 2986 Prius
895 2950 992 2986 haee
1017 2952 1296 2998 sequebantur:
1330 2952 1477 2988 Utrum
1504 2951 1555 2986 sit
1579 2950 1738 2992 melius,
1763 2962 1844 2986 non

72 3005 83 3030 '³
135 3057 138 3059 Β
202 3010 330 3053 facile
346 3010 510 3054 diceret;
522 3012 644 3057 prius
656 3012 784 3057 potest
802 3021 878 3045 esse
898 3010 1182 3054 necessarium
1208 3023 1303 3046 nam
1332 3023 1421 3047 cum
1450 3010 1701 3045 illuminatio
1726 3010 1845 3055 prior
