2098 3470
557 260 848 300 'Montanium
870 263 1129 298 noviacus
1154 260 1437 296 ermmm-
1446 269 1492 305 54
1729 258 1801 305 329

213 355 376 411 fratres
394 372 562 410 octauo
581 377 765 420 quoque
778 362 869 415 die,
892 361 1069 406 linthea
1093 361 1328 406 mensibus
1355 360 1566 417 singulis;
1592 368 1638 405 et
1659 367 1848 404 curetur

210 450 263 486 vt
282 442 500 496 mantilia,
524 441 691 499 quibus
709 453 869 484 manus
883 439 1228 495 absterguntur,
1248 453 1307 482 ne
1324 437 1605 481 retineantur
1622 437 1845 480 inmunda

211 519 416 572 nimium,
441 519 564 575 quod
585 519 777 562 fortasse
793 529 1103 571 assequemur,
1123 515 1162 559 si
1178 515 1248 558 bis
1269 515 1316 557 in
1338 515 1626 559 hebdomada
1663 522 1844 559 muten-

83 583 86 586 Δ
144 640 148 643 ,
211 603 302 650 tur,
340 602 386 639 et
407 596 497 639 sint
518 594 742 651 longiora,
771 599 818 636 et
846 607 987 635 vnum
1014 591 1234 636 inseruiat
1261 591 1600 644 sacerdotibus,
1631 592 1723 635 duo
1754 592 1842 635 fra-

211 671 374 716 tribus.

252 796 254 800 ,
298 750 350 792 In
370 751 651 806 hypocausto
672 763 809 801 nouo,
835 748 958 804 quod
979 754 1050 792 est
1070 746 1339 790 continuum
1361 745 1574 789 cubiculo
1592 746 1835 802 prouintia-

208 825 280 879 lis,
304 826 474 880 nullus,
498 841 557 870 ne
577 840 604 869 e
624 825 955 882 superioribus,
980 824 1189 868 comedet
1210 831 1229 848 ³
1249 823 1390 867 donet
1410 822 1660 879 accipiatur
1679 823 1738 867 de
1760 825 1845 866 hac

210 917 261 948 re
282 917 549 959 responsum
570 917 596 945 a
613 902 727 945 Rdo.
756 904 892 946 Patre
912 909 1084 945 nostro.
1110 901 1274 944 Posset
1299 899 1564 956 dispensare
1591 899 1845 955 prouintia-

208 979 264 1023 lis
285 980 358 1022 vel
378 986 527 1024 rector
547 993 605 1022 ex
630 993 769 1022 causa
799 978 979 1031 idonea;
1003 978 1085 1022 sed
1105 977 1163 1022 de
1192 975 1609 1033 dispensationibus
1639 976 1845 1020 scribant

208 1057 267 1100 ad
283 1071 372 1100 me.

295 1134 358 1177 Vt
378 1140 448 1177 est
469 1147 580 1176 vsus
601 1132 858 1185 Societatis,
883 1132 930 1175 in
951 1118 1144 1188 vtraque
1166 1131 1303 1175 ianua
1323 1130 1524 1188 collegii,
1549 1138 1596 1173 et
1617 1145 1687 1183 ea,
1722 1145 1839 1186 quae

207 1217 383 1267 spectat
405 1211 463 1254 ad
484 1210 828 1264 commensales,
852 1216 899 1253 et
920 1223 990 1261 ea,
1015 1223 1133 1264 quae
1153 1210 1212 1252 ad
1231 1208 1397 1258 atrium
1427 1208 1705 1260 scholarum,
1730 1209 1842 1251 fiant

206 1301 374 1343 paruae
394 1287 636 1339 fenestrae,
660 1286 865 1330 adhibito
886 1300 1028 1342 paruo
1050 1275 1253 1329 cancello
1274 1286 1439 1337 ferreo,
1464 1293 1514 1328 vt
1535 1284 1642 1329 inde
1664 1284 1841 1341 possint

205 1362 361 1412 videre
376 1363 584 1419 quisnam
607 1363 773 1419 pulset,
798 1364 953 1406 clausa
974 1362 1126 1415 ianua,
1151 1371 1198 1406 et
1219 1362 1258 1405 si
1273 1362 1319 1406 in
1339 1361 1470 1407 tertia
1487 1369 1532 1405 et
1551 1376 1734 1419 magna,
1755 1376 1845 1419 qua

205 1439 398 1485 intratur
419 1441 477 1484 ad
499 1441 666 1493 atrium
687 1441 964 1492 scholarum,
995 1454 1087 1483 non
1115 1439 1225 1482 satis
1247 1439 1457 1483 videatur
1485 1454 1586 1483 esse
1615 1440 1839 1491 toramen,

204 1517 327 1573 quod
341 1518 480 1562 habet
500 1531 711 1574 paruum,
735 1516 1002 1560 instituatur
1021 1516 1159 1560 etiam
1182 1517 1382 1560 fenestra
1403 1515 1508 1561 alia.

292 1593 579 1639 Obseruetur
598 1593 675 1637 illa
696 1595 858 1650 regula
874 1593 976 1637 Rdi.
999 1594 1150 1638 Patris
1166 1593 1310 1637 nostri
1326 1593 1572 1650 generalis,
1597 1607 1656 1636 ne
1679 1593 1843 1649 aliquis

201 1670 466 1728 egrediatur
486 1671 672 1714 domum
694 1671 835 1723 solus,
862 1685 920 1714 ne
941 1670 1149 1727 superior
1171 1670 1373 1727 quidem.

290 1749 362 1792 Ne
383 1754 489 1791 eant
511 1747 655 1790 nostri
676 1749 734 1792 ad
770 1747 987 1792 conuiuia
1022 1762 1198 1801 eorum,
1238 1747 1317 1804 qui
1355 1755 1700 1804 promouentur,
1727 1761 1845 1803 quae

201 1825 319 1868 fiunt
338 1824 387 1868 in
408 1824 616 1881 hospitiis
637 1824 848 1881 publicis:
880 1833 1073 1882 possunt
1104 1826 1377 1882 pretendere
1409 1839 1612 1875 causam.
1637 1826 1760 1880 quod
1783 1825 1845 1868 ita

202 1901 374 1946 habent
394 1901 727 1959 praescriptum
750 1917 776 1946 a
797 1902 1130 1959 superioribus.

293 1979 388 2035 Qui
403 1993 495 2022 non
518 1980 725 2024 fecerunt
741 1979 973 2033 exercitia,
992 1995 1018 2023 e
1040 1979 1207 2023 nostris
1229 1979 1458 2033 omnibus,
1480 1979 1557 2036 qui
1574 1988 1683 2023 sunt
1701 1980 1841 2031 domi,

201 2063 446 2115 quaeratur
468 2052 651 2100 occasio
671 2063 718 2100 et
739 2063 935 2113 tempus,
956 2071 1048 2112 quo
1070 2056 1146 2100 illa
1161 2057 1345 2110 faciant,
1370 2057 1408 2100 si
1426 2057 1550 2101 aliud
1573 2059 1749 2100 nullum
1771 2058 1846 2101 vel

201 2127 248 2176 in
269 2133 618 2189 particularibus
638 2133 972 2185 vacationibus,
999 2134 1158 2190 quales
1177 2135 1296 2178 fiunt
1318 2136 1376 2178 ad
1399 2136 1514 2179 festa
1531 2135 1751 2192 natalitia,
1773 2135 1847 2178 vel

199 2210 258 2254 ad
277 2209 428 2254 carnis
447 2210 663 2267 priuium,
702 2211 777 2255 vel
798 2212 856 2254 ad
883 2213 1072 2267 pascha,
1104 2212 1178 2254 vel
1215 2211 1630 2256 intermissionibus
1668 2212 1843 2255 studio-

201 2301 317 2330 rum:
342 2294 486 2332 estate
507 2296 700 2344 possunt
719 2288 873 2341 etiam,
897 2288 935 2331 si
957 2288 1021 2332 ita
1044 2289 1268 2345 superiori
1286 2289 1535 2343 videretur,
1561 2305 1587 2332 a
1617 2290 1712 2332 suis
1742 2290 1845 2332 offi-

200 2362 283 2408 ciis
298 2377 477 2409 cessare
498 2372 578 2408 aut
598 2364 760 2409 studiis
781 2380 861 2422 per
882 2366 1055 2422 aliquot
1077 2365 1190 2419 dies,
1212 2381 1327 2422 quos
1343 2367 1453 2411 dent
1471 2366 1715 2411 exercitiis.
1738 2368 1843 2409 Non

199 2440 348 2484 solum
368 2440 415 2484 in
436 2441 526 2494 his,
551 2441 747 2497 quinon
775 2443 986 2487 fecerunt
1021 2443 1253 2496 exercitia,
1284 2458 1402 2499 quae
1430 2443 1644 2497 diximus,
1677 2443 1844 2487 intelli-

200 2517 404 2573 gendum
425 2525 511 2571 est,
536 2519 617 2562 sed
639 2519 775 2562 etiam
797 2519 842 2562 in
865 2519 936 2574 iis,
961 2520 1039 2576 qui
1063 2521 1340 2565 videbuntur
1362 2520 1591 2565 exercitiis
1614 2533 1770 2576 egere.

287 2594 557 2639 Instituatur
578 2610 668 2638 vna
689 2596 840 2648 lectio,
865 2597 1026 2641 saltem
1049 2598 1210 2641 diebus
1239 2598 1366 2642 festis
1395 2606 1441 2642 et
1470 2597 1727 2648 dominicis,
1754 2596 1843 2638 lin-

202 2684 323 2726 guae
349 2671 659 2728 germanicae,
695 2687 831 2729 quam
868 2674 1071 2727 audient,
1111 2675 1188 2731 qui
1212 2675 1311 2720 eius
1348 2675 1537 2730 linguae
1576 2673 1843 2730 cognitione

185 2746 412 2791 cum‘suo
433 2749 650 2793 exercitio
678 2751 900 2806 egebunt,
925 2766 981 2796 ex
1009 2751 1197 2796 arbitrio
1224 2752 1493 2809 superioris:
1526 2752 1612 2794 hoc
1646 2749 1843 2806 diligen-

204 2823 294 2867 tius
315 2825 414 2869 fieri
434 2825 621 2870 debebit
641 2826 688 2869 in
708 2826 910 2881 nouitiis,
930 2828 1195 2883 praesertim
1219 2829 1256 2872 si
1279 2836 1459 2885 tempus
1481 2827 1664 2883 aliquod
1682 2826 1739 2870 sit
1762 2841 1844 2869 va·

204 2913 344 2943 cuum
365 2916 393 2944 a
413 2902 668 2959 praecipuis
689 2903 1080 2960 occupationibus.

279 3066 287 3085 ¹
340 3066 414 3102 Ms.
433 3067 650 3103 commedat
667 3067 730 3103 hic
748 3073 789 3104 et
807 3067 925 3104 infra.
