2098 3470
570 245 845 281 Memmium
869 251 1128 281 Pnovmcmss
1153 243 1467 287 Amnum-47
1559 285 1564 289 ,
1718 240 1788 287 273

283 348 609 404 Praeceptores
630 353 847 403 poterunt
868 359 1049 390 sumere
1075 343 1357 389 ientaculum
1386 351 1488 400 post
1517 343 1700 386 missam
1724 351 1833 386 ante

193 423 431 476 lectioneS,
456 430 503 468 et
524 422 599 467 alii
621 423 775 476 etiarn,
800 437 905 466 cum
927 422 986 466 sit
1007 421 1233 466 audienda
1248 420 1401 472 missa,
1422 427 1528 464 ante
1551 419 1827 464 lectiones...

282 500 332 544 Si
356 500 566 545 uenerint
594 500 652 543 ad
678 499 860 543 ianuam
890 498 1071 556 collegii
1100 498 1328 550 mulieres,
1355 497 1480 540 nullo
1508 504 1658 552 pacto,
1683 511 1741 565 ne
1770 499 1827 540 ad

191 576 388 633 primum
408 577 590 633 quidem
613 577 767 630 limen,
795 576 1110 628 admittantur,
1136 589 1221 618 nec
1242 575 1379 619 etiam
1402 573 1554 626 lotrix,
1582 589 1608 616 a
1635 589 1724 629 qua
1747 589 1829 618 ex-

190 653 415 705 trinsecus
437 654 719 710 accipiantur
738 653 894 711 panni,
918 661 964 697 et
986 653 1112 695 intus
1135 653 1512 704 numerabuntur;
1533 658 1579 715 et
1602 651 1825 706 siquidem

187 730 469 786 loquendum
492 738 561 775 est
590 731 692 783 illis,
722 730 924 775 breuiter
956 732 1042 773 hoe
1070 730 1149 774 fiat
1178 730 1235 773 ad
1266 728 1466 781 ianuam3
1498 727 1536 771 si
1564 728 1729 779 fusius,
1755 728 1828 771 iu-

189 808 384 852 beantur
406 807 563 852 uenire
585 809 643 851 ad
667 807 925 852 ecclesiam.

276 883 378 928 Fiat
399 884 456 927 ad
477 882 659 927 ianuam
682 884 862 942 collegii
884 885 1075 941 paruula
1103 884 1303 928 fenestra
1331 883 1554 938 quadrata
1578 896 1684 925 cum
1715 897 1826 926 can-

187 960 314 1005 cellis
343 960 500 1005 ferreis
523 961 726 1017 paruulis
751 969 798 1005 et
826 976 908 1005 sua
934 961 1087 1013 ianua,
1112 961 1234 1004 vnde
1271 959 1436 1003 ianitor
1464 959 1607 1016 possit
1636 974 1825 1016 prospe-

189 1044 316 1082 ctare
337 1038 589 1093 pulsantes.

276 1115 394 1158 Cum
414 1113 500 1157 erit
522 1116 708 1158 morbus
736 1115 898 1171 aliquis
927 1115 1229 1172 periculosus,
1255 1112 1424 1170 poterit
1452 1102 1610 1157 nostro
1647 1114 1828 1158 medico

187 1191 393 1235 adhiberi
416 1191 756 1235 alter‘medicus
777 1207 835 1235 ex
862 1191 1133 1248 praecipuis,
1159 1190 1237 1247 qui
1265 1205 1420 1235 amore
1447 1190 1534 1234 Dei
1563 1190 1722 1234 uenire
1749 1205 1823 1234 so-

186 1269 299 1314 lent.

228 1348 238 1353 ’
275 1346 393 1390 Cum
410 1347 666 1391 celebratur
682 1361 763 1403 pro
774 1347 1009 1398 defuncto,
1028 1345 1275 1402 praecipue
1291 1346 1330 1388 si
1347 1346 1427 1389 fiat
1443 1359 1500 1389 ex
1518 1345 1819 1402 obligatione,

185 1422 340 1466 si·fieri
361 1423 511 1479 aliqua
532 1421 708 1467 ratione
724 1423 882 1480 possit,
908 1423 1086 1466 dicatur
1108 1422 1247 1466 missa
1273 1429 1366 1466 tota
1388 1423 1445 1467 de
1467 1422 1641 1478 requie.
1668 1423 1718 1467 Si
1740 1438 1824 1466 ne-

181 1513 362 1543 cessum
383 1508 504 1544 esset
530 1501 759 1544 celebrare
780 1501 838 1544 de
860 1500 951 1552 die,
977 1507 1086 1543 tunc
1114 1507 1268 1556 posset
1297 1501 1490 1543 collecta
1522 1500 1620 1543 fieri
1650 1501 1707 1544 de
1737 1501 1819 1544 de-

182 1578 357 1630 functo,
381 1585 427 1621 et
450 1585 601 1622 tamen
623 1577 894 1634 intelligitur
915 1577 1156 1634 applicatio
1178 1577 1421 1634 praecipua
1443 1579 1607 1621 missae
1631 1593 1714 1634 pro
1737 1578 1819 1621 de-

183 1653 353 1698 functis
373 1654 470 1698 fieri
497 1655 543 1698 in
569 1662 848 1698 «memento»
874 1662 920 1698 et
942 1654 1195 1698 intentione
1212 1654 1425 1711 primaria
1447 1655 1708 1699 celebrandi
1731 1669 1819 1711 pro

182 1730 306 1788 ipsis.
331 1732 436 1775 Non
458 1732 726 1789 intelligitur
750 1739 902 1775 tamen
927 1731 1182 1786 intermitti,
1207 1731 1316 1788 quin
1346 1732 1393 1774 in
1426 1740 1710 1776 «memento»
1737 1746 1824 1788 pro

183 1807 304 1852 uiuis
325 1809 405 1852 fiat
426 1809 558 1865 plena
579 1809 837 1867 applicatio.

268 1885 541 1929 Consultum
564 1886 761 1939 uidetur,
787 1894 838 1930 ut
860 1895 1044 1943 paretur
1071 1901 1293 1944 campana
1320 1887 1462 1932 maior
1490 1902 1627 1943 quam
1651 1901 1704 1931 ea
1729 1895 1819 1939 est,

181 1976 300 2018 quae
320 1970 391 2007 est
410 1962 457 2005 in
478 1963 758 2018 dormitorio,
778 1978 867 2019 qua
889 1963 1071 2007 dabitur
1088 1963 1271 2021 signum
1295 1965 1696 2022 adpeeupationes
1719 1965 1819 2008 col-

182 2031 308 2097 legii,
333 2047 383 2084 ut
410 2041 584 2084 Romae
612 2041 678 2093 fit3
704 2040 1003 2084 collocabitur
1025 2049 1178 2085 autem
1206 2041 1253 2084 in
1281 2042 1398 2095 loco,
1423 2042 1502 2085 ubi
1531 2042 1820 2092 commodum

185 2116 431 2162 uidebitur.

273 2201 369 2248 3.²¹²¹
389 2194 633 2238 lectionem
655 2194 867 2238 breuiarii
888 2195 933 2238 in
957 2210 1114 2239 mensa
1144 2210 1236 2239 non
1267 2205 1338 2239 est
1367 2195 1675 2240 necessarium
1706 2196 1815 2251 legi,

183 2268 270 2314 nisi
290 2270 473 2326 quando
494 2278 564 2314 est
585 2271 774 2315 historia
794 2272 852 2316 de
874 2280 1034 2316 sancto
1058 2273 1262 2330 aliquo...

271 2346 322 2391 In
349 2347 695 2404 quadragesima
731 2348 817 2392 erit
844 2349 1004 2392 concio
1040 2349 1226 2394 alternis
1254 2349 1438 2402 diebus,
1471 2349 1515 2392 id
1549 2357 1634 2403 est,
1668 2358 1735 2392 ter
1772 2349 1819 2391 in

182 2423 468 2468 hebdomada
489 2423 536 2467 in
559 2433 714 2468 nostro
737 2426 921 2482 templo.

272 2501 405 2556 Quae
426 2502 592 2545 dantur
613 2502 831 2546 ecclesiae
853 2502 1137 2555 nominatim,
1161 2503 1445 2560 applicentur
1468 2503 1550 2546 soli
1573 2503 1715 2546 cultui
1740 2516 1815 2547 ee-

183 2576 366 2622 clesiae.

260 2655 442 2699 Sumus
462 2669 546 2698 nos
567 2655 749 2710 quidem
771 2656 985 2712 exempti,
1011 2664 1063 2699 ut
1084 2657 1416 2700 ecclesiasticae
1440 2671 1657 2712 personae
1676 2664 1721 2699 et
1740 2670 1813 2699 re·-

179 2729 387 2787 ligiosae,
412 2746 438 2774 a
459 2731 769 2775 iurisdictione
791 2732 961 2788 politici
983 2733 1294 2789 magistratus.
1320 2735 1475 2788 Itaque
1498 2733 1542 2774 in
1577 2732 1810 2776 conscien-

183 2807 246 2851 tia
265 2807 353 2850 illis
374 2822 464 2851 non
493 2808 702 2865 cogimur
729 2810 928 2854 obedire.
964 2811 1039 2854 Ad
1079 2811 1309 2853 uitandam
1341 2818 1489 2852 tamen
1524 2809 1812 2852 uexationem

182 2885 258 2929 uel
278 2885 558 2939 scandalum,
585 2887 657 2930 uel
685 2887 742 2929 ad
764 2887 963 2942 quietem
985 2888 1336 2943 comparandum
1360 2895 1541 2929 nostrae
1564 2900 1812 2929 conuersa-

173 2960 317 3004 ‘tionis
337 2969 383 3004 et
404 2963 460 3004 ad
490 2961 667 3014 similia,
696 2957 1189 3020 uidebitprouincialis
1216 2963 1382 3018 quibus
1412 2963 1458 3004 in
1488 2958 1633 3005 rebus
1652 2976 1818 3006 eorum

181 3037 428 3108 autoritati
437 3039 688 3083 cedendum
711 3039 785 3092 sit,
810 3054 894 3083 suo
915 3040 1049 3083 etiam
1073 3041 1173 3083 loco
1195 3048 1359 3083 rector.

361 3112 475 3143 Emsr.
494 3114 531 3142 P.
552 3114 688 3151 ΝΑοΔι,
706 3123 781 3145 τοι.
801 3115 866 3145 lv·
1594 3118 1632 3146 19,
