2098 3470
335 250 406 287 832
911 254 1050 293 Emsr.
1080 255 1123 292 P.
1153 254 1303 291 NADAL

287 353 491 406 seclusis,
518 355 598 398 sed
621 354 683 397 ita
707 362 857 400 tamen
887 363 935 399 vt
963 356 1138 413 puritas
1171 356 1298 400 latini
1329 357 1550 400 sermonis
1572 367 1925 404 conseruaretur

287 437 551 486 Vtcumque,
577 445 630 474 ac
652 432 834 477 scholae
856 432 991 477 simul
1015 434 1237 490 permulta
1261 434 1499 486 vocabula,
1517 435 1760 480 nonnullae
1784 436 1918 480 etiam

286 509 822 564 phrases-permanerent3
851 511 859 566 Ι
886 524 1043 552 verum
1063 512 1148 554 hac
1166 511 1268 566 lege
1286 524 1344 553 ne
1360 511 1404 553 in
1425 510 1581 554 anxias
1598 512 1921 566 grammatico-

287 599 387 628 rum
410 585 594 641 regulas
615 585 788 630 iurasse
809 586 1060 638 videamur,
1088 601 1172 630 nec
1194 587 1230 630 si
1261 587 1369 643 quid
1401 587 1445 631 in
1474 603 1558 631 vsu
1587 603 1677 631 non
1705 597 1773 632 est
1801 590 1917 633 clas·

285 660 482 704 sicorum
511 668 768 716 auctorum,
794 662 838 706 id
865 664 1083 734 continuo
1107 664 1348 706 barbarum
1371 664 1574 708 dicamus
1596 672 1733 721 atque
1754 665 1916 711 exsibi-

285 739 446 791 lemus,
471 739 595 793 quod
616 739 870 789 estmisere
892 743 990 785 sine
1011 740 1173 796 spiritu
1196 755 1249 784 ac
1271 741 1564 797 grammatice
1586 741 1708 797 loqui
1740 743 1918 786 theolo-

285 829 413 871 gum,
441 830 544 858 nam
568 815 642 858 cui
667 817 880 873 theologo
904 819 1041 862 verba
1064 819 1120 861 ab
1136 817 1308 873 Spiritu
1325 824 1482 860 sancto
1500 832 1526 860 a
1543 818 1763 861 catholica
1781 825 1919 875 atque

287 893 539 936 orthodoxa
556 893 763 946 ecclesia,
777 908 808 953 a
825 894 964 939 sacris
982 894 1244 937 doctoribus
1263 901 1474 950 vsurpata
1495 902 1632 950 atque
1654 903 1917 940 consecrata

284 970 470 1013 sordent
493 984 544 1012 ac
563 977 741 1026 putent,
761 971 863 1027 quis
881 986 970 1014 non
991 971 1153 1015 misere
1170 986 1223 1015 ac
1241 973 1475 1028 prophane
1492 972 1612 1015 dicat
1631 973 1920 1028 theologum?

284 1047 436 1090 Verba
458 1046 599 1102 igitur
632 1046 883 1103 scripturae
915 1055 1100 1092 sanctae
1133 1048 1342 1104 illiusque
1379 1050 1567 1104 phrases
1604 1048 1773 1093 lumina
1809 1057 1917 1093 sunt

283 1122 585 1167 illustrissima
608 1124 839 1177 orationis,
856 1125 1022 1180 quibus
1045 1125 1293 1168 luminibus
1316 1125 1388 1169 ³75
1407 1125 1560 1169 diuine
1577 1126 1767 1182 effulget
1786 1127 1915 1170 theo-

282 1199 375 1256 logi
404 1200 601 1244 doctoris
629 1200 890 1257 disputatio.
929 1203 1082 1256 Atque
1115 1201 1284 1245 vtinam
1317 1204 1402 1245 hoc
1436 1203 1588 1254 ferret,
1613 1203 1681 1245 vel
1716 1204 1916 1247 humana

281 1276 580 1329 imbecillitas,
605 1278 677 1321 vel
700 1278 883 1331 malitia,
904 1286 949 1322 et
973 1279 1029 1321 ad
1053 1286 1222 1321 tantam
1246 1278 1431 1334 spiritus
1447 1279 1692 1322 efficaciam
1715 1279 1913 1339 attinge-

281 1361 381 1397 rent
403 1354 623 1412 theologi,
649 1363 699 1398 ut
721 1355 851 1402 aliter
873 1355 994 1410 loqui
1019 1370 1109 1398 non
1131 1355 1304 1407 liceret,
1330 1371 1464 1412 quam
1487 1363 1536 1398 vt
1563 1363 1721 1399 sancto
1742 1355 1917 1412 Spiritu

279 1431 527 1487 inspirante
548 1432 688 1475 locuti
710 1440 816 1475 sunt
839 1433 983 1475 sancti
1001 1433 1087 1476 Dei
1105 1433 1327 1484 homines,
1349 1447 1540 1488 quorum
1559 1440 1654 1477 erat
1675 1447 1850 1477 «sermo
1867 1439 1913 1476 et

278 1508 554 1563 praedicatio
572 1524 660 1552 non
680 1509 727 1552 in
745 1509 1118 1565 persuasibilibus
1136 1512 1361 1554 humanae
1377 1509 1626 1566 sapientiae
1643 1509 1810 1562 verbis,
1830 1509 1910 1554 sed

278 1584 323 1627 in
345 1585 604 1629 ostensione
626 1586 810 1642 spiritus
833 1595 878 1631 et
902 1586 1098 1639 virtutis,
1124 1595 1172 1629 vt
1195 1587 1307 1629 fides
1330 1593 1485 1629 nostra
1508 1601 1599 1629 non
1619 1593 1740 1630 esset
1763 1586 1809 1629 in
1833 1600 1910 1629 sa—

278 1661 446 1717 pientia
467 1662 718 1722 hominum,
745 1664 825 1705 sed
848 1662 892 1705 in
918 1663 1085 1706 virtute
1106 1662 1192 1706 Dei
1221 1666 1277 1706 ¹.»
1299 1663 1391 1707 Sed
1420 1664 1536 1705 hanc
1565 1661 1696 1717 nobis
1724 1662 1913 1706 liberta-

278 1747 367 1783 tem
379 1739 544 1796 eripuit
563 1740 671 1783 hinc
688 1740 923 1783 hominum
942 1740 1194 1792 infirmitas,
1225 1740 1233 1793 l
1259 1740 1426 1796 quibus
1443 1747 1492 1782 vt
1508 1739 1751 1796 plurimum
1764 1740 1915 1796 placet

276 1815 516 1859 latinarum
546 1816 777 1860 literarum
807 1818 1035 1873 splendor,
1061 1817 1183 1861 illinc
1212 1816 1447 1868 haeretici,
1473 1816 1550 1872 qui
1585 1817 1671 1859 hac
1703 1830 1911 1872 praeser-

277 1893 355 1936 tim
376 1901 643 1950 tempestate
665 1895 933 1951 garrulitate
950 1895 1136 1951 linguae
1153 1896 1395 1939 aduersum
1420 1909 1502 1937 nos
1524 1894 1779 1950 petulanter
1797 1893 1911 1936 abu·

278 1978 451 2014 tuntur.
486 1970 631 2015 Simul
661 1971 958 2028 intelligimus
987 1973 1203 2028 mysterio
1232 1979 1370 2026 atque
1391 1969 1728 2026 dispensatione
1756 1969 1915 2016 diuina

277 2048 447 2091 factum
470 2048 514 2090 in
539 2049 732 2092 ecclesia
754 2049 998 2105 primitiua,
1036 2063 1108 2098 ne,
1135 2049 1172 2092 si
1196 2064 1275 2105 per
1297 2047 1608 2104 persuasibilia
1633 2047 1788 2099 verba,
1824 2048 1911 2089 hoc

272 2133 341 2168 est
381 2140 461 2181 per
498 2126 608 2169 artis
645 2125 900 2170 rethoricae
933 2126 1191 2179 artificium,
1226 2125 1561 2181 praedicaretur
1597 2122 1907 2180 euangelium,

271 2210 408 2257 atque
432 2202 724 2258 reciperetur,
751 2203 895 2245 virtus
918 2211 935 2228 ³
958 2204 1032 2246 illa
1054 2202 1285 2246 videretur
1308 2204 1521 2253 humana,
1541 2215 1658 2256 quae
1681 2214 1771 2243 non
1792 2207 1906 2244 erat.

271 2279 499 2333 Quocirca
522 2279 713 2335 simplici
737 2294 789 2323 ac
813 2279 1142 2336 contemptibili
1165 2294 1374 2324 sermone
1395 2279 1493 2322 sola
1520 2276 1729 2321 coelestis
1760 2291 1814 2320 ac
1837 2276 1897 2319 di·

270 2357 377 2400 uina
398 2357 544 2400 virtus
567 2356 612 2399 in
630 2357 847 2412 apostolis
865 2358 1140 2412 operabatur
1158 2356 1447 2400 excellenter.
1475 2356 1631 2410 Itaque
1655 2353 1727 2398 176
1745 2354 1801 2397 ad
1826 2352 1908 2396 mi-

269 2435 472 2476 raculum
504 2435 591 2476 hoc
613 2447 794 2488 quoque
816 2435 1068 2489 spectabat,
1094 2432 1473 2488 quemadmodum
1496 2431 1610 2475 aliae
1637 2438 1906 2486 supernatu-

268 2511 384 2554 rales
407 2510 710 2566 operationes,
735 2510 820 2553 alia
844 2509 1028 2566 spiritus
1050 2510 1169 2552 dona
1192 2523 1244 2552 ac
1273 2508 1463 2565 gratiae,
1489 2522 1681 2563 quorum
1704 2506 1780 2551 ille
1807 2513 1906 2550 erat

267 2587 386 2640 finis,
418 2595 467 2630 vt
495 2587 665 2631 virtute
687 2586 841 2630 diuina
870 2594 1006 2641 atque
1039 2585 1309 2629 auctoritate
1337 2590 1566 2628 constaret
1593 2582 1900 2639 euangelium:

266 2679 357 2720 quo
378 2663 627 2707 constituto
649 2670 786 2719 atque
809 2671 1006 2719 recepto,
1034 2670 1081 2705 vt
1104 2670 1341 2707 cessarunt
1369 2661 1601 2714 miracula,
1625 2650 1762 2711 d'ona,
1794 2672 1901 2715 gra-

267 2741 372 2794 tiae,
398 2741 461 2784 ita
484 2740 731 2784 necessitas
752 2739 1006 2783 communis
1034 2739 1154 2783 illius
1185 2741 1402 2794 phraseos
1425 2737 1616 2793 amplius
1645 2734 1904 2780 necessaria

264 2832 355 2860 non
381 2818 480 2871 suit3
513 2818 593 2862 sed
621 2818 743 2873 quod
772 2816 939 2861 virtute
967 2816 1122 2859 diuina
1151 2817 1392 2858 fundatum
1421 2821 1505 2867 est,
1530 2812 1742 2857 omnibus
1769 2809 1903 2855 bonis

333 2964 347 2982 e
398 2957 435 2990 et
454 2955 586 2989 virtus
604 2965 676 2992 ms.
697 2952 776 2988 Sed
794 2956 831 2989 et
849 2964 1058 2999 superesse
1076 2951 1248 2988 videtur.

333 3067 343 3088 ¹
394 3069 411 3103 1
430 3068 558 3115 COR.,
579 3068 632 3113 ΙΙ,
652 3078 689 3113 4,
708 3077 746 3112 5.
