2098 3470
0 415 7 418 ¹
0 93 31 370 ”tva-rvr«

715 284 988 338 Monuussura
1014 285 1283 320 Iratum-13
1698 297 1711 324 1
1720 299 1764 336 29

185 400 236 432 re
256 386 450 443 amplius
471 387 666 444 egimus
700 387 794 432 Sed
820 394 988 439 tamen,
1020 401 1160 442 quum
1176 388 1232 430 ab
1254 395 1272 413 ³
1288 389 1447 432 eodem
1470 390 1577 432 R.¹¹¹0
1595 392 1809 446 probare-

188 471 262 516 tur
280 471 331 507 vt
351 463 738 520 interrogaremus
763 478 990 507 summum
1018 463 1279 520 pontificem
1310 479 1368 508 an
1397 465 1442 508 in
1482 467 1807 524 portugalliam

183 541 458 595 concederet
478 541 561 595 ire,
585 555 668 584 nos
689 540 737 584 id
757 540 901 597 voluit
923 541 1060 584 Pater
1086 541 1284 584 vicarius
1311 542 1518 598 experiri;
1545 545 1641 596 sed,
1667 559 1807 600 quum

183 617 324 662 semel
345 624 425 660 aut
460 616 624 661 iterum
660 617 719 660 ad
755 617 904 660 aulam
940 618 1192 669 accederet,
1231 632 1316 661 nec
1353 626 1473 663 esset
1509 621 1810 664 commoditas

181 683 379 738 adeundi
405 693 570 738 summi
591 693 832 750 pontificis,
856 693 1007 739 desiit.
1028 695 1125 738 Pax
1141 703 1388 739 consecuta
1405 696 1583 748 deinde,
1606 697 1680 740 Χ.ἰ
1695 699 1807 755 Jesu

182 785 387 824 munere;
412 785 535 814 nunc
555 778 708 815 autem
728 769 776 813 in
796 771 954 814 eadem
975 778 1046 816 est
1067 771 1292 815 sententia
1314 772 1525 827 vicarius,
1546 781 1594 816 vt
1611 773 1808 829 inquirat

184 862 342 891 rursus
362 847 631 892 sententiam
652 846 746 893 S.¹¹²i
765 848 950 892 Domini
971 848 1128 892 Nostri
1156 849 1291 893 etiam
1313 850 1371 892 de
1392 850 1613 906 Hispania
1635 853 1807 896 adeun—

181 924 256 977 da,
276 925 366 968 hoc
381 925 481 967 solo
498 923 698 977 nomine,
719 925 841 980 quod
858 932 959 980 post
974 924 1051 968 illa
1067 925 1216 968 omnia
1234 926 1427 970 audierit
1448 926 1466 952 ¹³
1483 942 1510 970 a
1527 928 1629 972 S.¹¹¹⁰
1646 930 1704 971 D.
1727 930 1784 972 N.
1796 963 1806 980 ,

175 1008 233 1044 vt
252 1015 334 1058 per
353 1001 602 1045 orationem
624 1017 651 1046 a
672 1001 770 1046 Deo
790 1009 1047 1058 peteremus
1074 1017 1184 1045 num
1214 1010 1335 1046 esset
1363 1012 1720 1048 consentaneum
1744 1005 1808 1049 ire

180 1077 229 1121 in
250 1068 517 1135 Hispaniam
534 1078 597 1122 *ad
622 1086 902 1121 conuentum
929 1080 1189 1135 generalem
1221 1082 1548 1136 peragendum.
1582 1083 1740 1138 Itaque
1763 1082 1809 1124 in

182 1152 394 1198 vniuerso
415 1156 506 1198 hoc
533 1155 727 1212 negocio
754 1155 867 1198 nihil
904 1155 1027 1199 aliud
1058 1170 1192 1211 quam
1220 1156 1567 1213 simplicissime,
1608 1159 1718 1201 nihil
1743 1160 1807 1202 fa—

180 1245 300 1285 cere,
323 1232 380 1275 ac
398 1246 457 1276 ne
487 1232 605 1276 velle
626 1232 827 1287 quidem,
850 1232 953 1285 nisi,
978 1247 1068 1288 quo
1097 1233 1455 1290 intelligeremus
1483 1235 1683 1278 animum
1716 1236 1810 1281 S.¹¹²i

162 1303 167 1306 ¹
182 1310 246 1354 D.
267 1309 328 1352 N.
352 1308 574 1352 inclinari.

266 1385 510 1430 Caeterum
533 1386 654 1442 quod
675 1387 735 1430 N.
759 1385 869 1429 dicit
889 1394 1175 1442 procuratam
1197 1401 1298 1431 esse
1328 1387 1448 1431 illam
1472 1390 1804 1445 profectionem

179 1476 262 1518 per
286 1461 546 1519 practicam,
577 1469 685 1506 sunt
721 1462 903 1523 quidem
930 1470 1140 1508 ostensae
1168 1463 1366 1509 rationes
1395 1465 1690 1522 hispanorum
1718 1468 1806 1510 Pa-

135 1532 142 1539 ’
181 1546 302 1582 trum
324 1538 556 1582 nonnullis
577 1539 792 1596 professis
819 1546 1063 1596 antequam
1091 1541 1274 1597 publice
1302 1541 1642 1596 exhiberentur,
1675 1552 1720 1588 et
1750 1545 1805 1587 N.

179 1617 292 1660 haec
313 1613 422 1659 dicit
444 1615 705 1672 practicam,
729 1607 852 1672 quod
873 1616 983 1662 vtile
1003 1618 1091 1661 fuit
1111 1625 1157 1661 et
1184 1619 1506 1672 necessarium,
1541 1628 1588 1662 vt
1619 1635 1675 1664 ex
1699 1636 1806 1665 con-

178 1691 423 1738 suetudine
449 1691 689 1738 Societatis
717 1693 941 1750 primariis
970 1695 1184 1739 Patribus
1206 1695 1360 1740 literae
1382 1697 1723 1751 exhiberentur,
1750 1714 1806 1742 ex

179 1783 374 1826 quorum
397 1767 590 1813 consilio
610 1770 916 1826 publicentur.

265 1845 432 1891 Mirum
454 1861 548 1890 non
570 1854 639 1892 est
659 1847 698 1890 si
720 1849 782 1891 N.
815 1847 1055 1893 videantur
1077 1851 1397 1896 reformatione
1426 1852 1629 1907 indigere
1654 1853 1806 1905 bullae

178 1930 225 1967 et
244 1922 614 1977 constitutiones,
637 1925 726 1968 hoc
746 1933 815 1968 est
837 1925 1096 1969 institutum
1120 1927 1378 1981 Societatis,
1404 1929 1460 1972 ad
1489 1931 1610 1986 quod
1634 1929 1807 1972 inuitus

177 1988 224 2044 et
243 2007 429 2043 coactus
450 1999 651 2044 adscitus
670 2008 739 2044 est
762 2016 841 2058 per
868 2002 1067 2046 iudicum
1090 2004 1377 2058 sententiam,
1410 2005 1455 2049 in
1482 2020 1572 2067 quo
1596 2006 1656 2049 ita
1674 2006 1802 2059 vixit,

177 2085 227 2118 vt
241 2090 479 2121 necessum
503 2077 562 2120 sit
589 2077 736 2134 ipsum
760 2078 919 2135 timere
932 2094 991 2122 ne
1006 2081 1288 2134 excludatur,
1307 2082 1344 2124 si
1359 2083 1672 2126 auctoritatem
1696 2083 1803 2127 reti—

115 2216 118 2218 *
175 2160 316 2198 neant
337 2154 487 2199 bullae
509 2169 562 2198 ac
583 2154 956 2210 constitutiones;
980 2165 1026 2200 et
1048 2158 1183 2201 bullis
1210 2159 1393 2214 quidem
1423 2161 1575 2204 nullus
1598 2169 1683 2213 est,
1710 2176 1803 2204 non

175 2246 202 2275 e
222 2231 355 2274 nobis
377 2237 570 2284 tantum,
594 2233 674 2275 sed
697 2247 755 2276 ne
775 2233 831 2276 de
852 2234 1052 2278 externis
1074 2235 1275 2290 quidem,
1302 2236 1379 2291 qui
1408 2237 1619 2280 dubitare
1642 2238 1800 2294 possit;

175 2321 317 2363 quum
339 2307 563 2365 legittime
590 2308 682 2352 sint
717 2310 986 2354 auctoritate
1014 2326 1141 2355 sacra
1169 2322 1356 2357 sanetae
1386 2314 1660 2369 apostolicae
1683 2314 1803 2358 sedis

125 2421 129 2429 ,
174 2385 486 2438 confirmatae,
510 2393 556 2429 et
578 2386 635 2429 ad
657 2401 804 2431 mores
827 2387 1048 2431 attineant
1069 2389 1427 2443 constituendos,
1448 2406 1537 2433 non
1557 2392 1612 2433 ad
1633 2392 1801 2433 factum

174 2475 260 2506 nec
280 2461 339 2504 ad
360 2476 430 2514 ea,
456 2476 573 2517 quae
594 2478 650 2507 ex
673 2463 805 2507 factis
826 2465 1068 2520 pendeant.
1101 2466 1462 2510 Constitutiones
1491 2482 1615 2519 vere,
1643 2482 1799 2522 quam-

113 2551 117 2554 ·
174 2537 246 2594 uis
265 2539 424 2583 eadem
446 2553 634 2595 prorsus
655 2540 877 2597 religione
899 2549 915 2567 ⁰
937 2557 1027 2586 non
1050 2556 1358 2598 reueoeamur,
1384 2544 1446 2586 ita
1467 2552 1615 2587 tamen
1641 2543 1800 2598 recipi-

173 2628 289 2667 mus,
314 2622 365 2658 vt
385 2629 502 2672 quae
518 2616 740 2673 legittime
760 2617 851 2661 sint
878 2619 1150 2663 auctoritate
1177 2620 1422 2675 apostolica
1450 2620 1732 2674 conscriptae
1756 2627 1800 2661 et

173 2705 255 2734 sua
277 2679 546 2735 auctoritate
566 2693 777 2747 donatae3
803 2709 907 2738 nam
931 2696 1192 2739 facultatem
1215 2696 1388 2752 accepit
1416 2696 1696 2751 praepositus
1720 2697 1798 2739 So·

172 2766 352 2817 eietatis
373 2765 617 2824 generalis,
642 2777 707 2822 vt,
734 2784 838 2814 curn
860 2770 1048 2815 consilio
1071 2774 1276 2825 Patrum,
1304 2774 1498 2815 condere
1521 2772 1801 2815 constitutio-

243 2919 262 2938 α
286 2909 399 2945 Hanc
415 2910 645 2956 particulam
661 2912 887 2948 obliteravit
904 2914 1070 2960 Natalis,
1084 2914 1155 2950 sed
1173 2926 1249 2951 non
1269 2915 1433 2949 mutavit
1450 2925 1582 2949 casum
1601 2914 1800 2959 sequentis

170 2968 427 3016 pronominis,
450 2969 517 3016 qui
541 2969 581 3006 in
604 2969 780 3006 dativum
803 2973 1091 3009 convertendus
1121 2973 1209 3019 fuit,
1234 2975 1387 3008 sublata
1417 2974 1481 3007 illa
1505 2973 1703 3018 particula.
1756 2991 1800 2998 -—

172 3029 192 3055 b
216 3027 376 3075 audirit
404 3033 561 3074 autogr.
617 3038 681 3056 —0
705 3029 819 3066 Prius
849 3032 1006 3078 scripsit
1036 3032 1186 3068 Natalis
1216 3034 1469 3072 auctoritate,
1497 3031 1566 3066 sed
1589 3042 1703 3077 supra
1727 3032 1800 3066 hoc

170 3086 283 3123 verb.
309 3086 513 3122 substituit
531 3087 742 3134 religione.

349 3150 464 3178 Erxsr.
487 3150 528 3179 P.
551 3150 686 3187 NADAL,
707 3159 783 3180 rou.
804 3152 866 3181 IV.
1592 3154 1623 3181 10
