2098 3470
309 279 352 307 10
826 317 831 322 ἡ
883 271 1060 307 ΝοτιτιΑ
1087 279 1276 308 conicum

264 373 442 410 numeris
462 373 664 420 distincta,
683 374 832 421 quibus
854 375 1108 411 characteres
1129 374 1294 421 quidam
1315 385 1387 411 seu
1412 374 1593 419 virtutes
1619 374 1799 422 spiritum
1826 375 1888 412 vel

258 443 478 481 medullam
522 444 690 482 instituti
735 444 948 482 Societatis
988 446 1299 490 constituentes,
1337 449 1630 492 proponuntur.
1669 445 1888 483 Auctorem

258 516 379 563 hujus
400 516 586 563 opusculi
606 516 739 564 ipsum
759 516 944 553 Natalem
966 516 1149 552 extitisse
1179 527 1261 552 non
1290 515 1535 561 dubitamus,
1558 520 1644 552 tum
1669 517 1763 563 quia
1782 522 1892 554 tace-

257 592 322 624 tur
349 586 403 624 ibi
424 598 573 624 nomen
594 588 783 633 auctoris,
809 587 921 635 quod
947 592 1103 624 tantum
1131 587 1169 622 in
1197 586 1337 623 alienis
1366 585 1714 624 lucubrationibus
1740 592 1784 625 ut
1803 588 1892 636 plu-

258 659 404 695 rimum
424 657 581 695 Natalis
602 659 831 706 exprimere
853 650 968 703 sol'et3
989 662 1073 694 tum
1095 657 1201 704 quia,
1222 662 1262 693 et
1286 668 1351 694 res
1367 656 1422 694 ibi
1444 657 1629 704 scriptae,
1650 662 1690 694 et
1716 657 1828 695 stilus
1854 664 1895 696 et

259 730 387 766 forma
408 729 620 777 loquendi,
640 729 794 766 Natalis
814 729 1022 778 ingenium
1050 729 1220 776 ejusque
1247 728 1427 765 intimam
1461 728 1795 766 constitutionum
1820 728 1892 766 So·

258 801 414 838 cietatis
436 798 714 850 cognitionem
743 806 881 848 aperte
910 800 1102 836 revelant.
1127 798 1343 836 Caeterum
1374 800 1474 835 haec
1505 799 1649 836 eadem
1670 799 1790 845 dicta,
1811 801 1894 837 ·hae

258 883 353 909 vere
374 883 521 909 aureae
541 872 779 917 sententiae,
799 872 950 920 passim
971 871 1010 907 in
1032 869 1385 907 exhortationibus
1419 870 1588 917 aliisque
1617 870 1770 907 Natalis
1797 872 1906 909 scri-'

259 943 338 990 ptis
362 943 630 991 reperiuntur.
660 943 807 979 Manus
849 948 910 979 est
940 941 1067 978 Patris
1098 941 1289 988 Jimenez.
1328 929 1646 978 Emendationes
1674 941 1892 980 nonnullae

257 1014 383 1062 ipsius
404 1014 580 1051 auctoris
595 1025 719 1051 manu
739 1013 869 1050 factae
890 1013 1102 1050 habentur.
1125 1012 1207 1049 Ine.
1232 1022 1294 1049 «1.
1319 1011 1496 1059 Aunque
1517 1012 1553 1048 el
1572 1012 1698 1049 modo
1719 1012 1771 1049 de
1790 1013 1894 1051 viuir

260 1085 312 1122 de
333 1085 371 1122 la
395 1084 685 1133 Compafu'a...»
708 1085 806 1125 Des,
833 1084 949 1122 «...de
972 1084 1030 1121 las
1051 1095 1168 1120 cosas
1197 1083 1448 1132 espirituales
1468 1096 1493 1132 y
1515 1084 1566 1120 de
1586 1083 1706 1121 todas
1732 1085 1894 1130 comun‚

260 1162 362 1194 etc.»
385 1156 478 1193 Hoc
498 1161 820 1202 monumentum,
847 1167 901 1192 ex
923 1156 999 1192 alio
1022 1155 1166 1192 codice
1192 1155 1492 1202 depromptum,
1520 1154 1647 1192 edidit
1668 1155 1710 1193 P.
1731 1155 1893 1194 Astrain

260 1228 300 1264 in
330 1227 558 1266 Historia...
585 1226 633 1264 de
652 1227 692 1264 la
718 1227 933 1264 asistencz'a
959 1226 1006 1263 de
1032 1226 1212 1276 Espaffia,
1234 1226 1264 1272 I,
1297 1235 1380 1275 197.
1409 1226 1441 1262 F
1445 1226 1495 1263 ol.
1527 1236 1629 1275 349v
1660 1239 1806 1275 purum
1831 1237 1894 1264 re—

258 1303 407 1335 manet.
525 1340 540 1367 .
1328 1307 1330 1310 '
1581 1340 1587 1347 1

340 1369 426 1407 Fol.
451 1381 470 1418 3
478 1377 589 1419 5or-3
598 1377 678 1416 59r‚
695 1370 867 1407 habetur
887 1369 1138 1406 enchiridion
1160 1369 1370 1416 quoddam
1392 1374 1735 1418 argumentorum,
1751 1380 1806 1406 ex
1828 1380 1892 1406 sa-

266 1441 343 1478 cris
363 1441 504 1478 litteris
520 1446 559 1478 et
580 1452 634 1478 ex
655 1441 836 1489 patribus
858 1447 897 1478 et
917 1441 1153 1479 doctoribus
1175 1441 1371 1478 ecclesiae
1399 1440 1700 1488 depromptum,
1722 1452 1795 1488 pro
1817 1440 1894 1477 sre-

262 1512 403 1559 quenti
423 1524 501 1549 usu
520 1513 787 1549 eucharistiae
807 1512 1108 1560 persuadendo,
1129 1524 1222 1549 cum
1248 1511 1426 1559 quadam
1447 1513 1512 1559 pia
1538 1511 1820 1549 adhortatione
1840 1511 1892 1548 ad

259 1594 415 1620 sacram
441 1583 633 1620 dominici
660 1584 841 1631 corporis
864 1584 1206 1623 communionem.
1238 1583 1398 1620 Titulus
1418 1583 1574 1631 duplex
1599 1583 1711 1620 initio
1737 1583 1895 1631 positus

261 1653 444 1691 habetur:
466 1655 586 1702 prior,
606 1655 675 1701 qui
697 1660 805 1691 certe
831 1667 914 1691 non
941 1655 993 1691 ad
1021 1656 1128 1692 hunc
1148 1659 1362 1692 tractatum
1382 1655 1564 1700 refertur,
1590 1654 1743 1692 Natalis
1772 1666 1896 1691 manu

264 1730 470 1771 exaratus,
496 1725 550 1762 ita
578 1724 714 1762 habet:
745 1726 832 1762 «De
867 1726 1142 1763 obedientia.»
1179 1725 1303 1772 Alter,
1325 1725 1377 1763 ab
1411 1727 1551 1775 ignoto
1578 1726 1802 1774 appositus,
1836 1731 1898 1762 est

258 1796 504 1844 hujusmodi:
534 1796 621 1833 «De
652 1797 935 1837 eucharistia.»
959 1798 1118 1843 Manus,
1140 1797 1324 1834 diversae
1359 1797 1410 1834 ab
1444 1798 1505 1844 iis,
1525 1809 1634 1844 quae
1660 1809 1734 1845 per
1763 1802 1895 1834 toturn

256 1867 364 1904 hunc
385 1867 572 1904 codicem
592 1868 910 1916 conspiciuntur,
933 1874 1026 1905 sunt
1046 1868 1220 1905 duorum
1246 1868 1513 1915 librariorum,
1534 1869 1601 1916 qui
1628 1868 1668 1905 in
1689 1879 1764 1905 suo
1785 1868 1894 1914 quis-

259 1949 339 1985 que
361 1939 630 1986 quaternione
658 1939 767 1976 varia
789 1939 841 1975 de
863 1951 945 1976 uno
972 1939 1203 1987 eodemque
1230 1945 1469 1989 argumento
1496 1939 1749 1988 conscripsit.
1776 1939 1894 1976 Pater

257 2021 356 2047 vero
375 2009 530 2047 Natalis
546 2021 594 2047 ea
616 2010 732 2047 simul
754 2010 928 2059 collegit,
945 2011 996 2047 ad
1019 2011 1173 2048 calcem
1191 2011 1316 2048 totius
1347 2011 1514 2057 codicis;
1534 2010 1631 2047 nihil
1652 2010 1760 2047 enim
1785 2009 1893 2046 aliud

256 2085 414 2128 postea,
434 2086 595 2129 praeter
609 2081 693 2118 duo
710 2081 804 2118 folia
824 2093 966 2127 vacua,
987 2082 1027 2118 in
1046 2083 1124 2119 hoc
1145 2082 1246 2119 libro
1266 2083 1476 2130 reperitur.

338 2151 473 2200 Hujus
494 2152 648 2190 codicis
671 2152 806 2189 brevis
829 2153 1048 2200 descriptio
1078 2154 1251 2190 habetur
1278 2154 1317 2190 in
1341 2152 1521 2191 Illonum.
1544 2152 1696 2201 Ignat„
1720 2152 1803 2189 Ser.
1824 2151 1893 2198 IV,

261 2227 288 2259 t.
313 2223 343 2269 I,
359 2234 453 2272 pag.
482 2233 540 2269 19.

935 2330 1118 2369 Codex
1147 2329 1220 2368 57

341 2435 404 2473 De
430 2435 550 2473 rebus
575 2448 684 2485 cong.
706 2449 798 2485 gen.
824 2436 867 2473 I-
882 2437 1076 2474 VII.—In
1107 2437 1166 2484 f.⁰,
1196 2438 1446 2486 compositus
1474 2440 1670 2482 recenter,
1699 2440 1740 2472 et
1767 2446 1894 2472 mern-

205 2499 210 2503 ’
261 2507 388 2544 brana
413 2519 436 2545 a
461 2512 576 2557 tergo
604 2513 836 2556 coopertuS‚
861 2509 925 2546 cui
952 2509 1053 2546 haec
1079 2509 1288 2557 inscriptio
1315 2509 1512 2557 apposita:
1542 2506 1641 2544 «DE
1666 2505 1840 2544 REBUS
1865 2507 1871 2554 Ι

262 2577 388 2616 CON.
418 2578 542 2616 GEN.
570 2579 574 2629 Ι
599 2578 637 2615 Α
662 2579 679 2616 I
707 2579 782 2616 AD
809 2579 911 2616 VII»
944 2579 1114 2617 Constat
1142 2592 1262 2630 pagg.
1295 2590 1329 2617 1·
1338 2587 1412 2628 532
1441 2580 1556 2629 sign.,
1585 2577 1733 2626 quibus
1761 2577 1895 2625 aliqua

258 2649 463 2687 interdum
487 2650 582 2687 folia
607 2662 690 2687 non
717 2651 874 2700 signata
900 2651 1047 2688 inserta
1076 2656 1180 2696 sunt3
1207 2656 1247 2688 et
1268 2651 1308 2689 ff.
1334 2658 1379 2700 53
1387 2651 1510 2700 3-560
1530 2661 1584 2687 ex
1604 2654 1716 2698 parte
1735 2653 1893 2686 tantum

260 2720 362 2770 sign.
384 2720 576 2758 Continet
594 2722 705 2758 varia
725 2721 971 2758 documenta
991 2723 1222 2770 archetypa,
1242 2728 1286 2759 ut
1305 2722 1521 2770 plurimum
1541 2720 1592 2758 ad
1612 2725 1770 2766 septem
1785 2720 1893 2768 prio-

258 2802 324 2829 res
343 2792 684 2841 congregationes
703 2793 955 2840 pertinentia.
978 2793 1114 2830 Unum
1135 2793 1350 2830 dumtaxat
1370 2792 1421 2829 ad
1442 2792 1484 2830 P.
1505 2791 1690 2828 Natalem
1706 2795 1894 2839 spectans

261 2862 302 2899 in
322 2863 402 2900 hoc
429 2862 586 2909 codice,
612 2862 679 2900 fol.
700 2872 738 2909 9,
758 2864 994 2911 reperimus,
1015 2875 1070 2901 sc.
1098 2869 1248 2911 puncta
1275 2864 1420 2901 decem
1439 2863 1491 2900 ab
1510 2863 1599 2911 ipso
1625 2858 1895 2911 proponenda

261 2935 302 2971 in
337 2934 466 2982 prima
499 2935 817 2983 congregatione
847 2934 1037 2983 generali.
1067 2935 1213 2971 Manus
1243 2940 1304 2971 est
1331 2934 1492 2980 librarii3
1521 2933 1729 2971 annotatio
1758 2937 1893 2970 autem

258 3005 374 3051 haec,
394 3004 548 3042 Natalis
568 3006 835 3054 autographa,
854 3006 894 3042 in
915 3017 1072 3043 summa
1091 3006 1211 3053 priori
1232 3006 1379 3055 pagina
1399 3005 1583 3052 habetur,
1603 3015 1709 3052 quae
1729 3003 1894 3051 quidem

259 3076 312 3113 ad
340 3075 423 3114 duo
443 3081 600 3114 tanturn
620 3076 753 3125 priora
772 3082 923 3125 puncta
942 3077 1122 3114 refertur:
1146 3076 1294 3125 «Quod
1315 3088 1511 3125 vesperae
1530 3089 1612 3114 non
1632 3075 1894 3113 introducan-
