2098 3470
287 231 359 266 606
759 231 915 269 Plu-ms
941 233 1183 270 Hmnonvm
1210 233 1359 268 NADAL

176 340 178 342 ’
243 341 423 388 praeest
453 328 862 385 mensae,'etiamsi
895 341 1000 379 ante
1031 334 1142 377 alios
1175 334 1434 378 absolueret
1466 349 1598 378 suum
1632 336 1871 391 prandium

244 410 315 452 vel
352 423 559 461 coenam,
601 416 752 454 tamen
790 426 848 455 ne
881 410 1066 454 mantile
1104 425 1236 453 suum
1275 411 1461 466 plicaret
1495 411 1760 467 'priusquam
1797 412 1871 455 alii

243 486 562 540 absoluissent3
597 488 790 530 frustula
827 487 962 532 etiam
992 487 1121 543 panis
1149 489 1492 534 e01n639ederet
1530 488 1720 542 minuta,
1752 504 1808 532 ne
1836 490 1874 532 si

243 563 339 618 ipse
361 563 545 606 omnino
566 559 781 620 cessaret,
808 564 881 607 alii
911 565 986 619 qui
1010 564 1215 620 ampliori
1237 565 1339 607 cibo
1362 572 1517 620 egent,
1542 565 1733 621 permoti
1755 565 1874 623 illius

243 640 468 696 exemplo,
493 639 685 684 celerius
707 641 963 685 desinerent
987 655 1120 696 quam
1145 641 1230 683 illis
1254 641 1362 685 vtile
1384 649 1503 685 esset
1527 641 1745 686 fortassis.

333 716 519 769 Vinum,
551 724 796 773 antequam
825 725 1077 773 apponatur
1106 732 1305 770 mensae,
1331 717 1507 762 misceri
1541 718 1705 773 poterit
1734 733 1871 774 aqua,

244 800 378 849 prout
401 792 599 837 validum
623 793 775 846 fuerit,
800 802 846 837 et
868 802 936 838 est
961 793 1067 837 vtile
1089 795 1179 836 hoc
1208 793 1423 836 fratribus
1447 802 1494 836 vt
1517 794 1579 837 ita
1607 795 1703 847 fiat3
1729 809 1874 849 quan—

245 878 340 912 tum
363 885 472 914 vero
489 885 634 926 aquae
650 871 876 915 sustinere
894 870 1053 926 possit,
1074 870 1119 912 id
1138 869 1354 913 iudicabit
1372 878 1536 923 rector;
1558 879 1602 914 et
1619 871 1872 927 adiungent

245 954 395 990 tamen
418 946 588 1004 singuli
609 961 790 1004 aquam,
815 961 919 990 cum
943 947 1115 990 bibent.

333 1025 649 1078 Consuetudo,
669 1039 787 1080 quae
803 1025 888 1067 fuit
911 1023 1112 1078 antiqua,
1133 1033 1197 1076 vt,
1219 1024 1295 1080 qui
1312 1025 1369 1067 ad
1391 1039 1591 1068 mensam
1608 1024 1736 1080 legit,
1755 1024 1875 1068 dicat

242 1099 416 1156 aliquid
447 1116 584 1157 super
615 1100 701 1153 his,
738 1116 853 1157 quae
889 1101 1021 1156 legit,
1063 1115 1153 1143 non
1187 1101 1442 1144 necessario
1472 1101 1756 1144 obseruanda
1787 1109 1872 1144 est.

244 1177 367 1220 Huic
397 1185 546 1220 tamen
578 1178 664 1221 alia
692 1177 928 1228 successit,
961 1185 1026 1229 vt,
1052 1177 1128 1232 qui
1156 1177 1284 1233 legit,
1316 1178 1353 1220 si
1375 1178 1484 1233 quid
1512 1178 1596 1220 sibi
1625 1184 1783 1221 notatu
1805 1177 1874 1220 di·

244 1269 389 1311 gnum
411 1255 638 1307 videatur,
664 1255 775 1297 illud
798 1262 988 1310 repetat3
1013 1253 1051 1296 si
1074 1253 1175 1308 quis
1198 1263 1349 1297 tamen
1371 1254 1540 1310 aliquid
1554 1255 1692 1299 'vellet
1707 1253 1872 1306 dicere,

245 1345 336 1374 non
355 1339 479 1375 esset
492 1332 865 1388 interpellandus,
886 1332 1019 1373 modo
1037 1332 1274 1374 commode
1291 1331 1520 1375 videretur
1537 1345 1637 1375 esse
1653 1325 1872 1374 dicturus.

334 1407 409 1451 Ad
426 1408 733 1460 refectorium,
754 1409 790 1451 si
813 1408 946 1451 simul
964 1421 1068 1450 cum
1087 1414 1262 1452 rectore
1285 1408 1438 1450 veniat
1460 1407 1749 1464 prouincialis
1765 1422 1876 1451 suus

245 1493 292 1528 et
315 1485 668 1537 commissarius,
694 1486 920 1528 sedebunt
943 1484 990 1526 hi
1014 1484 1144 1540 primi
1167 1485 1266 1528 loco
1288 1499 1372 1527 suo
1401 1491 1447 1528 et
1468 1485 1630 1540 gradu.
1662 1483 1711 1529 Si
1740 1499 1794 1528 ex
1823 1484 1877 1526 iis

243 1577 300 1606 ne
323 1569 474 1605 rector
505 1561 688 1617 quidem
723 1562 855 1614 adsit,
891 1561 1188 1604 nihilominus
1216 1576 1308 1604 non
1344 1561 1429 1605 erit
1463 1559 1556 1605 640
1588 1575 1761 1604 vacuus
1790 1560 1875 1616 nisi

246 1653 363 1681 vnus
386 1639 530 1690 locus,
549 1646 595 1681 et
617 1639 821 1681 secundo
843 1635 1018 1683 sedebit
1040 1638 1258 1695 minister,
1285 1637 1322 1680 si
1346 1637 1480 1682 fuerit
1502 1638 1730 1690 sacerdos,
1754 1638 1875 1692 quod

244 1716 435 1759 deberet
456 1729 570 1760 esse.
598 1715 648 1760 Si
671 1729 780 1759 vero
802 1716 1090 1771 contingeret
1111 1714 1245 1757 simul
1266 1722 1312 1757 et
1334 1722 1553 1758 rectorem
1572 1729 1671 1759 esse
1686 1714 1733 1756 in
1753 1729 1876 1758 men-

246 1808 297 1835 sa
315 1801 360 1837 ct
378 1792 630 1835 ministrum
650 1793 787 1848 (quod
805 1807 895 1834 non
914 1794 1028 1836 solet
1044 1791 1175 1847 esse),
1198 1791 1401 1835 minister
1417 1806 1509 1835 non
1525 1791 1710 1836 habebit
1728 1792 1876 1836 locum

245 1878 420 1912 certum
453 1869 499 1922 in
532 1882 706 1922 mensa,
741 1871 822 1912 sed
853 1870 1029 1912 sedebit
1057 1869 1172 1912 inter
1200 1868 1430 1924 simplices
1457 1869 1730 1913 sacerdotes.
1768 1869 1878 1911 Post

247 1955 472 1992 rectorem
495 1962 605 1992 vero
626 1948 699 1992 vel
721 1948 993 1999 ministrum,
1019 1947 1095 1989 vbi
1117 1947 1163 1990 in
1186 1947 1424 1992 refectorio
1442 1962 1532 1990 non
1550 1947 1695 1991 aderit
1712 1953 1875 1999 rector,

248 2026 500 2069 succedent
520 2024 712 2081 professi
735 2024 854 2067 inter
884 2039 932 2067 se
961 2025 1058 2068 sine
1087 2024 1260 2068 ordine.
1291 2024 1467 2067 Deinde
1497 2024 1757 2068 sacerdotes
1785 2023 1876 2078 alii,

246 2102 354 2146 item
377 2102 494 2146 inter
516 2116 566 2145 Se
587 2102 760 2157 absque
783 2101 954 2144 ordine.
983 2103 1104 2144 Inter
1133 2103 1294 2144 fratres
1323 2100 1459 2144 etiam
1482 2101 1634 2143 nullus
1662 2100 1878 2144 eritssordo

246 2180 522 2230 seruandus,
557 2178 644 2220 nisi
677 2179 796 2233 quod
830 2178 1125 2222 subminister
1158 2178 1301 2233 primo
1331 2178 1430 2220 loco
1461 2177 1652 2220 sedebit.
1689 2177 1736 2221 Si
1771 2192 1878 2221 vero

246 2250 539 2310 contingeret
561 2255 720 2298 adesse
742 2255 1043 2310 prouinciales
1065 2255 1138 2298 vel
1161 2262 1363 2298 rectores
1390 2254 1879 2307 externos,.habebunt

244 2331 428 2388 quidem
451 2331 627 2374 externi
655 2330 957 2387 prouinciales
989 2332 1057 2374 vel
1088 2338 1289 2394 rectores
1317 2331 1466 2373 locum
1493 2338 1598 2372 ante
1620 2329 1876 2386 prouincia—

245 2410 334 2452 lem
358 2410 430 2452 vel
453 2415 674 2451 rectorem
697 2407 816 2450 illius
838 2408 1034 2463 collegii.
1718 2460 1723 2474 .

335 2485 614 2541 Assignetur
645 2498 799 2527 mensa
828 2500 932 2536 vna,
965 2485 1008 2526 in
1041 2500 1129 2539 qua
1161 2485 1349 2529 sedeant
1380 2484 1427 2538 ii,
1453 2483 1529 2539 qui
1553 2490 1631 2527 aut
1664 2484 1876 2526 conuale-

245 2571 427 2606 scentes
449 2571 573 2613 sunt,
598 2568 677 2604 aut
699 2562 1013 2604 valetudinarii
1036 2571 1068 2614 ἃ,
1095 2570 1173 2605 aut
1196 2577 1251 2606 ex
1279 2560 1472 2604 naturali
1501 2560 1649 2616 aliqua
1676 2560 1876 2617 necessi-

246 2646 338 2682 tate
375 2638 630 2682 nece-ssario
667 2639 895 2683 delectum
926 2639 1119 2693 aliquem
1151 2639 1228 2683 841
1257 2638 1460 2681 ciborum
1494 2652 1677 2681 seruare
1707 2637 1876 2681 debent

242 2731 299 2758 ex
322 2716 603 2772 praescripto
625 2715 787 2760 medici
810 2730 861 2758 ac
884 2716 1018 2758 etiam
1042 2716 1299 2772 superioris3
1324 2723 1370 2759 et
1391 2715 1448 2757 sit
1465 2714 1626 2770 aliquis
1643 2713 1877 2757 coadiutor

242 2791 521 2836 exercitatus
542 2791 560 2817 b
583 2791 692 2849 [qui]
719 2793 953 2834 commode
976 2792 1061 2835 illis
1085 2793 1210 2835 cibos
1237 2800 1253 2818 ⁰
1276 2800 1486 2847 apponat,
1513 2791 1574 2833 ita
1595 2791 1673 2834 fiet
1702 2798 1750 2833 vt
1773 2790 1876 2834 reli-

314 2927 332 2943 a
359 2917 489 2951 Verba
506 2917 822 2952 conualescentes
839 2919 931 2950 sunt
949 2919 1021 2950 aut
1040 2917 1347 2957 valetudinarii,
1367 2915 1441 2950 alia
1461 2927 1576 2950 manu
1599 2914 1743 2962 scripta
1761 2919 1869 2949 sunt.

245 2977 311 3002 —b
339 2975 374 3010 A
405 2977 527 3010 verbo
550 2986 871 3022 seruareusque
901 2975 949 3009 ad
980 2975 1230 3015 exercitatus,
1264 2974 1457 3021 posterius
1488 2973 1619 3009 addita
1648 2973 1876 3009 fuerunt'in

246 3034 433 3079 margine.
486 3044 550 3061 -ο
576 3035 661 3069 Hoc
679 3035 788 3072 verb.
809 3033 983 3069 additum
1003 3034 1211 3079 posterius,
