2098 3470
814 218 1246 258 lnsrnuoeiomzs—61
1732 217 1804 265 539

211 324 397 368 doinum
426 323 514 367 nisi
540 338 657 376 raro,
688 331 734 367 et
761 338 867 368 cum
894 321 1088 366 alicuius
1107 320 1396 365 authoritatis
1419 321 1517 364 viro
1538 329 1582 365 et
1605 321 1848 378 specialem

210 400 407 456 aliquam
429 402 488 444 ob
505 400 743 445 vtilitatem
764 407 811 444 et
827 398 1204 450 aedificationem,
1224 397 1360 442 etiam
1378 398 1650 454 superioreS,
1672 413 1757 443 nec
1774 399 1850 442 alii

211 477 311 522 sine
337 479 501 520 horum
529 477 726 522 licentia.
758 478 808 520 In
830 476 903 551 h=is
932 484 1084 521 tamen
1112 477 1251 519 rebus
1276 481 1362 522 469
1392 475 1558 531 poterit
1588 475 1850 531 dispensare

210 553 435 611 superior,
467 562 658 611 vrgente
680 553 830 609 aliqua
858 567 1010 597 causa.
1035 554 1128 598 Sed
1158 553 1197 596 si
1225 552 1311 596 sibi
1342 567 1397 596 ea
1427 552 1474 594 in
1506 567 1555 596 re
1587 552 1849 609 indulgeret

212 631 435 688 superior,
459 631 769 675 admonebunt
789 631 847 673 de
867 646 920 675 ea
940 630 1225 674 consultores
1252 629 1577 686 prouincialem
1600 630 1672 672 vel
1704 643 1851 686 gene-

213 709 369 752 ralem.
599 714 601 716 ’

302 784 470 830 Selecti
487 786 647 828 Patres
660 792 707 828 et
720 786 884 829 fratres
895 791 1113 840 poterunt
1126 798 1184 828 ex
1196 783 1384 827 arbitrio
1397 783 1643 840 superioris
1654 783 1850 839 aliquem

151 877 156 880 ·
212 861 427 914 inuisere,
451 862 489 905 si
511 863 688 910 fructus
713 861 876 917 aliquis
904 860 1148 917 spiritualis
1174 862 1247 904 vel
1273 860 1527 904 aedificatio
1559 868 1841 916 expectetur;

213 938 430 994 alioquin,
460 946 510 981 vt
537 939 683 981 solum
710 938 798 982 illis
819 938 1031 1001 satisfiat,
1062 952 1154 981 non
1183 937 1268 982 erit
1298 951 1537 982 necessum
1566 937 1848 981 visitationes

214 1015 464 1072 suscipere.

304 1092 521 1136 Officium
544 1100 696 1136 tamen
717 1092 829 1135 illud
845 1099 982 1149 atque
1000 1090 1178 1148 pietatis
1195 1083 1483 1147 obsequium,
1504 1092 1627 1146 quod
1644 1106 1670 1134 a
1688 1091 1854 1134 nostris

213 1169 453 1216 exhibetur
468 1169 660 1212 infirmis
675 1169 971 1221 moribundis,
985 1183 1078 1212 non
1088 1176 1158 1212 est
1173 1168 1584 1221 intermittendum,
1600 1168 1699 1212 siue
1721 1175 1855 1211 nocte

213 1246 313 1291 siue
332 1245 545 1298 interdiu,
570 1247 692 1302 quod
708 1247 933 1290 curabunt
949 1253 1102 1290 tamen
1117 1245 1376 1302 diligenter,
1396 1259 1456 1288 ne
1472 1246 1580 1288 dum
1598 1245 1697 1288 aliis
1713 1259 1847 1301 opem

215 1324 334 1368 ferre
354 1323 426 1380 pie
447 1324 673 1374 volumus,
698 1322 839 1366 nostri
861 1323 909 1366 in
930 1323 1112 1378 aliquod
1133 1321 1436 1366 coniiciantur
1457 1322 1724 1378 periculum.

303 1400 577 1456 Discipulos,
596 1400 774 1443 infirma
790 1399 1050 1444 valetudine
1064 1395 1339 1452 laborantes,
1357 1407 1407 1442 vt
1424 1415 1503 1456 per
1519 1414 1568 1443 se
1586 1407 1849 1456 praecepto-

214 1491 286 1521 res
306 1477 392 1534 ipsi
414 1476 614 1520 inuisant
635 1492 728 1520 non
750 1484 819 1521 est
840 1478 1125 1522 consuetudo
1146 1477 1191 1520 in
1214 1476 1462 1522 Societate.
1487 1476 1536 1522 Si
1558 1479 1677 1520 hanc
1711 1477 1852 1520 facul-

212 1561 352 1598 tatem
373 1554 580 1610 superior
599 1553 742 1606 dabit,
767 1553 812 1596 id
834 1554 969 1597 faciat
990 1568 1047 1597 ex
1067 1561 1192 1598 certa
1209 1568 1368 1606 causa,
1395 1554 1548 1597 fructu
1570 1561 1616 1597 et
1637 1553 1852 1598 aedifica-

213 1631 352 1675 tione.
393 1632 496 1674 Hoc
532 1631 732 1673 officium
746 1665 757 1684 ,
796 1630 834 1673 si
871 1645 962 1673 non
999 1645 1080 1687 per
1115 1645 1166 1675 se
1205 1631 1399 1683 obeunt,
1446 1646 1526 1687 per
1567 1631 1851 1673 infirmorum

212 1707 546 1764 condiscipulos
557 1714 784 1763 praestare
798 1706 892 1752 47⁰
909 1714 1224 1764 praeceptores
1240 1714 1470 1764 poterunt,
1485 1708 1607 1763 quod
1622 1707 1707 1751 erit
1722 1707 1847 1751 satis.

301 1783 597 1829 Visitationes
624 1787 883 1827 'nostrorum
910 1791 1152 1828 versentur
1177 1783 1224 1828 in
1256 1784 1552 1828 xenodochiis
1580 1792 1627 1828 et
1658 1784 1856 1828 carceri-

213 1862 317 1907 bus,
349 1860 563 1917 Episcopi
594 1860 731 1903 inuisi
761 1867 976 1917 poterunt
1007 1875 1060 1905 ac
1090 1861 1317 1918 principes
1343 1862 1402 1906 ad
1429 1863 1629 1905 fructum
1658 1862 1854 1917 aliquem

211 1937 507 1994 spiritualem,
531 1944 578 1980 et
599 1937 894 1994 magistratus
911 1937 1159 1994 praecipui,
1179 1946 1275 1982 tum
1292 1938 1587 1982 ecclesiastici
1606 1946 1702 1982 tum
1719 1953 1854 1983 secu-

212 2014 346 2067 lares,
370 2021 466 2057 tum
488 2013 562 2058 alii
583 2013 668 2056 viri
688 2028 873 2070 graueS.
899 2015 1112 2058 Mulieres
1128 2015 1205 2059 vix
1222 2016 1407 2060 tandem
1424 2015 1748 2068 visitabuntur,
1770 2015 1854 2059 nisi

214 2090 485 2136 necessitate
501 2082 811 2136 intercedente
827 2099 874 2136 et
891 2092 1067 2135 fructus
1082 2091 1329 2148 spiritualis
1346 2107 1427 2149 spe
1449 2102 1669 2150 concepta
1691 2093 1856 2149 singu-

212 2167 311 2220 lari,
335 2174 382 2212 et
401 2168 546 2210 solum
569 2167 753 2224 quidem
776 2182 895 2224 quae
918 2167 1087 2211 fuerint
1114 2168 1354 2225 primariae
1380 2170 1455 2213 vel
1481 2169 1694 2214 illustres.
1727 2171 1855 2213 Haec

213 2243 334 2289 enim
354 2244 689 2301 intelliguntur,
714 2244 792 2287 vbi
813 2244 1012 2288 visitatio
1034 2259 1126 2288 non
1147 2245 1199 2289 fit
1220 2247 1278 2289 ad
1299 2246 1632 2291 confessionem
1663 2247 1855 2291 audien—

206 2321 318 2371 ,dam
338 2322 414 2365 vel
434 2320 731 2364 moribundos
751 2322 1076 2366 subleuandos.

619 2453 682 2483 DE
705 2453 798 2484 OPE
821 2454 1045 2484 FERENDA
1066 2453 1457 2486 CONSANGUINEIS

304 2550 398 2606 Qui
418 2558 526 2594 sunt
547 2552 605 2596 de
626 2552 872 2604 Societate,
897 2567 991 2596 non
1014 2552 1291 2609 obligantur,
1322 2554 1587 2610 praesertim
1619 2562 1721 2609 post
1748 2560 1856 2596 vota

214 2627 351 2680 edita,
391 2628 654 2684 parentibus
691 2629 786 2672 suis
822 2629 1051 2683 iuuandis,
1090 2629 1169 2686 qui
1200 2630 1436 2674 constituti
1469 2645 1559 2672 non
1595 2631 1778 2673 fuerunt
1809 2630 1856 2672 in

214 2710 418 2749 extrema
444 2705 718 2750 necessitate
744 2720 836 2761 quo
864 2713 1067 2762 tempore
1098 2714 1205 2750 vota
1235 2707 1494 2759 ediderunt;
1529 2721 1614 2749 nec
1652 2706 1856 2751 Societas

214 2779 313 2837 ipsa
331 2780 411 2825 471
433 2780 522 2824 illis
542 2782 713 2838 aliquid
732 2783 885 2828 debet.
911 2783 961 2828 Si
985 2797 1093 2826 uero
1114 2791 1268 2827 essent
1289 2784 1336 2826 in
1358 2791 1559 2827 extrema
1582 2783 1854 2827 necessitate

215 2856 293 2900 vbi
314 2864 421 2900 sunt
442 2857 707 2915 recipiendi,
738 2874 796 2903 ne
824 2859 1099 2916 recipiantur
1127 2861 1329 2904 omnino.
1360 2860 1433 2902 Ad
1462 2860 1675 2902 maiorem
1706 2867 1856 2902 tamen

215 2933 432 2989 quietem,
457 2934 602 2978 sciant
623 2936 766 2979 nostri
784 2936 1116 2980 solicitudinem
1140 2946 1185 2982 et
1207 2951 1381 2989 curam,
1408 2936 1444 2979 si
1467 2937 1524 2979 ad
1542 2943 1854 2992 paupertatem

214 3010 485 3055 deuenirent
521 3020 733 3068 parentes
767 3013 962 3066 illorum,
1003 3014 1224 3070 superiori
1261 3029 1362 3058 esse
1400 3013 1617 3064 relictam;
1660 3012 1737 3068 qui
1774 3028 1854 3069 per
