2098 3470
704 261 984 304 Mo'nmurA
1008 263 1360 303 Garunnam-32
1733 273 1805 310 229

211 356 443 416 habemus
463 369 727 413 facultatem
749 383 776 412 a
797 367 997 426 peccatis
1017 375 1065 411 et
1085 366 1307 420 censuris,
1332 374 1379 410 et
1400 366 1712 410 commutandi
1733 380 1851 410 non—

156 457 158 459 “
215 447 344 491 nulla
363 453 490 500 uota;
512 445 806 503 dispensandi
825 445 1011 489 nullam.
1036 444 1182 502 Igitur
1208 443 1247 488 si
1268 443 1379 500 quid
1399 442 1448 485 in
1477 458 1526 487 re
1551 443 1627 486 illa
1654 450 1852 487 attente-

214 537 339 577 mus,
363 522 411 566 in
439 537 524 566 nos
546 521 712 566 dixerit
730 522 960 566 Christus:
990 521 1065 567 «Si
1091 535 1258 566 caecus
1286 534 1474 564 caecum
1501 519 1664 562 ducat»
1696 521 1726 573 ¹,
1749 527 1842 563 etc.

213 601 446 645 Curemus
480 598 624 656 igitur
650 613 709 643 ne
734 587 1057 656 participemus
1083 583 1300 654 operibus
1334 597 1607 640 daemonum
1642 610 1696 639 ac
1726 604 1851 641 tene-

216 677 419 728 brarum,
444 677 527 720 sed
546 675 700 732 potius
721 672 1069 732 redarguamus.
1539 673 1544 677 ’

306 746 651 797 Contendamus
678 760 831 796 autem
857 753 1009 810 potius
1038 765 1210 809 paucos
1239 752 1410 796 habere
1445 765 1555 795 uere
1585 751 1850 803 catholicos,

215 840 415 887 quorum
438 829 739 887 congregatio
757 831 821 886 (vt
843 844 1020 882 eorum,
1045 828 1124 885 qui
1145 843 1253 872 vere
1279 828 1329 872 in
1349 828 1532 872 nomine
1548 829 1690 886 Jhesu
1718 838 1855 871 erunt

216 906 508 964 congregati)
529 907 633 963 plus
654 913 701 951 et
722 921 807 968 ore*
829 915 877 950 et
904 906 1120 963 operibus
1146 905 1279 949 bonis
1310 906 1406 963 (per
1440 905 1636 969 gratiam
1669 905 1853 961 Christi)

218 984 348 1041 apud
368 985 519 1028 Deum
550 983 731 1040 poterit,
757 997 892 1039 quam
926 982 964 1026 si
992 983 1160 1027 multos
1185 983 1436 1027 habeamus
1471 982 1783 1026 claudicantes
1809 982 1855 1024 in

224 1060 333 1105 fide:
356 1062 443 1104 hos
462 1060 645 1116 quidem
666 1059 1015 1117 diligentissime
1033 1066 1080 1104 et
1101 1059 1429 1105 humanissime
1455 1055 1719 1112 tractemus,
1745 1059 1857 1102 nihil

146 1157 154 1165 ·
217 1150 316 1182 non
342 1151 535 1195 agamus
562 1137 835 1190 humilitate,
859 1137 1106 1193 obsequiis,
1129 1136 1349 1189 oratione,
1364 1133 1628 1189 sacrificiis,
1654 1136 1856 1180 admoni-

195 1257 207 1275 Ι
223 1213 441 1268 tionibus,
465 1214 754 1267 lectionibus,
779 1215 1007 1270 rebusque
1032 1213 1261 1267 omnibus,
1284 1214 1451 1270 quibus
1471 1212 1597 1271 ipsis‘
1611 1213 1855 1270 prosimus,

218 1305 316 1348 quo
334 1291 459 1348 ipsos
478 1291 705 1345 iuuemus;
729 1291 809 1335 sed
832 1290 895 1335 ita
915 1298 1093 1334 tantum
1114 1291 1344 1344 iuuemus,
1370 1299 1420 1334 ut
1442 1291 1527 1335 rite
1549 1305 1603 1334 ac
1633 1290 1859 1348 legittime

222 1367 450 1425 possimus
473 1368 648 1412 iuuare.
672 1367 774 1413 Fiet
794 1367 842 1411 in
862 1367 1063 1422 Christo,
1085 1376 1139 1412 ut
1165 1369 1360 1412 multum
1386 1368 1604 1412 iuuentur
1625 1370 1684 1412 ad
1711 1368 1859 1412 maio-

207 1458 320 1510 ⁴rem
343 1444 535 1502 gloriam
553 1444 877 1501 omnipotentis
897 1451 944 1489 et
970 1451 1184 1490 aeternae
1205 1453 1252 1490 et
1272 1445 1584 1490 sanctissimae
1601 1445 1853 1490 Trinitatis.

221 1523 392 1566 Amen.

1206 1601 1410 1663 szsus.
1436 1602 1616 1644 MARIA.

308 1713 352 1756 A
373 1716 504 1770 tergo
525 1713 678 1756 ultimi
690 1713 823 1771 folii:
847 1712 1091 1756 Instructio
1114 1713 1262 1758 Patris
1278 1714 1467 1759 Natalis.

294 1875 306 1898 ¹
356 1875 478 1924 Luc„
491 1877 600 1924 xvi,
617 1854 693 1923 39(
1532 1866 1548 1894 x
