<?xml version="1.0" encoding="UTF-8"?>
<!DOCTYPE html PUBLIC "-//W3C//DTD XHTML 1.0 Transitional//EN"
    "http://www.w3.org/TR/xhtml1/DTD/xhtml1-transitional.dtd">
<html xmlns="http://www.w3.org/1999/xhtml" xml:lang="en" lang="en">
 <head>
  <title>
</title>
<meta http-equiv="Content-Type" content="text/html;charset=utf-8" />
  <meta name='ocr-system' content='tesseract 3.04.00' />
  <meta name='ocr-capabilities' content='ocr_page ocr_carea ocr_par ocr_line ocrx_word'/>
</head>
<body>
  <div class='ocr_page' id='page_1' title='image "./epistolaephieron04nadauoft_0472.png"; bbox 0 0 2098 3470; ppageno 0'>
   <div class='ocr_carea' id='block_1_1' title="bbox 260 258 1338 307">
    <p class='ocr_par' dir='ltr' id='par_1_1' title="bbox 260 258 1338 307">
     <span class='ocr_line' id='line_1_1' title="bbox 260 258 1338 307; baseline -0.002 -11"><span class='ocrx_word' id='word_1_1' title='bbox 260 261 330 307; x_wconf 87' lang='lat'>446</span> <span class='ocrx_word' id='word_1_2' title='bbox 736 260 892 296; x_wconf 72' lang='lat' dir='ltr'>PATms</span> <span class='ocrx_word' id='word_1_3' title='bbox 917 260 1161 296; x_wconf 70' lang='lat' dir='ltr'>annonvm</span> <span class='ocrx_word' id='word_1_4' title='bbox 1185 258 1338 295; x_wconf 74' lang='lat' dir='ltr'>NADAL</span> 
     </span>
    </p>
   </div>
   <div class='ocr_carea' id='block_1_2' title="bbox 211 360 1857 1485">
    <p class='ocr_par' dir='ltr' id='par_1_2' title="bbox 211 360 1847 495">
     <span class='ocr_line' id='line_1_2' title="bbox 211 360 1847 417; baseline -0.001 -12"><span class='ocrx_word' id='word_1_5' title='bbox 211 361 479 416; x_wconf 88' lang='lat' dir='ltr'>cuniariam,</span> <span class='ocrx_word' id='word_1_6' title='bbox 506 363 655 405; x_wconf 88' lang='lat' dir='ltr'>minus</span> <span class='ocrx_word' id='word_1_7' title='bbox 671 362 859 407; x_wconf 88' lang='lat' dir='ltr'>habebit</span> <span class='ocrx_word' id='word_1_8' title='bbox 881 361 1075 417; x_wconf 80' lang='lat' dir='ltr'>negocii:</span> <span class='ocrx_word' id='word_1_9' title='bbox 1097 361 1168 405; x_wconf 89' lang='lat' dir='ltr'>sin</span> <span class='ocrx_word' id='word_1_10' title='bbox 1184 360 1376 417; x_wconf 84' lang='lat' dir='ltr'>negocia</span> <span class='ocrx_word' id='word_1_11' title='bbox 1398 360 1595 406; x_wconf 86' lang='lat' dir='ltr'>forensia</span> <span class='ocrx_word' id='word_1_12' title='bbox 1615 368 1650 414; x_wconf 77' lang='lat'>²,</span> <span class='ocrx_word' id='word_1_13' title='bbox 1671 361 1789 417; x_wconf 87' lang='lat' dir='ltr'>plus;</span> <span class='ocrx_word' id='word_1_14' title='bbox 1810 361 1847 406; x_wconf 91' lang='lat' dir='ltr'>si</span> 
     </span>
     <span class='ocr_line' id='line_1_3' title="bbox 219 438 766 495; baseline 0 -14"><span class='ocrx_word' id='word_1_15' title='bbox 219 447 479 495; x_wconf 82' lang='lat' dir='ltr'>Vtrumque,</span> <span class='ocrx_word' id='word_1_16' title='bbox 506 438 766 495; x_wconf 88' lang='lat' dir='ltr'>plurimum.</span> 
     </span>
    </p>

    <p class='ocr_par' dir='ltr' id='par_1_3' title="bbox 215 514 1850 880">
     <span class='ocr_line' id='line_1_4' title="bbox 306 514 1847 572; baseline -0.001 -13"><span class='ocrx_word' id='word_1_17' title='bbox 306 515 556 572; x_wconf 81' lang='lat' dir='ltr'>Praecipue</span> <span class='ocrx_word' id='word_1_18' title='bbox 578 529 687 559; x_wconf 90' lang='lat' dir='ltr'>vero</span> <span class='ocrx_word' id='word_1_19' title='bbox 709 515 754 566; x_wconf 84' lang='lat' dir='ltr'>in</span> <span class='ocrx_word' id='word_1_20' title='bbox 777 515 830 559; x_wconf 85' lang='lat' dir='ltr'>iis</span> <span class='ocrx_word' id='word_1_21' title='bbox 854 515 1073 572; x_wconf 80' lang='lat' dir='ltr'><strong>negociis,</strong></span> <span class='ocrx_word' id='word_1_22' title='bbox 1100 529 1215 571; x_wconf 88' lang='lat' dir='ltr'>quae</span> <span class='ocrx_word' id='word_1_23' title='bbox 1240 529 1329 558; x_wconf 91' lang='lat' dir='ltr'>non</span> <span class='ocrx_word' id='word_1_24' title='bbox 1353 515 1463 558; x_wconf 88' lang='lat' dir='ltr'>satis</span> <span class='ocrx_word' id='word_1_25' title='bbox 1486 514 1716 571; x_wconf 85' lang='lat' dir='ltr'>intelligit,</span> <span class='ocrx_word' id='word_1_26' title='bbox 1743 529 1847 571; x_wconf 92' lang='lat' dir='ltr'>pro-</span> 
     </span>
     <span class='ocr_line' id='line_1_5' title="bbox 217 592 1848 649; baseline -0.001 -13"><span class='ocrx_word' id='word_1_27' title='bbox 217 593 417 636; x_wconf 86' lang='lat' dir='ltr'>curatori</span> <span class='ocrx_word' id='word_1_28' title='bbox 437 594 574 637; x_wconf 89' lang='lat' dir='ltr'>fidem</span> <span class='ocrx_word' id='word_1_29' title='bbox 597 592 778 646; x_wconf 88' lang='lat' dir='ltr'>habeat,</span> <span class='ocrx_word' id='word_1_30' title='bbox 809 608 953 649; x_wconf 86' lang='lat' dir='ltr'>eaque</span> <span class='ocrx_word' id='word_1_31' title='bbox 981 592 1045 635; x_wconf 90' lang='lat' dir='ltr'>illi</span> <span class='ocrx_word' id='word_1_32' title='bbox 1072 592 1191 636; x_wconf 90' lang='lat' dir='ltr'>sinat</span> <span class='ocrx_word' id='word_1_33' title='bbox 1227 592 1481 649; x_wconf 83' lang='lat' dir='ltr'>dirigenda:</span> <span class='ocrx_word' id='word_1_34' title='bbox 1522 606 1670 647; x_wconf 88' lang='lat' dir='ltr'>neque</span> <span class='ocrx_word' id='word_1_35' title='bbox 1695 599 1848 636; x_wconf 89' lang='lat' dir='ltr'>tamen</span> 
     </span>
     <span class='ocr_line' id='line_1_6' title="bbox 215 658 1850 726; baseline -0.001 -13"><span class='ocrx_word' id='word_1_36' title='bbox 215 670 398 713; x_wconf 87' lang='lat' dir='ltr'>omittat</span> <span class='ocrx_word' id='word_1_37' title='bbox 419 670 528 726; x_wconf 84' lang='lat' dir='ltr'>quin</span> <span class='ocrx_word' id='word_1_38' title='bbox 550 669 791 726; x_wconf 83' lang='lat' dir='ltr'>intelligat,</span> <span class='ocrx_word' id='word_1_39' title='bbox 813 670 921 726; x_wconf 91' lang='lat' dir='ltr'>quid</span> <span class='ocrx_word' id='word_1_40' title='bbox 939 671 996 724; x_wconf 90' lang='lat' dir='ltr'>de</span> <span class='ocrx_word' id='word_1_41' title='bbox 1014 669 1099 712; x_wconf 88' lang='lat' dir='ltr'>illis</span> <span class='ocrx_word' id='word_1_42' title='bbox 1116 676 1295 726; x_wconf 83' lang='lat' dir='ltr'>agatur,</span> <span class='ocrx_word' id='word_1_43' title='bbox 1316 678 1361 711; x_wconf 92' lang='lat' dir='ltr'>et</span> <span class='ocrx_word' id='word_1_44' title='bbox 1379 669 1663 712; x_wconf 82' lang='lat' dir='ltr'>consultores</span> <span class='ocrx_word' id='word_1_45' title='bbox 1680 658 1743 713; x_wconf 35' lang='lat' dir='ltr'>&#39;de</span> <span class='ocrx_word' id='word_1_46' title='bbox 1761 668 1850 712; x_wconf 88' lang='lat' dir='ltr'>illis</span> 
     </span>
     <span class='ocr_line' id='line_1_7' title="bbox 215 746 1846 803; baseline -0.001 -12"><span class='ocrx_word' id='word_1_47' title='bbox 215 748 443 792; x_wconf 88' lang='lat' dir='ltr'>consulat.</span> <span class='ocrx_word' id='word_1_48' title='bbox 471 747 784 791; x_wconf 88' lang='lat' dir='ltr'>Procuratoris</span> <span class='ocrx_word' id='word_1_49' title='bbox 805 762 912 790; x_wconf 90' lang='lat' dir='ltr'>vero</span> <span class='ocrx_word' id='word_1_50' title='bbox 934 747 1153 789; x_wconf 91' lang='lat' dir='ltr'>iudicium</span> <span class='ocrx_word' id='word_1_51' title='bbox 1175 746 1222 788; x_wconf 92' lang='lat' dir='ltr'>in</span> <span class='ocrx_word' id='word_1_52' title='bbox 1240 747 1392 798; x_wconf 89' lang='lat' dir='ltr'>rebus,</span> <span class='ocrx_word' id='word_1_53' title='bbox 1413 761 1526 803; x_wconf 89' lang='lat' dir='ltr'>quas</span> <span class='ocrx_word' id='word_1_54' title='bbox 1547 753 1727 798; x_wconf 85' lang='lat' dir='ltr'>tractat,</span> <span class='ocrx_word' id='word_1_55' title='bbox 1753 760 1846 789; x_wconf 91' lang='lat' dir='ltr'>non</span> 
     </span>
     <span class='ocr_line' id='line_1_8' title="bbox 218 825 993 880; baseline 0 -14"><span class='ocrx_word' id='word_1_56' title='bbox 218 826 320 869; x_wconf 91' lang='lat' dir='ltr'>leve</span> <span class='ocrx_word' id='word_1_57' title='bbox 341 825 521 880; x_wconf 91' lang='lat' dir='ltr'>pondus</span> <span class='ocrx_word' id='word_1_58' title='bbox 544 825 666 880; x_wconf 88' lang='lat' dir='ltr'>apud</span> <span class='ocrx_word' id='word_1_59' title='bbox 687 839 791 869; x_wconf 90' lang='lat' dir='ltr'>eum</span> <span class='ocrx_word' id='word_1_60' title='bbox 814 826 993 867; x_wconf 89' lang='lat' dir='ltr'>habeat.</span> 
     </span>
    </p>

    <p class='ocr_par' dir='ltr' id='par_1_4' title="bbox 223 899 1853 1034">
     <span class='ocr_line' id='line_1_9' title="bbox 309 899 1853 958; baseline -0.002 -13"><span class='ocrx_word' id='word_1_61' title='bbox 309 901 570 958; x_wconf 85' lang='lat' dir='ltr'>Diligenter</span> <span class='ocrx_word' id='word_1_62' title='bbox 601 901 826 958; x_wconf 84' lang='lat' dir='ltr'>inuigilet,</span> <span class='ocrx_word' id='word_1_63' title='bbox 867 910 913 943; x_wconf 84' lang='lat' dir='ltr'>vt</span> <span class='ocrx_word' id='word_1_64' title='bbox 954 901 1150 944; x_wconf 89' lang='lat' dir='ltr'>rationes</span> <span class='ocrx_word' id='word_1_65' title='bbox 1187 900 1491 956; x_wconf 88' lang='lat' dir='ltr'>impensarum</span> <span class='ocrx_word' id='word_1_66' title='bbox 1530 907 1758 952; x_wconf 88' lang='lat' dir='ltr'>accurate,</span> <span class='ocrx_word' id='word_1_67' title='bbox 1783 899 1853 942; x_wconf 90' lang='lat' dir='ltr'>di-</span> 
     </span>
     <span class='ocr_line' id='line_1_10' title="bbox 223 978 1643 1034; baseline -0.001 -13"><span class='ocrx_word' id='word_1_68' title='bbox 223 978 392 1023; x_wconf 86' lang='lat' dir='ltr'>stincte</span> <span class='ocrx_word' id='word_1_69' title='bbox 414 986 460 1021; x_wconf 90' lang='lat' dir='ltr'>et</span> <span class='ocrx_word' id='word_1_70' title='bbox 481 979 603 1022; x_wconf 89' lang='lat' dir='ltr'>clare</span> <span class='ocrx_word' id='word_1_71' title='bbox 624 979 954 1030; x_wconf 84' lang='lat' dir='ltr'>describantur,</span> <span class='ocrx_word' id='word_1_72' title='bbox 980 986 1024 1022; x_wconf 89' lang='lat' dir='ltr'>et</span> <span class='ocrx_word' id='word_1_73' title='bbox 1047 992 1131 1020; x_wconf 93' lang='lat' dir='ltr'>suo</span> <span class='ocrx_word' id='word_1_74' title='bbox 1149 986 1351 1034; x_wconf 88' lang='lat' dir='ltr'>tempore</span> <span class='ocrx_word' id='word_1_75' title='bbox 1374 979 1643 1022; x_wconf 89' lang='lat' dir='ltr'>referantur.</span> 
     </span>
    </p>

    <p class='ocr_par' dir='ltr' id='par_1_5' title="bbox 223 1053 1855 1190">
     <span class='ocr_line' id='line_1_11' title="bbox 311 1053 1855 1111; baseline -0.003 -11"><span class='ocrx_word' id='word_1_76' title='bbox 311 1058 458 1100; x_wconf 87' lang='lat' dir='ltr'>Detur</span> <span class='ocrx_word' id='word_1_77' title='bbox 480 1056 539 1108; x_wconf 89' lang='lat' dir='ltr'>ei,</span> <span class='ocrx_word' id='word_1_78' title='bbox 563 1055 641 1111; x_wconf 92' lang='lat' dir='ltr'>qui</span> <span class='ocrx_word' id='word_1_79' title='bbox 663 1055 879 1099; x_wconf 84' lang='lat' dir='ltr'>auxilium</span> <span class='ocrx_word' id='word_1_80' title='bbox 903 1057 1033 1108; x_wconf 88' lang='lat' dir='ltr'>ferat,</span> <span class='ocrx_word' id='word_1_81' title='bbox 1058 1070 1112 1098; x_wconf 92' lang='lat' dir='ltr'>eo</span> <span class='ocrx_word' id='word_1_82' title='bbox 1141 1055 1178 1098; x_wconf 91' lang='lat' dir='ltr'>si</span> <span class='ocrx_word' id='word_1_83' title='bbox 1201 1062 1350 1111; x_wconf 81' lang='lat' dir='ltr'>egeat,</span> <span class='ocrx_word' id='word_1_84' title='bbox 1376 1055 1498 1111; x_wconf 90' lang='lat' dir='ltr'>quod</span> <span class='ocrx_word' id='word_1_85' title='bbox 1519 1055 1616 1110; x_wconf 89' lang='lat' dir='ltr'>ipse</span> <span class='ocrx_word' id='word_1_86' title='bbox 1637 1053 1855 1097; x_wconf 90' lang='lat' dir='ltr'>iudicabit</span> 
     </span>
     <span class='ocr_line' id='line_1_12' title="bbox 223 1132 1666 1190; baseline -0.002 -13"><span class='ocrx_word' id='word_1_87' title='bbox 223 1133 445 1190; x_wconf 78' lang='lat' dir='ltr'>superior.</span> <span class='ocrx_word' id='word_1_88' title='bbox 1664 1132 1666 1134; x_wconf 76' lang='grc'><strong>’</strong></span> 
     </span>
    </p>

    <p class='ocr_par' dir='ltr' id='par_1_6' title="bbox 223 1206 1857 1485">
     <span class='ocr_line' id='line_1_13' title="bbox 310 1206 1857 1265; baseline -0.002 -12"><span class='ocrx_word' id='word_1_89' title='bbox 310 1211 485 1253; x_wconf 89' lang='lat' dir='ltr'>Caueat</span> <span class='ocrx_word' id='word_1_90' title='bbox 509 1225 568 1254; x_wconf 91' lang='lat' dir='ltr'>ne</span> <span class='ocrx_word' id='word_1_91' title='bbox 589 1209 676 1253; x_wconf 86' lang='lat' dir='ltr'>sibi</span> <span class='ocrx_word' id='word_1_92' title='bbox 697 1209 953 1254; x_wconf 85' lang='lat' dir='ltr'>libertatem</span> <span class='ocrx_word' id='word_1_93' title='bbox 975 1206 1162 1264; x_wconf 48' lang='lat' dir='ltr'>&amp;surpet</span> <span class='ocrx_word' id='word_1_94' title='bbox 1189 1217 1471 1265; x_wconf 89' lang='lat' dir='ltr'>procurator,</span> <span class='ocrx_word' id='word_1_95' title='bbox 1500 1209 1547 1251; x_wconf 91' lang='lat' dir='ltr'>in</span> <span class='ocrx_word' id='word_1_96' title='bbox 1576 1208 1742 1264; x_wconf 90' lang='lat' dir='ltr'>quibus</span> <span class='ocrx_word' id='word_1_97' title='bbox 1763 1222 1857 1251; x_wconf 92' lang='lat' dir='ltr'>non</span> 
     </span>
     <span class='ocr_line' id='line_1_14' title="bbox 225 1284 1857 1342; baseline -0.001 -13"><span class='ocrx_word' id='word_1_98' title='bbox 225 1288 380 1339; x_wconf 89' lang='lat' dir='ltr'>habet,</span> <span class='ocrx_word' id='word_1_99' title='bbox 406 1287 487 1331; x_wconf 90' lang='lat' dir='ltr'>sed</span> <span class='ocrx_word' id='word_1_100' title='bbox 509 1286 555 1329; x_wconf 91' lang='lat' dir='ltr'>in</span> <span class='ocrx_word' id='word_1_101' title='bbox 578 1287 702 1329; x_wconf 92' lang='lat' dir='ltr'>omni</span> <span class='ocrx_word' id='word_1_102' title='bbox 725 1293 895 1342; x_wconf 86' lang='lat' dir='ltr'>perstet</span> <span class='ocrx_word' id='word_1_103' title='bbox 918 1285 1175 1330; x_wconf 88' lang='lat' dir='ltr'>obedientia</span> <span class='ocrx_word' id='word_1_104' title='bbox 1197 1300 1308 1342; x_wconf 86' lang='lat' dir='ltr'>erga</span> <span class='ocrx_word' id='word_1_105' title='bbox 1343 1286 1622 1342; x_wconf 88' lang='lat' dir='ltr'>superiorem</span> <span class='ocrx_word' id='word_1_106' title='bbox 1646 1284 1857 1328; x_wconf 88' lang='lat' dir='ltr'>omnibus</span> 
     </span>
     <span class='ocr_line' id='line_1_15' title="bbox 226 1347 1857 1419; baseline -0.001 -14"><span class='ocrx_word' id='word_1_107' title='bbox 226 1364 271 1406; x_wconf 92' lang='lat' dir='ltr'>in</span> <span class='ocrx_word' id='word_1_108' title='bbox 295 1365 449 1417; x_wconf 90' lang='lat' dir='ltr'>rebus,</span> <span class='ocrx_word' id='word_1_109' title='bbox 475 1370 613 1418; x_wconf 87' lang='lat' dir='ltr'>atque</span> <span class='ocrx_word' id='word_1_110' title='bbox 636 1363 707 1408; x_wconf 74' lang='lat'>2⁰!</span> <span class='ocrx_word' id='word_1_111' title='bbox 730 1377 839 1419; x_wconf 80' lang='lat' dir='ltr'>erga</span> <span class='ocrx_word' id='word_1_112' title='bbox 862 1362 974 1406; x_wconf 89' lang='lat' dir='ltr'>alios</span> <span class='ocrx_word' id='word_1_113' title='bbox 997 1347 1271 1411; x_wconf 88' lang='lat' dir='ltr'>domesticos</span> <span class='ocrx_word' id='word_1_114' title='bbox 1293 1363 1510 1406; x_wconf 89' lang='lat' dir='ltr'>officiales</span> <span class='ocrx_word' id='word_1_115' title='bbox 1531 1362 1576 1404; x_wconf 91' lang='lat' dir='ltr'>in</span> <span class='ocrx_word' id='word_1_116' title='bbox 1599 1362 1676 1416; x_wconf 73' lang='lat' dir='ltr'>iis,</span> <span class='ocrx_word' id='word_1_117' title='bbox 1695 1361 1740 1404; x_wconf 92' lang='lat' dir='ltr'>in</span> <span class='ocrx_word' id='word_1_118' title='bbox 1758 1361 1857 1419; x_wconf 93' lang='lat' dir='ltr'>qui-</span> 
     </span>
     <span class='ocr_line' id='line_1_16' title="bbox 223 1442 480 1485; baseline 0.008 -4"><span class='ocrx_word' id='word_1_119' title='bbox 223 1442 309 1483; x_wconf 86' lang='lat' dir='ltr'>bus</span> <span class='ocrx_word' id='word_1_120' title='bbox 332 1442 480 1485; x_wconf 90' lang='lat' dir='ltr'>debet.</span> 
     </span>
    </p>
   </div>
   <div class='ocr_carea' id='block_1_3' title="bbox 578 1567 1512 1598">
    <p class='ocr_par' dir='ltr' id='par_1_7' title="bbox 578 1567 1512 1598">
     <span class='ocr_line' id='line_1_17' title="bbox 578 1567 1512 1598; baseline -0.001 0"><span class='ocrx_word' id='word_1_121' title='bbox 578 1569 758 1598; x_wconf 88' lang='lat' dir='ltr'><strong>ADDITA</strong></span> <span class='ocrx_word' id='word_1_122' title='bbox 787 1569 849 1598; x_wconf 87' lang='lat' dir='ltr'>AD</span> <span class='ocrx_word' id='word_1_123' title='bbox 878 1568 1109 1598; x_wconf 89' lang='lat' dir='ltr'>OFFICIUM</span> <span class='ocrx_word' id='word_1_124' title='bbox 1146 1567 1512 1598; x_wconf 85' lang='lat' dir='ltr'>PROCURATORIS</span> 
     </span>
    </p>
   </div>
   <div class='ocr_carea' id='block_1_4' title="bbox 192 1671 1903 2960">
    <p class='ocr_par' dir='ltr' id='par_1_8' title="bbox 192 1671 1860 1960">
     <span class='ocr_line' id='line_1_18' title="bbox 315 1671 1859 1728; baseline 0 -12"><span class='ocrx_word' id='word_1_125' title='bbox 315 1675 604 1726; x_wconf 86' lang='lat' dir='ltr'>Procurator,</span> <span class='ocrx_word' id='word_1_126' title='bbox 630 1674 752 1728; x_wconf 90' lang='lat' dir='ltr'>quod</span> <span class='ocrx_word' id='word_1_127' title='bbox 782 1674 839 1716; x_wconf 88' lang='lat' dir='ltr'>ad</span> <span class='ocrx_word' id='word_1_128' title='bbox 874 1688 1006 1716; x_wconf 90' lang='lat' dir='ltr'>suum</span> <span class='ocrx_word' id='word_1_129' title='bbox 1044 1673 1245 1716; x_wconf 87' lang='lat' dir='ltr'>officium</span> <span class='ocrx_word' id='word_1_130' title='bbox 1282 1673 1460 1724; x_wconf 90' lang='lat' dir='ltr'>attinet,</span> <span class='ocrx_word' id='word_1_131' title='bbox 1491 1686 1548 1715; x_wconf 87' lang='lat' dir='ltr'>ex</span> <span class='ocrx_word' id='word_1_132' title='bbox 1578 1671 1859 1725; x_wconf 23' lang='lat' dir='ltr'>rectore-de-</span> 
     </span>
     <span class='ocr_line' id='line_1_19' title="bbox 224 1736 1856 1806; baseline -0.002 -12"><span class='ocrx_word' id='word_1_133' title='bbox 224 1751 435 1806; x_wconf 87' lang='lat' dir='ltr'>pendeat,</span> <span class='ocrx_word' id='word_1_134' title='bbox 461 1757 507 1794; x_wconf 92' lang='lat' dir='ltr'>et</span> <span class='ocrx_word' id='word_1_135' title='bbox 530 1766 586 1794; x_wconf 84' lang='lat' dir='ltr'>ex</span> <span class='ocrx_word' id='word_1_136' title='bbox 607 1750 789 1794; x_wconf 91' lang='lat' dir='ltr'>nemine</span> <span class='ocrx_word' id='word_1_137' title='bbox 811 1750 913 1802; x_wconf 92' lang='lat' dir='ltr'>alio,</span> <span class='ocrx_word' id='word_1_138' title='bbox 940 1750 1017 1805; x_wconf 85' lang='lat' dir='ltr'>qui</span> <span class='ocrx_word' id='word_1_139' title='bbox 1040 1751 1095 1793; x_wconf 91' lang='lat' dir='ltr'>ab</span> <span class='ocrx_word' id='word_1_140' title='bbox 1118 1750 1193 1793; x_wconf 90' lang='lat' dir='ltr'>illo</span> <span class='ocrx_word' id='word_1_141' title='bbox 1224 1749 1464 1806; x_wconf 86' lang='lat' dir='ltr'>specialem</span> <span class='ocrx_word' id='word_1_142' title='bbox 1489 1736 1856 1792; x_wconf 87' lang='lat' dir='ltr'>commissionem</span> 
     </span>
     <span class='ocr_line' id='line_1_20' title="bbox 192 1825 1860 1883; baseline -0.001 -14"><span class='ocrx_word' id='word_1_143' title='bbox 192 1860 193 1863; x_wconf 65' lang='lat'>,</span> <span class='ocrx_word' id='word_1_144' title='bbox 228 1841 319 1870; x_wconf 91' lang='lat' dir='ltr'>non</span> <span class='ocrx_word' id='word_1_145' title='bbox 343 1827 585 1883; x_wconf 89' lang='lat' dir='ltr'>acceperit;</span> <span class='ocrx_word' id='word_1_146' title='bbox 611 1828 735 1882; x_wconf 92' lang='lat' dir='ltr'>quod</span> <span class='ocrx_word' id='word_1_147' title='bbox 756 1841 864 1869; x_wconf 89' lang='lat' dir='ltr'>vero</span> <span class='ocrx_word' id='word_1_148' title='bbox 887 1828 943 1870; x_wconf 88' lang='lat' dir='ltr'>ad</span> <span class='ocrx_word' id='word_1_149' title='bbox 972 1827 1080 1870; x_wconf 88' lang='lat' dir='ltr'>alias</span> <span class='ocrx_word' id='word_1_150' title='bbox 1112 1841 1183 1870; x_wconf 87' lang='lat' dir='ltr'>res</span> <span class='ocrx_word' id='word_1_151' title='bbox 1204 1833 1396 1882; x_wconf 88' lang='lat' dir='ltr'>spectat,</span> <span class='ocrx_word' id='word_1_152' title='bbox 1428 1840 1484 1869; x_wconf 87' lang='lat' dir='ltr'>ex</span> <span class='ocrx_word' id='word_1_153' title='bbox 1512 1825 1723 1868; x_wconf 89' lang='lat' dir='ltr'>omnibus</span> <span class='ocrx_word' id='word_1_154' title='bbox 1745 1839 1860 1881; x_wconf 45' lang='lat' dir='ltr'>pen*</span> 
     </span>
     <span class='ocr_line' id='line_1_21' title="bbox 219 1897 677 1960; baseline 0 -14"><span class='ocrx_word' id='word_1_155' title='bbox 219 1905 330 1946; x_wconf 41' lang='lat' dir='ltr'>‘deat</span> <span class='ocrx_word' id='word_1_156' title='bbox 353 1897 677 1960; x_wconf 86' lang='lat' dir='ltr'>superioribus.</span> 
     </span>
    </p>

    <p class='ocr_par' dir='ltr' id='par_1_9' title="bbox 225 1977 1903 2190">
     <span class='ocr_line' id='line_1_22' title="bbox 315 1977 1858 2036; baseline -0.001 -13"><span class='ocrx_word' id='word_1_157' title='bbox 315 1980 409 2036; x_wconf 76' lang='lat' dir='ltr'>Qui</span> <span class='ocrx_word' id='word_1_158' title='bbox 430 1981 472 2024; x_wconf 91' lang='lat' dir='ltr'>ei</span> <span class='ocrx_word' id='word_1_159' title='bbox 495 1980 785 2034; x_wconf 85' lang='lat' dir='ltr'>auxiliantur,</span> <span class='ocrx_word' id='word_1_160' title='bbox 811 1980 855 2022; x_wconf 91' lang='lat' dir='ltr'>in</span> <span class='ocrx_word' id='word_1_161' title='bbox 879 1980 932 2023; x_wconf 90' lang='lat' dir='ltr'>iis</span> <span class='ocrx_word' id='word_1_162' title='bbox 956 1980 1138 2036; x_wconf 87' lang='lat' dir='ltr'>quidem</span> <span class='ocrx_word' id='word_1_163' title='bbox 1161 1981 1312 2031; x_wconf 87' lang='lat' dir='ltr'>rebus,</span> <span class='ocrx_word' id='word_1_164' title='bbox 1338 1994 1455 2035; x_wconf 90' lang='lat' dir='ltr'>quae</span> <span class='ocrx_word' id='word_1_165' title='bbox 1477 1986 1584 2022; x_wconf 90' lang='lat' dir='ltr'>sunt</span> <span class='ocrx_word' id='word_1_166' title='bbox 1607 1978 1746 2023; x_wconf 88' lang='lat' dir='ltr'>officii</span> <span class='ocrx_word' id='word_1_167' title='bbox 1767 1977 1858 2031; x_wconf 82' lang='lat' dir='ltr'>sui,</span> 
     </span>
     <span class='ocr_line' id='line_1_23' title="bbox 225 2056 1903 2112; baseline -0.001 -13"><span class='ocrx_word' id='word_1_168' title='bbox 225 2073 280 2100; x_wconf 88' lang='lat' dir='ltr'>ex</span> <span class='ocrx_word' id='word_1_169' title='bbox 303 2058 402 2112; x_wconf 84' lang='lat' dir='ltr'>ipso</span> <span class='ocrx_word' id='word_1_170' title='bbox 431 2065 476 2101; x_wconf 89' lang='lat' dir='ltr'>et</span> <span class='ocrx_word' id='word_1_171' title='bbox 504 2064 680 2101; x_wconf 91' lang='lat' dir='ltr'>rectore</span> <span class='ocrx_word' id='word_1_172' title='bbox 708 2058 950 2112; x_wconf 77' lang='lat' dir='ltr'>pendeant3</span> <span class='ocrx_word' id='word_1_173' title='bbox 977 2058 1022 2099; x_wconf 93' lang='lat' dir='ltr'>in</span> <span class='ocrx_word' id='word_1_174' title='bbox 1051 2056 1236 2112; x_wconf 87' lang='lat' dir='ltr'>reliquis</span> <span class='ocrx_word' id='word_1_175' title='bbox 1263 2064 1431 2109; x_wconf 87' lang='lat' dir='ltr'>autem,</span> <span class='ocrx_word' id='word_1_176' title='bbox 1459 2057 1515 2099; x_wconf 90' lang='lat' dir='ltr'>ab</span> <span class='ocrx_word' id='word_1_177' title='bbox 1544 2056 1758 2099; x_wconf 87' lang='lat' dir='ltr'>omnibus</span> <span class='ocrx_word' id='word_1_178' title='bbox 1780 2070 1861 2099; x_wconf 90' lang='lat' dir='ltr'>su—</span> <span class='ocrx_word' id='word_1_179' title='bbox 1900 2068 1903 2071; x_wconf 66' lang='grc'><strong>“</strong></span> 
     </span>
     <span class='ocr_line' id='line_1_24' title="bbox 230 2134 498 2190; baseline 0 -12"><span class='ocrx_word' id='word_1_180' title='bbox 230 2134 498 2190; x_wconf 88' lang='lat' dir='ltr'>perioribus.</span> 
     </span>
    </p>

    <p class='ocr_par' dir='ltr' id='par_1_10' title="bbox 226 2210 1864 2563">
     <span class='ocr_line' id='line_1_25' title="bbox 316 2210 1862 2267; baseline -0.001 -14"><span class='ocrx_word' id='word_1_181' title='bbox 316 2211 504 2254; x_wconf 90' lang='lat' dir='ltr'>Etiamsi</span> <span class='ocrx_word' id='word_1_182' title='bbox 538 2212 702 2255; x_wconf 90' lang='lat' dir='ltr'>habeat</span> <span class='ocrx_word' id='word_1_183' title='bbox 731 2210 1026 2266; x_wconf 85' lang='lat' dir='ltr'>particulares</span> <span class='ocrx_word' id='word_1_184' title='bbox 1063 2210 1404 2254; x_wconf 90' lang='lat' dir='ltr'>commissiones</span> <span class='ocrx_word' id='word_1_185' title='bbox 1426 2212 1482 2253; x_wconf 92' lang='lat' dir='ltr'>ab</span> <span class='ocrx_word' id='word_1_186' title='bbox 1516 2210 1614 2254; x_wconf 90' lang='lat' dir='ltr'>aliis</span> <span class='ocrx_word' id='word_1_187' title='bbox 1642 2210 1862 2267; x_wconf 85' lang='lat' dir='ltr'>collegio-</span> 
     </span>
     <span class='ocr_line' id='line_1_26' title="bbox 229 2276 1864 2344; baseline 0 -15"><span class='ocrx_word' id='word_1_188' title='bbox 229 2303 331 2330; x_wconf 87' lang='lat' dir='ltr'>rum</span> <span class='ocrx_word' id='word_1_189' title='bbox 353 2288 678 2344; x_wconf 89' lang='lat' dir='ltr'>superioribus,</span> <span class='ocrx_word' id='word_1_190' title='bbox 703 2302 795 2330; x_wconf 92' lang='lat' dir='ltr'>non</span> <span class='ocrx_word' id='word_1_191' title='bbox 834 2296 983 2332; x_wconf 86' lang='lat' dir='ltr'>tamen</span> <span class='ocrx_word' id='word_1_192' title='bbox 1021 2296 1257 2344; x_wconf 90' lang='lat' dir='ltr'>propterea</span> <span class='ocrx_word' id='word_1_193' title='bbox 1281 2289 1338 2330; x_wconf 91' lang='lat' dir='ltr'>ab</span> <span class='ocrx_word' id='word_1_194' title='bbox 1376 2276 1589 2331; x_wconf 82' lang='lat' dir='ltr'>ordinarii</span> <span class='ocrx_word' id='word_1_195' title='bbox 1618 2286 1864 2343; x_wconf 89' lang='lat' dir='ltr'>superioris</span> 
     </span>
     <span class='ocr_line' id='line_1_27' title="bbox 226 2364 1862 2421; baseline -0.001 -13"><span class='ocrx_word' id='word_1_196' title='bbox 226 2364 486 2409; x_wconf 90' lang='lat' dir='ltr'>obedientia</span> <span class='ocrx_word' id='word_1_197' title='bbox 503 2371 741 2420; x_wconf 84' lang='lat' dir='ltr'>exemptus</span> <span class='ocrx_word' id='word_1_198' title='bbox 758 2378 858 2408; x_wconf 90' lang='lat' dir='ltr'>esse</span> <span class='ocrx_word' id='word_1_199' title='bbox 875 2365 1159 2421; x_wconf 82' lang='lat' dir='ltr'>intelligitur3</span> <span class='ocrx_word' id='word_1_200' title='bbox 1181 2366 1262 2408; x_wconf 87' lang='lat' dir='ltr'>sed</span> <span class='ocrx_word' id='word_1_201' title='bbox 1278 2366 1334 2407; x_wconf 90' lang='lat' dir='ltr'>de</span> <span class='ocrx_word' id='word_1_202' title='bbox 1350 2364 1437 2408; x_wconf 89' lang='lat' dir='ltr'>illis</span> <span class='ocrx_word' id='word_1_203' title='bbox 1454 2364 1588 2408; x_wconf 88' lang='lat' dir='ltr'>etiam</span> <span class='ocrx_word' id='word_1_204' title='bbox 1605 2365 1741 2408; x_wconf 90' lang='lat' dir='ltr'>rebus</span> <span class='ocrx_word' id='word_1_205' title='bbox 1757 2378 1862 2407; x_wconf 89' lang='lat' dir='ltr'>cum</span> 
     </span>
     <span class='ocr_line' id='line_1_28' title="bbox 228 2441 1861 2498; baseline 0 -14"><span class='ocrx_word' id='word_1_206' title='bbox 228 2442 306 2485; x_wconf 87' lang='lat' dir='ltr'>illo</span> <span class='ocrx_word' id='word_1_207' title='bbox 329 2443 536 2486; x_wconf 90' lang='lat' dir='ltr'>conferre</span> <span class='ocrx_word' id='word_1_208' title='bbox 557 2443 709 2493; x_wconf 90' lang='lat' dir='ltr'>debet,</span> <span class='ocrx_word' id='word_1_209' title='bbox 735 2441 780 2484; x_wconf 90' lang='lat' dir='ltr'>in</span> <span class='ocrx_word' id='word_1_210' title='bbox 803 2442 875 2484; x_wconf 87' lang='lat' dir='ltr'>his</span> <span class='ocrx_word' id='word_1_211' title='bbox 897 2442 1032 2485; x_wconf 89' lang='lat' dir='ltr'>etiam</span> <span class='ocrx_word' id='word_1_212' title='bbox 1051 2442 1107 2485; x_wconf 90' lang='lat' dir='ltr'>ab</span> <span class='ocrx_word' id='word_1_213' title='bbox 1125 2443 1224 2498; x_wconf 86' lang='lat' dir='ltr'>ipso</span> <span class='ocrx_word' id='word_1_214' title='bbox 1242 2443 1457 2498; x_wconf 88' lang='lat' dir='ltr'>pendere,</span> <span class='ocrx_word' id='word_1_215' title='bbox 1478 2442 1861 2497; x_wconf 89' lang='lat' dir='ltr'>quemadmodum</span> 
     </span>
     <span class='ocr_line' id='line_1_29' title="bbox 231 2519 579 2563; baseline 0.009 -3"><span class='ocrx_word' id='word_1_216' title='bbox 231 2519 275 2561; x_wconf 93' lang='lat' dir='ltr'>in</span> <span class='ocrx_word' id='word_1_217' title='bbox 301 2520 579 2563; x_wconf 83' lang='lat' dir='ltr'>domesticis.</span> 
     </span>
    </p>

    <p class='ocr_par' dir='ltr' id='par_1_11' title="bbox 232 2596 1866 2807">
     <span class='ocr_line' id='line_1_30' title="bbox 320 2596 1866 2652; baseline -0.001 -12"><span class='ocrx_word' id='word_1_218' title='bbox 320 2596 411 2641; x_wconf 81' lang='lat'>2⁰2</span> <span class='ocrx_word' id='word_1_219' title='bbox 445 2597 624 2640; x_wconf 91' lang='lat' dir='ltr'>Literae</span> <span class='ocrx_word' id='word_1_220' title='bbox 646 2610 820 2648; x_wconf 90' lang='lat' dir='ltr'>omnes,</span> <span class='ocrx_word' id='word_1_221' title='bbox 847 2596 1039 2651; x_wconf 87' lang='lat' dir='ltr'>pecunia</span> <span class='ocrx_word' id='word_1_222' title='bbox 1061 2604 1106 2639; x_wconf 91' lang='lat' dir='ltr'>et</span> <span class='ocrx_word' id='word_1_223' title='bbox 1129 2612 1199 2640; x_wconf 88' lang='lat' dir='ltr'>res</span> <span class='ocrx_word' id='word_1_224' title='bbox 1222 2611 1395 2649; x_wconf 87' lang='lat' dir='ltr'>omnes,</span> <span class='ocrx_word' id='word_1_225' title='bbox 1422 2611 1538 2651; x_wconf 91' lang='lat' dir='ltr'>quae</span> <span class='ocrx_word' id='word_1_226' title='bbox 1559 2597 1617 2639; x_wconf 92' lang='lat' dir='ltr'>ad</span> <span class='ocrx_word' id='word_1_227' title='bbox 1644 2610 1866 2652; x_wconf 88' lang='lat' dir='ltr'>procura-</span> 
     </span>
     <span class='ocr_line' id='line_1_31' title="bbox 234 2672 1862 2730; baseline 0 -16"><span class='ocrx_word' id='word_1_228' title='bbox 234 2681 375 2716; x_wconf 83' lang='lat' dir='ltr'>torem</span> <span class='ocrx_word' id='word_1_229' title='bbox 398 2673 675 2730; x_wconf 83' lang='lat' dir='ltr'>diriguntur,</span> <span class='ocrx_word' id='word_1_230' title='bbox 700 2672 895 2729; x_wconf 83' lang='lat' dir='ltr'>primum</span> <span class='ocrx_word' id='word_1_231' title='bbox 929 2673 1132 2716; x_wconf 89' lang='lat' dir='ltr'>omnium</span> <span class='ocrx_word' id='word_1_232' title='bbox 1171 2675 1227 2717; x_wconf 90' lang='lat' dir='ltr'>ad</span> <span class='ocrx_word' id='word_1_233' title='bbox 1249 2674 1526 2729; x_wconf 86' lang='lat' dir='ltr'>superiorem</span> <span class='ocrx_word' id='word_1_234' title='bbox 1555 2674 1862 2729; x_wconf 88' lang='lat' dir='ltr'>perferantur:</span> 
     </span>
     <span class='ocr_line' id='line_1_32' title="bbox 232 2750 1218 2807; baseline 0.002 -16"><span class='ocrx_word' id='word_1_235' title='bbox 232 2750 329 2806; x_wconf 87' lang='lat' dir='ltr'>ipse</span> <span class='ocrx_word' id='word_1_236' title='bbox 350 2765 460 2794; x_wconf 85' lang='lat' dir='ltr'>vero</span> <span class='ocrx_word' id='word_1_237' title='bbox 483 2750 765 2807; x_wconf 86' lang='lat' dir='ltr'>procuratori</span> <span class='ocrx_word' id='word_1_238' title='bbox 786 2750 895 2794; x_wconf 89' lang='lat' dir='ltr'>dare</span> <span class='ocrx_word' id='word_1_239' title='bbox 918 2750 1016 2793; x_wconf 83' lang='lat' dir='ltr'>illas</span> <span class='ocrx_word' id='word_1_240' title='bbox 1038 2751 1218 2807; x_wconf 87' lang='lat' dir='ltr'>poterit.</span> 
     </span>
    </p>

    <p class='ocr_par' dir='ltr' id='par_1_12' title="bbox 234 2826 1898 2960">
     <span class='ocr_line' id='line_1_33' title="bbox 323 2826 1898 2884; baseline -0.001 -13"><span class='ocrx_word' id='word_1_241' title='bbox 323 2829 434 2871; x_wconf 90' lang='lat' dir='ltr'>Rem</span> <span class='ocrx_word' id='word_1_242' title='bbox 457 2828 643 2879; x_wconf 89' lang='lat' dir='ltr'>nullam,</span> <span class='ocrx_word' id='word_1_243' title='bbox 670 2842 786 2883; x_wconf 89' lang='lat' dir='ltr'>quae</span> <span class='ocrx_word' id='word_1_244' title='bbox 807 2827 865 2870; x_wconf 87' lang='lat' dir='ltr'>sit</span> <span class='ocrx_word' id='word_1_245' title='bbox 894 2828 1074 2870; x_wconf 90' lang='lat' dir='ltr'>maioris</span> <span class='ocrx_word' id='word_1_246' title='bbox 1097 2827 1329 2880; x_wconf 87' lang='lat' dir='ltr'>momenti,</span> <span class='ocrx_word' id='word_1_247' title='bbox 1355 2835 1478 2884; x_wconf 83' lang='lat' dir='ltr'>agat,</span> <span class='ocrx_word' id='word_1_248' title='bbox 1506 2826 1615 2882; x_wconf 91' lang='lat' dir='ltr'>quin</span> <span class='ocrx_word' id='word_1_249' title='bbox 1646 2826 1867 2870; x_wconf 87' lang='lat' dir='ltr'>rationem</span> <span class='ocrx_word' id='word_1_250' title='bbox 1895 2836 1898 2839; x_wconf 81' lang='grc'>’</span> 
     </span>
     <span class='ocr_line' id='line_1_34' title="bbox 234 2903 1869 2960; baseline 0 -14"><span class='ocrx_word' id='word_1_251' title='bbox 234 2904 303 2946; x_wconf 88' lang='lat' dir='ltr'>sui</span> <span class='ocrx_word' id='word_1_252' title='bbox 325 2904 500 2947; x_wconf 89' lang='lat' dir='ltr'>consilii</span> <span class='ocrx_word' id='word_1_253' title='bbox 521 2903 744 2960; x_wconf 86' lang='lat' dir='ltr'>superiori</span> <span class='ocrx_word' id='word_1_254' title='bbox 767 2904 958 2960; x_wconf 83' lang='lat' dir='ltr'>aperiat.</span> <span class='ocrx_word' id='word_1_255' title='bbox 989 2905 1116 2948; x_wconf 86' lang='lat' dir='ltr'>Alias</span> <span class='ocrx_word' id='word_1_256' title='bbox 1145 2912 1296 2949; x_wconf 88' lang='lat' dir='ltr'>autem</span> <span class='ocrx_word' id='word_1_257' title='bbox 1330 2919 1400 2948; x_wconf 87' lang='lat' dir='ltr'>res</span> <span class='ocrx_word' id='word_1_258' title='bbox 1430 2911 1536 2959; x_wconf 76' lang='lat' dir='ltr'>aget</span> <span class='ocrx_word' id='word_1_259' title='bbox 1565 2903 1748 2959; x_wconf 88' lang='lat' dir='ltr'>quidem</span> <span class='ocrx_word' id='word_1_260' title='bbox 1770 2903 1869 2960; x_wconf 91' lang='lat' dir='ltr'>ipse</span> 
     </span>
    </p>
   </div>
   <div class='ocr_carea' id='block_1_5' title="bbox 260 3011 523 3016">
    <p class='ocr_par' dir='ltr' id='par_1_13' title="bbox 260 3011 523 3016">
     <span class='ocr_line' id='line_1_35' title="bbox 260 3011 523 3016; baseline 0 0"><span class='ocrx_word' id='word_1_261' title='bbox 260 3011 523 3016; x_wconf 95' lang='lat' dir='ltr'> </span> 
     </span>
    </p>
   </div>
   <div class='ocr_carea' id='block_1_6' title="bbox 1421 3058 1439 3068">
    <p class='ocr_par' dir='ltr' id='par_1_14' title="bbox 1421 3058 1439 3068">
     <span class='ocr_line' id='line_1_36' title="bbox 1421 3058 1439 3068; baseline 0 0"><span class='ocrx_word' id='word_1_262' title='bbox 1421 3058 1439 3068; x_wconf 46' lang='lat' dir='ltr'>s</span> 
     </span>
    </p>
   </div>
   <div class='ocr_carea' id='block_1_7' title="bbox 306 3070 651 3117">
    <p class='ocr_par' dir='ltr' id='par_1_15' title="bbox 306 3070 651 3117">
     <span class='ocr_line' id='line_1_37' title="bbox 306 3070 651 3117; baseline 0.003 -11"><span class='ocrx_word' id='word_1_263' title='bbox 306 3081 323 3098; x_wconf 70' lang='lat' dir='ltr'>a</span> <span class='ocrx_word' id='word_1_264' title='bbox 346 3070 555 3117; x_wconf 79' lang='lat' dir='ltr'>forensica</span> <span class='ocrx_word' id='word_1_265' title='bbox 579 3083 634 3107; x_wconf 89' lang='lat' dir='ltr'>ms</span> <span class='ocrx_word' id='word_1_266' title='bbox 646 3101 651 3107; x_wconf 92' lang='lat'><em>.</em></span> 
     </span>
    </p>
   </div>
   <div class='ocr_carea' id='block_1_8' title="bbox 2000 0 2098 208">
    <p class='ocr_par' dir='ltr' id='par_1_16' title="bbox 2000 0 2098 208">
     <span class='ocr_line' id='line_1_38' title="bbox 2000 0 2098 208; baseline 0 3262"><span class='ocrx_word' id='word_1_267' title='bbox 2000 0 2098 208; x_wconf 95' lang='lat' dir='ltr'> </span> 
     </span>
    </p>
   </div>
   <div class='ocr_carea' id='block_1_9' title="bbox 2029 917 2098 3470">
    <p class='ocr_par' dir='ltr' id='par_1_17' title="bbox 2029 917 2098 3470">
     <span class='ocr_line' id='line_1_39' title="bbox 2029 917 2098 3470; baseline 0 0"><span class='ocrx_word' id='word_1_268' title='bbox 2029 917 2098 3470; x_wconf 95' lang='lat' dir='ltr'> </span> 
     </span>
    </p>
   </div>
  </div>
 </body>
</html>
