2098 3470
289 256 369 303 ·718,
767 256 923 297 PA'nus
950 261 1194 297 Humomtm
1218 261 1371 297 NADAL

338 359 491 403 Corde
511 361 790 417 operandum
813 375 1006 418 semper,
1032 363 1169 405 corde
1191 363 1413 406 orandum
1435 364 1635 408 omnino.

341 437 532 493 Semper
557 436 829 482 obuersetur
857 439 916 481 ob
946 439 1102 482 oculos
1132 439 1313 493 mentis,
1343 439 1453 495 quid
1485 455 1643 484 sumus
1675 457 1700 486 e
1733 442 1878 496 nobis,

244 513 360 570 quid
381 528 438 557 ex
459 515 559 558 Deo
582 526 662 571 per
683 516 852 571 Xpum.

340 592 539 647 Magnus
560 605 723 636 sensus
746 593 918 636 timoris
940 591 1041 644 Dei,
1068 593 1187 637 vnde
1210 592 1432 637 intellexit
1453 593 1637 649 quidam
1655 609 1705 639 se
1727 610 1884 652 super-

250 667 359 709 bum
381 674 426 710 et
449 681 499 711 se
521 664 830 723 quaerentem,
855 678 901 712 et
924 670 1045 724 quod
1068 683 1159 712 non
1182 669 1312 712 vnice
1335 679 1492 726 ageret
1521 670 1723 714 officium
1747 685 1882 714 suum

246 751 296 786 et
320 758 392 787 res
415 742 671 798 Societatis,
692 746 772 789 sed
789 745 950 790 obiter.
974 745 1120 790 Aliter
1142 752 1212 790 est
1236 745 1315 788 tibi
1337 747 1583 802 agendum,
1603 754 1649 791 et
1666 747 1884 805 incipien-

246 821 361 863 dum
386 818 520 864 serio.

342 895 550 941 Aliorum
573 898 829 942 actionibus
853 899 985 942 bonis
1006 899 1236 951 delectari,
1263 899 1361 942 illas
1383 915 1667 956 promouere,
1693 901 1885 945 adiuua-

253 989 318 1028 re,
348 975 550 1028 laudare,
582 989 672 1019 non
711 977 857 1018 solum
886 985 935 1017 vt
963 975 1156 1031 gratiam
1185 976 1271 1019 Dei
1298 981 1382 1023 277
1410 978 1483 1020 vel
1509 979 1631 1021 dona
1662 978 1885 1022 naturalia

250 1053 324 1095 vel
347 1052 563 1108 gratuita,
588 1053 668 1097 sed
691 1061 740 1095 vt
762 1053 819 1096 ab
842 1061 967 1096 recto
990 1067 1073 1095 vsu
1102 1053 1230 1096 liberi
1257 1054 1431 1097 arbitrii
1460 1054 1814 1110 proficiscentes3
1839 1062 1885 1098 et

252 1131 353 1173 illas
376 1137 591 1185 tanquam
613 1144 719 1173 suas
741 1129 1035 1185 contemplari
1060 1137 1195 1185 atque
1218 1130 1444 1186 amplecti.

342 1206 680 1251 Desiderandae
701 1206 968 1250 afflictiones
991 1207 1062 1249 vel
1084 1207 1441 1263 obiurgationes,
1474 1222 1592 1263 quae
1619 1207 1786 1264 alioqui
1816 1208 1886 1252 vi-

247 1285 470 1328 derentur
497 1291 676 1340 praeter
704 1284 915 1327 meritum
948 1298 974 1326 a
1007 1283 1228 1340 superiori
1260 1284 1480 1329 adhiberi.
1513 1284 1739 1341 Aperiunt
1765 1285 1885 1329 enim
1909 1315 1913 1318 -

243 1361 410 1403 diuina
431 1360 714 1416 benignitate·
735 1361 893 1403 oculos
916 1359 1079 1403 mentis
1101 1360 1159 1403 ad
1175 1360 1484 1416 cognitionem
1503 1361 1786 1417 propriorum
1803 1362 1884 1406 de-
1911 1389 1914 1392 <

250 1438 473 1490 fectuum‚
499 1443 545 1482 et
561 1436 679 1480 viam
703 1436 875 1479 faciunt
897 1437 954 1479 ad
977 1436 1275 1480 humilitatem
1299 1437 1530 1493 puriorem
1553 1437 1738 1494 spiritus
1761 1452 1885 1481 com-

192 1533 195 1535 ·
258 1515 521 1570 parandam.

344 1592 476 1634 Noua
501 1590 704 1647 cognitio
729 1591 1009 1642 defectuum,
1035 1606 1092 1634 ex
1113 1590 1259 1646 gratia
1282 1590 1367 1633 Dei
1389 1605 1469 1646 per
1491 1590 1809 1644 humilitatem,
1829 1607 1885 1635 ex

254 1667 583 1711 intercessione
605 1675 921 1710 sacrosanctae
945 1666 1135 1722 virginis
1155 1671 1319 1708 θεοτόκου
1346 1667 1623 1720 lauretanae‚
1655 1682 1773 1723 quae
1794 1669 1884 1711 hoc

253 1744 439 1788 nomine
460 1758 628 1800 magno
651 1757 754 1787 cum
779 1743 994 1799 mysterio
1016 1743 1272 1796 inuocatur,
1298 1759 1377 1800 per
1398 1744 1495 1804 eius
1518 1745 1690 1789 scilicet
1718 1759 1886 1790 conce-

251 1821 470 1877 ptionem,
497 1820 799 1873 natiuitatem,
825 1820 1158 1872 educationem,
1184 1822 1257 1864 vel
1278 1822 1336 1864 ad
1359 1821 1603 1864 triennium
1624 1835 1783 1876 vsque,
1808 1836 1887 1878 per

248 1897 635 1951 anuntiationem,
670 1912 749 1953 per
779 1897 883 1953 Xpi.
921 1897 1236 1941 educationem
1270 1905 1315 1940 et
1347 1897 1487 1941 vitam
1520 1898 1577 1941 ad
1611 1911 1666 1953 30
1697 1913 1882 1951 annum,

245 1979 338 2020 283
363 1989 440 2030 per
461 1974 793 2032 sanctiJoseph
824 1974 999 2028 merita,
1032 1989 1112 2030 per
1141 1982 1205 2017 tot
1235 1975 1500 2030 angelorum
1532 1975 1772 2030 myriades,
1807 1974 1885 2030 qui

248 2053 514 2106 >frequentes
534 2051 581 2093 in
603 2051 678 2093 illa
699 2052 802 2094 aula
826 2052 1025 2103 fuerunt,
1058 2066 1138 2106 per
1160 2051 1447 2094 sanctitatem
1479 2052 1617 2094 totius
1645 2052 1748 2104 loci,
1774 2053 1884 2095 late-

253 2143 371 2180 rum,
397 2128 635 2184 parietum,
662 2143 810 2171 rerum
841 2128 1059 2170 omnium.
1094 2129 1223 2172 Haec
1251 2127 1371 2171 enim
1402 2142 1507 2171 cum
1536 2129 1774 2173 credamus
1795 2128 1886 2172 illic

246 2219 354 2249 esse
376 2212 604 2247 transacta
626 2204 854 2259 mysteria;
881 2203 982 2259 quis
1005 2218 1098 2247 non
1120 2205 1274 2248 credat
1291 2205 1428 2261 longe
1446 2219 1545 2249 esse
1564 2205 1749 2258 maiora,
1770 2219 1886 2260 quae

249 2281 302 2324 in
318 2281 405 2324 illis
421 2280 647 2336 mysteriis
668 2295 754 2323 nos
777 2281 1056 2336 ignoramus,
1078 2282 1220 2323 multo
1241 2296 1341 2325 esse
1363 2281 1597 2337 ampliora,
1618 2296 1753 2337 quam
1771 2296 1886 2337 quae

252 2358 567 2415 intelligimus,
603 2358 890 2413 quae'nobis
928 2373 1007 2413 per
1045 2360 1205 2401 horum
1238 2358 1571 2402 inuocationem
1605 2359 1887 2415 gratificatur

253 2435 466 2478 Christus
488 2442 534 2479 et
555 2434 700 2479 Maria
722 2450 799 2490 per
825 2436 996 2490 Xpum.

347 2512 646 2556 Commendat
668 2525 752 2555 nos
773 2513 918 2567 Xpus.
946 2511 1092 2564 matri,
1118 2511 1156 2554 si
1178 2511 1279 2567 quis
1307 2526 1361 2555 ex
1391 2512 1631 2556 deuotione
1659 2511 1814 2555 matris
1842 2511 1887 2555 id

258 2597 396 2645 petat,
427 2604 546 2645 quae
573 2596 643 2632 est
672 2587 915 2644 singularis
948 2596 993 2632 et
1031 2602 1213 2644 magna,
1253 2603 1390 2644 supra
1426 2604 1560 2645 quam
1594 2588 1684 2631 dici
1720 2595 1884 2644 potest,

249 2665 644 2711 commendatio...

345 2742 612 2787 Scholastici
649 2741 789 2785 nostri
830 2750 1012 2797 possent
1041 2742 1203 2786 studiis
1235 2750 1280 2785 et
1314 2741 1623 2785 auditionibus
1653 2742 1748 2785 suis
1780 2743 1888 2786 dare

249 2834 438 2876 operam
462 2818 622 2863 maiori
643 2833 747 2862 cum
771 2818 937 2871 fructu,
963 2819 1000 2861 si
1023 2820 1080 2862 ad
1102 2818 1322 2861 rationem
1340 2818 1656 2862 exercitiorum
1679 2818 1887 2875 spiritua·

257 2896 367 2939 lium
385 2912 438 2959 ‘se
459 2897 874 2947 accommodarent,
901 2903 1144 2951 antequam
1174 2895 1416 2940 lectionem
1447 2896 1648 2947 audiant,
1683 2910 1764 2952 per
1785 2909 1888 2938 ora-

252 2973 426 3016 tionem
443 2988 494 3017 se
514 2978 741 3029 parentes.
763 2972 880 3015 Dein
900 2987 1094 3027 quorum
1113 2979 1220 3028 sunt
1237 2972 1652 3028 interpretationem
1671 2971 1884 3025 audituri,

253 3065 284 3094 e
307 3050 666 3107 paraelegenteS,
697 3056 742 3092 et
777 3048 904 3103 quasi
935 3048 1169 3092 historiam
1198 3037 1530 3105 percurrentes;
1557 3055 1803 3105 praeterea,
1828 3048 1887 3092 si-
