2098 3470
235 277 304 323 462
706 279 861 318 Pal-nus
886 281 1133 318 Hnmomnn
1161 281 1311 318 NADAL

186 378 318 434 quasi
338 380 395 422 ad
417 379 542 424 illum
565 380 719 424 veniat
740 381 1031 438 prouincialis
1052 396 1133 438 pro
1162 389 1394 426 reseruato
1415 395 1540 426 casu.
1569 381 1728 427 Posset
1751 383 1815 428 fa-

187 455 319 498 cilius
340 456 631 510 dissimulari,
655 457 694 501 si
716 465 837 503 esset
858 459 976 502 idem
994 459 1092 503 eius
1115 459 1383 502 admonitor.

275 533 476 576 Casuum
499 548 608 578 vero
630 533 911 590 particularis
932 534 1232 579 consideratio
1253 550 1335 592 pro
1358 535 1713 592 prouincialibus
1733 535 1821 580 erit

189 609 281 653 fere
308 609 482 663 eadem,
515 618 651 667 atque
680 611 765 654 fuit
793 611 874 669 prb
904 612 1156 656 rectoribus
1187 619 1455 656 annotatum
1477 617 1564 659 27⁰
1593 613 1818 669 superius.

186 686 305 728 Tum
328 687 418 729 hoc
438 688 537 730 loco
559 687 670 731 illud
691 689 966 741 addendum,
992 696 1055 740 vt,
1080 688 1118 731 si
1141 703 1233 744 quo
1256 689 1391 732 modo
1413 689 1460 732 in
1487 703 1642 732 casum
1672 703 1822 742 reser-

188 770 344 805 uatum
374 763 663 808 manifestum
690 765 908 810 incideret
938 765 1242 821 prouincialis,
1273 765 1423 808 statim
1452 766 1508 809 de
1536 780 1591 809 eo
1619 765 1824 809 scribant

184 839 428 882 consiliarii
466 840 606 896 ipsius
644 843 703 885 ad
733 843 991 899 generalem
1029 841 1350 898 praepositum,
1384 849 1433 884 vt
1460 842 1632 887 iudicet
1659 857 1771 887 num
1803 851 1821 868 ²

182 917 479 973 -abrogandus
500 917 573 970 sit,
599 919 672 962 vel
693 919 802 974 quid
820 919 1074 962 faciendum
1091 933 1195 962 cum
1219 933 1273 963 eo
1294 919 1368 971 sit,
1394 926 1440 963 et
1462 933 1516 963 eo
1537 918 1821 976 diligentius,

189 993 227 1035 si
249 992 311 1037 ita
332 993 416 1036 erit
438 1008 509 1037 res
531 995 784 1048 manifesta,
809 1004 858 1038 vt
880 1010 996 1051 quae
1017 995 1196 1051 probari
1220 995 1354 1040 etiam
1383 995 1429 1038 in
1457 995 1625 1039 iudicio
1653 995 1815 1052 possit.

278 1070 348 1115 De
370 1071 665 1124 commissarii
687 1086 875 1116 casuum
898 1071 1206 1116 reseruatione
1234 1072 1344 1115 nihil
1372 1079 1592 1116 statutum
1619 1079 1705 1126 est,
1739 1087 1825 1116 nec

192 1148 237 1190 in
258 1151 447 1192 cas'uuin
465 1149 787 1201 reseruatione,
807 1163 891 1192 nec
909 1150 1112 1192 hocloco
1129 1157 1198 1192 est
1214 1156 1498 1195 annotatum.
1523 1150 1656 1203 Nam,
1675 1157 1726 1193 vt
1747 1153 1844 1194 exss

190 1224 539 1269 traordinarium
561 1233 631 1270 est
647 1225 844 1269 officium
862 1226 1169 1278 commissarii,
1190 1240 1274 1270 nec
1292 1227 1493 1279 modum,
1512 1240 1598 1271 nec
1615 1227 1822 1283 regulam

190 1302 326 1345 vllam
347 1309 515 1346 certam
539 1303 690 1355 habet,
716 1302 802 1345 nisi
824 1317 958 1358 quam
982 1302 1229 1345 constituet
1250 1302 1296 1345 in
1317 1317 1367 1347 re
1382 1302 1608 1359 praesenti
1629 1317 1826 1359 genera-

191 1378 260 1422 lis.
285 1379 444 1436 Itaque
464 1380 522 1422 de
543 1379 835 1424 commissarii
857 1394 1045 1422 casuum
1067 1379 1375 1423 reseruatione
1396 1379 1674 1424 constituere
1689 1386 1823 1436 pote-

191 1455 250 1499 rit
271 1456 512 1513 generalis,
537 1455 614 1499 vbi
634 1455 840 1501 instituet
862 1455 1216 1499 commissarium
1239 1457 1312 1500 vel
1333 1457 1593 1512 generalem
1615 1457 1689 1500 vel
1719 1471 1826 1513 par—

197 1533 449 1577 ticularem.

457 1660 751 1691 INSTRUCTIO
782 1660 872 1690 PRO
901 1658 1244 1690 CONFESSARIIS
1276 1659 1570 1690 NOSTRORUM

283 1766 421 1821 Quod
443 1766 500 1809 ad
522 1764 831 1810 confessiones
853 1765 1030 1817 attinet,
1050 1764 1161 1807 nihil
1178 1778 1363 1807 necesse
1379 1772 1449 1808 est
1464 1764 1617 1826 dicere
1634 1765 1693 1809 de
1709 1765 1827 1808 obli'-

187 1842 378 1898 gatione
399 1841 646 1887 confitendi
668 1841 872 1885 mortalia
894 1848 1093 1897 peccata;
1119 1856 1222 1884 nam
1244 1841 1290 1884 id
1309 1845 1380 1887 271
1405 1848 1450 1885 et
1472 1855 1630 1886 omnes
1651 1841 1820 1894 sciunt,

189 1928 236 1962 et
260 1934 496 1976 speramus
518 1919 564 1963 in
585 1919 796 1971 Domino,
822 1933 901 1975 pro
922 1917 1142 1975 singulari
1163 1917 1261 1962 eius
1283 1918 1566 1974 benignitate
1586 1925 1633 1963 et
1656 1919 1827 1976 gratia,

191 2011 282 2052 qua
304 1995 578 2041 Societatem
601 1995 906 2052 prosequitur,
938 1995 1162 2039 neminem
1191 2002 1292 2051 post
1319 1994 1665 2040 conuersionem
1692 2009 1825 2041 suam

194 2073 239 2115 in
265 2088 319 2118 ea
341 2074 660 2129 collapsurum.

283 2151 526 2194 Caeterum
549 2150 851 2194 confiteantur
882 2163 1038 2193 omnes
1075 2149 1131 2192 de
1166 2147 1419 2192 venialibus
1454 2147 1669 2204 periculis
1708 2148 1822 2192 inci-

193 2226 332 2271 dendi
355 2227 400 2270 in
424 2234 609 2283 peccata
632 2226 851 2269 mortalia.

281 2306 351 2348 De
374 2304 513 2347 dubio
535 2318 787 2348 consensus
808 2303 854 2345 in
878 2303 1083 2347 mortale.

281 2382 419 2438 Quod
447 2380 570 2437 passi
601 2380 690 2423 sint
720 2379 1016 2423 tentationem
1039 2379 1285 2434 quamlibet
1317 2379 1413 2423 sine
1445 2379 1628 2436 speciali
1667 2379 1829 2436 displi-

195 2459 361 2503 centia.

283 2538 352 2580 De
376 2535 538 2591 quauis
560 2534 710 2591 specie
731 2533 952 2586 luxuriae,
978 2533 1113 2578 etiam
1138 2533 1316 2577 veniali.

280 2615 351 2657 De
374 2626 554 2655 morosa
575 2610 892 2664 delectatione,
913 2610 1047 2654 etiam
1067 2610 1245 2663 veniali,
1266 2610 1401 2654 etiam
1418 2625 1536 2666 quae
1553 2610 1828 2656 determina-

194 2698 241 2734 ta
264 2705 357 2733 non
381 2689 454 2732 sit.

281 2769 351 2811 De
373 2781 514 2823 parua
537 2764 849 2809 aestimatione
870 2764 1132 2811 venialium.

282 2844 352 2888 De
375 2842 498 2886 omni
521 2841 770 2885 tentatione
791 2841 976 2895 carnali3
1002 2842 1047 2884 in
1077 2857 1167 2897 quo
1196 2856 1365 2898 genere
1394 2841 1487 2885 fere
1517 2855 1696 2897 semper
1724 2853 1831 2897 pec-

195 2928 348 2965 catum
370 2920 502 2963 inest.

244 3098 261 3115 a
310 3100 415 3123 nunc
434 3099 505 3123 mS·
