2098 3470
307 250 375 286 422
778 242 933 290 Pin-ms
946 243 1200 288 νΗιιῑιῑοικηηιι
1226 243 1376 278 NADAL

262 350 308 386 et
339 342 487 394 festis,
513 348 708 398 petatur,
747 358 803 387 an
840 343 898 387 sit
935 351 1135 388 extrema
1172 344 1441 398 necessitas;
1481 359 1596 400 quae
1624 345 1697 391 14⁰
1730 346 1766 390 si
1794 362 1890 390 non*

268 418 420 472 fuerit,
445 418 623 461 dicatur
644 427 693 461 vt
714 420 916 472 redeant3
943 419 1154 475 quoniam
1183 434 1274 463 non
1303 421 1520 465 conuenit
1551 421 1628 464 tali
1654 422 1727 465 die
1755 423 1889 466 relin-

265 509 404 551 quere
425 501 631 538 nostrum
655 497 890 552 templum,
915 495 1178 552 praesertim
1202 505 1306 540 ante
1329 497 1583 553 prandium.

352 572 402 617 Si
423 581 544 615 esset
573 578 726 615 tantus
753 587 968 616 numerus
1005 580 1278 626 nostrorum,
1314 581 1362 616 vt
1394 589 1485 617 non
1518 583 1702 630 possent
1733 590 1889 619 omnes

265 648 474 692 confiteri
495 648 567 692 die
590 649 782 702 sabbati,
807 664 891 692 nec
914 658 1067 705 posset
1085 650 1242 706 augeri
1258 665 1476 695 numerus
1495 651 1887 704 confessariorum,

266 741 372 783 pars
394 725 589 778 illorum,
615 726 778 770 nouitii
800 727 986 779 scilicet,
1012 725 1312 780 coadiutores,
1338 735 1384 770 et
1404 725 1451 782 ii',
1477 727 1553 783 qui
1575 742 1667 771 non
1689 729 1888 781 student,

267 810 486 859 poterunt
509 803 808 847 confessionis
835 811 881 846 et
908 804 1236 847 communionis
1263 811 1544 848 sacramenta
1572 805 1688 847 infra
1718 805 1891 850 hebdo—

266 880 445 923 madam
469 880 716 936 percipere,
741 888 786 925 et
809 881 941 924 etiam
966 881 1224 924 sacerdotes
1246 881 1470 926 confiteri.
1496 882 1670 925 Omnes
1692 881 1763 925 alii
1782 896 1892 924 con-

267 958 519 1000 fitebuntur
541 957 614 999 die
635 958 809 1001 sabbati
833 973 858 1000 a
875 957 1062 1013 prandio
1080 960 1189 1000 hora
1207 959 1458 1012 commoda,
1478 966 1524 1001 et
1547 958 1583 1000 si
1600 973 1690 1001 non
1709 966 1894 1014 possent

268 1049 443 1086 omnes,
469 1034 607 1089 aliqui
629 1034 702 1077 die
722 1035 949 1078 dominico
971 1050 1104 1079 mane
1126 1041 1352 1091 poterunt.

358 1096 798 1156 Curandum-autem
823 1113 922 1164 erit,
950 1113 1099 1167 quoad
1120 1112 1217 1156 eius
1239 1112 1336 1154 fieri
1366 1112 1547 1168 poterit,
1581 1121 1630 1155 vt
1658 1114 1731 1156 vel
1759 1127 1894 1169 supe—

268 1189 359 1232 rior
381 1188 439 1232 sit
468 1199 647 1246 semper
672 1190 808 1242 domi,
842 1192 912 1234 vei
949 1190 1168 1234 minister.
1204 1191 1341 1246 Quod
1378 1189 1415 1232 si
1452 1189 1737 1245 contingeret
1769 1197 1896 1232 extra

271 1266 476 1310 ordinem
498 1273 742 1325 Vtrumque
764 1268 938 1319 abesse,
964 1267 1022 1309 sit
1046 1281 1205 1309 eorum
1227 1267 1328 1309 loco
1350 1265 1659 1320 subminister,
1684 1267 1756 1310 vel
1779 1281 1896 1310 vnus

269 1358 325 1386 ex
349 1343 616 1387 consiliariis
637 1344 694 1386 ad
714 1345 802 1386 hoc
822 1343 1105 1400 designatus.

359 1420 653 1473 Sacerdotes,
684 1422 1064 1476 quemadmodum
1095 1420 1185 1473 alii,
1222 1419 1282 1465 Ι4Ι
1313 1435 1405 1463 non
1442 1420 1733 1477 egrediantur
1761 1420 1898 1463 domo

271 1498 371 1542 sine
394 1497 534 1549 socio,
560 1511 693 1553 quem
716 1498 939 1554 accipient
960 1513 986 1541 a
1008 1497 1244 1554 superiori,
1272 1498 1342 1542 vel
1364 1497 1570 1540 ministro
1593 1513 1648 1542 ex
1669 1496 1899 1540 comissio-

272 1589 345 1618 ne.
373 1573 679 1630 Egredientur
704 1588 812 1618 vero
841 1575 1170 1630 <praeterquam
1193 1588 1296 1617 cum
1330 1575 1387 1617 ad
1416 1573 1746 1618 recreationem
1773 1574 1898 1627 eunt)

273 1659 323 1693 vt
344 1650 627 1694 moribundis
649 1665 780 1707 opem
803 1653 966 1703 ferant,
991 1651 1063 1695 vel
1085 1658 1134 1693 vt
1157 1650 1466 1694 confessiones
1489 1650 1677 1695 audiant
1698 1650 1900 1692 infirmo-

274 1743 391 1781 rum,
432 1735 511 1770 aut
539 1728 596 1770 ad
618 1728 914 1780 xenodochia,
946 1742 1174 1782 carceres,
1206 1728 1598 1784 procurandamue
1627 1728 1745 1771 inter
1771 1727 1903 1770 dissi-

275 1807 436 1850 dentes
459 1804 886 1857 reconciliationem,
906 1806 979 1849 vel
1000 1812 1124 1849 certe
1147 1806 1203 1847 ad
1220 1806 1528 1860 promouenda
1553 1819 1691 1861 opera
1707 1805 1793 1847 alia
1809 1804 1905 1860 pie—

277 1882 400 1935 tatis,
426 1883 500 1926 vel
522 1881 713 1938 negocia
734 1882 1008 1937 perficienda
1031 1881 1288 1933 Societatis,
1314 1883 1386 1926 vel
1408 1882 1594 1924 omnino
1613 1895 1667 1924 ex
1691 1881 1904 1925 obedien-

278 1959 360 2002 tia.
400 1958 737 2002 Consolationis
764 1966 915 2002 autem
944 1974 1055 2016 ergo
1077 1960 1141 2016 (vt
1170 1958 1258 2002 dici
1287 1959 1414 2014 solet)
1445 1958 1482 2001 si
1519 1958 1719 2010 visitent,
1750 1959 1823 2002 vel
1851 1959 1909 2000 ad

278 2036 471 2093 gratiam
499 2036 840 2092 promerendam
871 2037 940 2078 vel
969 2036 1349 2089 conseruandam,
1380 2035 1426 2077 id
1457 2049 1547 2077 non
1584 2035 1756 2089 absque
1783 2042 1909 2079 certa

278 2128 361 2169 spe
391 2114 567 2156 fructus
595 2112 855 2169 spiritualis,
880 2114 952 2155 vel
980 2119 1103 2157 certa
1131 2112 1230 2155 eius
1258 2111 1397 2154 officii
1422 2111 1693 2156 necessitate
1722 2111 1904 2164 faciant,

280 2198 326 2235 et
347 2190 425 2233 vbi
447 2191 623 2233 nullum
647 2189 857 2233 timeatur
879 2189 1147 2245 periculum3
1173 2196 1218 2233 et
1239 2190 1351 2232 haec
1374 2188 1555 2244 quidem
1579 2188 1729 2232 cautio
1751 2195 1796 2232 et
1818 2188 1909 2231 cir-

281 2266 560 2323 cumspectio
588 2266 650 2309 ibi
677 2266 940 2322 praesertim
979 2266 1263 2318 adhibeatur,
1298 2265 1374 2307 vbi
1411 2264 1622 2309 mulieres
1651 2264 1906 2317 visitantur,

282 2358 398 2399 quae
420 2351 571 2386 tamen
594 2358 652 2387 ne
669 2342 923 2394 visitentur,
945 2342 1031 2386 nisi
1047 2357 1164 2398 quae
1180 2348 1409 2398 spectatae
1431 2341 1521 2384 sint
1542 2341 1724 2384 virtutis
1747 2347 1792 2385 et
1813 2341 1914 2406 exi—⁴

282 2420 579 2472 stimationis,
611 2427 657 2463 et
693 2419 936 2475 singularis
971 2419 1223 2463 intercedat
1260 2417 1525 2470 necessitas,
1567 2425 1612 2462 et
1648 2425 1912 2474 expectetur

283 2497 554 2542 aedificatio.
587 2497 783 2553 Quando
818 2504 967 2539 autem
998 2495 1318 2552 egrediuntur,
1351 2509 1440 2538 non
1470 2495 1617 2538 solum
1654 2494 1912 2538 sacerdotes
1971 2484 1973 2486 ’

285 2574 379 2627 142,
405 2574 485 2618 sed
507 2587 666 2617 omnes
689 2572 779 2624 alii,
804 2574 1001 2616 'referant
1023 2587 1111 2627 qua
1139 2586 1276 2614 causa
1298 2578 1343 2615 et
1365 2570 1474 2626 quid
1502 2570 1594 2614 sint
1631 2569 1792 2622 acturi,
1817 2563 1864 2613 ei
1887 2584 1912 2613 a

286 2664 376 2706 quo
398 2649 595 2695 exeundi
622 2649 796 2706 copiam
824 2648 1099 2704 acceperint.
1123 2647 1306 2691 Ianitori
1334 2662 1458 2699 vero,
1483 2661 1573 2702 quo
1603 2661 1653 2691 se
1680 2646 1914 2689 conferant

285 2728 455 2779 dicent,
480 2729 588 2770 dum
611 2725 923 2783 egrediuntur.
951 2725 1119 2768 Ianitor
1140 2726 1356 2768 subnotet
1378 2738 1534 2767 eorum
1557 2723 1742 2767 nomina
1763 2722 1810 2765 in
1831 2722 1914 2766 ali-

287 2820 377 2860 qua
399 2805 584 2856 scheda,
609 2818 745 2859 quam
766 2803 943 2859 vesperi
965 2802 1090 2846 dabit
1111 2801 1346 2858 superiori.
1373 2799 1766 2861 Reuersideinde,
1792 2813 1914 2852 mox,
1934 2803 1938 2807 “

287 2882 325 2924 si
348 2888 485 2936 queat
520 2881 635 2933 fieri,
661 2880 879 2924 rationem
907 2880 1099 2922 reddant
1126 2877 1360 2935 superiori,
1394 2891 1550 2922 eorum
1574 2891 1690 2933 quae
1717 2875 1913 2933 egerint,
1978 2885 1981 2887 ·

287 2960 374 3001 hoc
401 2972 512 3002 vero
543 2957 708 3014 poterit
744 2956 948 2999 ministro
976 2955 1257 2999 committere
1291 2955 1495 3010 superior
1522 2954 1569 2996 in
1599 2955 1735 3009 rebus
1772 2952 1916 2996 leuio-

289 3035 431 3080 ribus.

2084 2023 2098 2208 &EM-e..
