2098 3470
0 522 22 574 ¹*ss
0 427 10 481 ''⁰-
0 315 17 405 *πῇ*
0 279 17 298 ἰ’
0 230 21 250 ·,
15 195 23 200 ἡ
15 162 18 166 ,

35 139 44 164 ..

787 200 1235 257 χ8υιηηᾼῑιιιῑικείηἰιι-25
1598 255 1607 262 ⁴
1711 211 1782 258 827

151 315 162 325 ⁰
197 317 323 359 circa
343 329 419 359 res
438 319 616 359 creatas
635 329 805 366 omnes,·
826 316 949 371 quod
970 314 1036 358 sic
1052 313 1351 370 intelligimus
1375 323 1423 357 ut
1442 314 1650 358 uniamus
1667 315 1830 358 volun-

198 399 337 437 tatem
362 401 562 436 nostram
592 393 650 435 ad
669 393 820 436 Deum
841 390 1133 436 benedictum
1162 398 1208 435 et
1236 391 1293 434 ad
1322 391 1682 442 fundamentum,
1708 391 1830 445 quod

197 468 445 514 inmediate
466 477 573 514 ante
594 468 844 525 posuimus,
864 476 911 512 et
932 467 995 511 ita
1015 467 1305 524 egrediamur
1327 468 1383 510 ad
1401 475 1631 510 creaturas
1651 481 1826 518 omnes,

196 559 289 588 non
307 547 502 589 amando
523 546 717 590 illas-vel
738 545 966 602 eligendo,
991 558 1076 588 nec
1097 559 1123 588 e
1145 544 1387 596 contrario,
1413 544 1498 588 nisi
1520 560 1576 588 ex
1594 546 1828 587 voluntate

196 630 243 666 et
262 622 549 679 beneplacito
566 622 669 668 Dei.
698 623 705 679 Ι
731 621 938 666 Dicimus
958 622 1157 676 «absque
1173 619 1441 663 differentia.
1454 655 1462 663 .
1474 656 1484 666 .
1496 639 1533 673 n,
1548 623 1633 664 hoc
1651 631 1736 674 est,
1756 621 1823 663 in-

193 698 456 744 differenter
475 699 696 744 debemus
718 699 893 744 moueri
920 699 978 742 ad
1006 700 1124 741 hanc
1152 699 1227 742 vel
1252 699 1310 740 ad
1334 697 1455 741 illam
1480 706 1749 750 creaturam,
1778 707 1827 740 vt

194 776 365 819 nullam
401 775 701 821 differentiam
734 776 781 819 in
813 775 1033 820 creaturis
1064 775 1284 818 faciamus
1317 790 1373 818 ex
1405 782 1531 831 parte
1565 783 1715 818 nostra
1754 776 1826 819 vel

193 859 523 907 creaturarum,
548 853 664 906 siue,
690 860 912 908 quantum
934 852 979 895 in
1002 851 1137 895 nobis
1158 853 1231 896 vel
1253 852 1299 894 in
1321 851 1408 894 illis
1429 859 1514 903 est,
1540 853 1662 907 quod
1684 866 1825 907 expo-

194 928 344 972 nimus
367 914 594 982 videlicet,
620 938 842 985 quantum
871 936 1027 972 nostro
1053 928 1196 972 libero
1225 928 1408 971 arbitrio
1436 942 1702 971 concessum
1736 938 1821 979 est,

193 1014 240 1050 et
268 1020 360 1049 non
383 1014 601 1063 negatum
623 1021 705 1063 per
725 1013 1016 1062 praeceptum
1046 1005 1247 1060 aliquod;
1281 1005 1386 1060 quia
1414 1005 1489 1048 illa
1516 1005 1681 1055 omnia,
1707 1019 1824 1059 quae

193 1091 373 1139 praeter
391 1085 503 1127 haec
518 1092 642 1137 sunt,
657 1083 801 1127 voluit
809 1084 937 1126 Deus
953 1082 1222 1127 benedictus
1237 1097 1338 1125 esse
1355 1082 1656 1124 indifferentia
1671 1083 1823 1136 quoad

193 1152 308 1212 hoc}
323 1166 369 1204 et
391 1159 454 1203 ita
474 1159 667 1203 dicimus
689 1175 781 1202 non
802 1160 970 1204 debere
991 1173 1095 1202 curn
1118 1158 1372 1202 differentia
1396 1172 1478 1200 nos
1500 1159 1556 1200 ad
1583 1157 1658 1201 illa
1680 1159 1820 1200 habe-

193 1251 259 1288 re,
292 1250 410 1292 quae
436 1238 565 1282 Deus
592 1237 903 1281 indifferenter
930 1235 1128 1291 reliquit,
1160 1243 1207 1278 vt
1238 1250 1326 1278 vna
1353 1250 1401 1278 re
1423 1235 1494 1278 vel
1516 1236 1656 1277 altera
1678 1234 1816 1290 possi-

191 1327 310 1366 mus,
333 1313 432 1358 sine
454 1314 528 1359 166
550 1328 634 1357 sua
655 1315 843 1367 offensa,
863 1314 1000 1356 immo
1021 1327 1126 1357 cum
1150 1313 1310 1356 merito
1331 1321 1376 1357 et
1399 1314 1517 1355 bona
1538 1312 1636 1356 eius
1659 1313 1816 1354 volun-

193 1395 303 1443 tate,
326 1390 407 1434 vti.

279 1467 626 1511 Declarauimus
656 1468 995 1512 conclusionem
1024 1477 1241 1520 nostram,
1276 1483 1410 1524 quarn
1441 1468 1556 1510 inter
1584 1468 1820 1511 declaran-

190 1544 300 1587 dum
321 1543 455 1587 etiam
479 1544 629 1599 aliquo
650 1545 785 1588 modo
807 1545 1116 1601 probauimus,
1137 1553 1450 1589 verumtamen
1466 1545 1523 1588 de
1541 1559 1666 1587 more
1684 1546 1819 1587 scho-

170 1621 276 1665 lae.
301 1621 437 1664 Nunc
458 1621 659 1664 denouo
682 1621 988 1677 probabimus:
1011 1621 1208 1679 primum
1230 1637 1312 1678 per
1333 1622 1601 1678 scripturam
1625 1635 1818 1665 sacram.

188 1697 257 1741 2.⁰
279 1712 361 1754 per
381 1698 673 1742 auctoritates
693 1707 971 1743 sanctorum.
998 1701 1067 1755 3.⁰
1089 1715 1169 1756 per
1191 1699 1426 1744 rationem.
1449 1699 1541 1744 Sed
1558 1698 1703 1755 primo
1718 1699 1820 1741 loco

185 1766 422 1819 ostendam
456 1776 686 1830 quomodo
722 1776 1126 1832 exsuperioribus
1161 1776 1385 1832 sequitur;
1426 1775 1661 1832 posuimus
1697 1775 1817 1818 enirn

185 1850 476 1908 principium,
501 1853 622 1907 quod
643 1848 833 1897 creatus
847 1860 917 1897 est
938 1854 1075 1896 homo
1097 1861 1146 1896 vt
1169 1855 1319 1897 Deum
1342 1854 1496 1897 laudet
1518 1867 1572 1896 ac
1606 1866 1817 1897 reuerea-

185 1935 278 1980 tur,
310 1927 444 1983 eique
474 1929 679 1973 seruiens
710 1930 866 1972 saluus
897 1930 992 1983 fiat,
1028 1931 1153 1986 quod
1185 1930 1395 1986 quamuis
1427 1929 1694 1987 probatione
1725 1943 1816 1971 non

182 2015 334 2060 egeat,
361 2012 512 2048 tamen
535 2005 752 2061 probatur
773 2021 830 2050 ex
857 2021 912 2050 eo
944 2008 1066 2063 quod
1098 2007 1293 2050 habetur
1318 2007 1326 2065 Ι
1354 2009 1546 2052 Deuter.
1570 2014 1589 2031 ²
1616 2007 1645 2049 6
1672 2013 1717 2049 et
1747 2018 1813 2048 [ο.

183 2081 294 2124 Item
317 2082 447 2125 Matt.
473 2094 518 2136 4.
548 2082 819 2126 «Dominum
842 2085 991 2127 Deum
1014 2091 1143 2126 tuum
1175 2084 1400 2135 adorabis,
1436 2092 1481 2127 et
1512 2083 1574 2125 illi
1606 2082 1689 2126 soli
1721 2096 1816 2126 ser-

184 2156 326 2202 uies.»
358 2159 416 2201 Et
447 2160 637 2202 Prouer.
677 2160 747 2205 16.
775 2145 971 2204 «Omnia
991 2170 1174 2217 propter
1197 2161 1490 2216 semetipsum
1514 2168 1725 2216 operatus
1746 2166 1814 2201 est

182 2235 407 2278 Dominus
427 2233 491 2277 b.»
517 2237 628 2278 Item
651 2251 707 2280 ex
732 2237 852 2280 Psal.
885 2237 981 2280 118.
1011 2237 1259 2281 «Inclinaui
1280 2239 1338 2281 ad
1360 2238 1589 2280 faciendas
1618 2240 1623 2257 ¹
1651 2237 1813 2279 iustifi-

180 2311 385 2356 cationes
413 2318 514 2356 tuas
546 2312 593 2354 in
622 2321 857 2356 aeternum
880 2322 1063 2370 propter
1084 2314 1428 2358 retributionem
1439 2329 1476 2367 υς
1504 2316 1591 2356 hoe
1614 2322 1683 2356 est
1705 2327 1811 2368 pro-

181 2386 282 2444 pter
303 2395 533 2432 aeternam
557 2389 920 2443 retributionem,
945 2391 1067 2446 quod
1089 2399 1159 2434 est
1181 2391 1392 2435 hebraice
1421 2408 1501 2449 εμπ
1535 2393 1659 2440 :5295
1690 2389 1810 2432 Hinc

179 2466 303 2520 quod
340 2464 410 2508 2.⁰
441 2466 544 2508 loco
575 2465 773 2510 diximus
805 2474 873 2511 est
907 2475 1083 2521 notum,
1117 2467 1292 2512 scilicet
1321 2469 1442 2523 quod
1474 2467 1662 2522 reliqua,
1695 2480 1810 2521 quae

177 2549 285 2585 sunt
317 2555 455 2598 super
481 2550 647 2587 terram
677 2543 778 2596 sita,
812 2551 967 2588 creata
998 2545 1100 2605 sint
1125 2545 1322 2588 hominis
1356 2544 1497 2600 ipsius
1529 2558 1680 2594 causa,
1715 2550 1803 2585 etc.

177 2617 423 2662 Hoc'clare
439 2619 549 2662 dicit
570 2621 821 2676 apostolus,
849 2634 865 2664 1
887 2622 944 2671 ad
961 2622 1069 2665 Cor.
1097 2635 1141 2676 3.
1169 2622 1365 2665 «Omnia
1388 2629 1536 2664 vestra
1559 2628 1682 2672 sunt,
1706 2619 1804 2662 siue

180 2695 369 2748 Paulus,
394 2695 493 2739 siue
514 2697 699 2753 Apollo,
724 2697 823 2742 siue
846 2698 1048 2754 Cephas,
1080 2698 1179 2743 siue
1203 2699 1418 2751 mundus,
1444 2699 1541 2740 siue
1568 2697 1675 2748 vita,
1711 2695 1807 2740 siue

246 2811 265 2829 ²
313 2802 380 2838 Bis
398 2803 471 2839 hoc
497 2805 609 2840 verb.
637 2810 700 2843 est
725 2805 765 2840 in
790 2816 862 2841 ms,
915 2807 981 2833 —b
1008 2806 1118 2841 Haec
1145 2805 1356 2841 auctoritas
1378 2805 1416 2839 in
1443 2815 1562 2849 marg.
1591 2802 1722 2838 addita
1747 2810 1808 2837 est

174 2870 198 2895 a
216 2860 311 2897 Nat.

243 2957 252 2976 ¹
305 2955 437 2994 Editio
467 2959 640 3005 Vulgata
671 2961 793 3004 (vers.
827 2962 910 3005 112)
934 2961 1067 2996 habet:
1095 2960 1309 2995 «Inclinavi
1335 2971 1400 2995 cor
1432 2970 1559 2993 meum
1589 2958 1636 2992 ad
1662 2956 1805 2992 facien-

178 3013 272 3050 das»
291 3021 368 3053 etc.
