2098 3470
767 273 1183 310 Soranum-2
1186 283 1207 318 5
1687 273 1760 311 833

169 378 360 432 artibus,
389 377 568 430 studiis,
598 376 784 433 linguis,
814 374 1068 431 diligentia,
1099 374 1321 418 industria
1351 377 1622 428 ornandum,
1654 368 1832 433 suspi-'

168 454 381 500 ciendum
402 462 487 507 est,
511 461 648 510 atque
668 452 993 497 extollendum.

252 520 392 576 'Hanc
423 531 659 582 rationem,
683 529 806 586 quod
827 529 994 585 stylum
1018 528 1229 571 mutarim
1252 529 1572 572 scholasticum
1598 530 1803 586 superio-

168 600 268 655 rum
291 616 562 665 temporum,
586 621 718 664 spero
745 606 752 664 Ι
775 606 858 649 tibi
878 605 1026 648 visum
1050 605 1103 648 iri
1120 620 1210 648 non
1228 605 1445 661 ineptam.
1469 607 1728 659 Caeterum,
1754 616 1803 650 vt

168 686 227 730 ad
247 684 639 739 confirmationem
662 669 968 740 conclusionis
995 690 1215 734 reuertar,
1242 683 1377 734 hanc,
1409 698 1543 738 quam
1574 699 1658 727 nos
1687 699 1804 727 con-

166 762 376 814 sulimus,
395 761 744 806 indifferentiam
762 767 950 816 vsurpat
967 761 1229 815 frequenter
1249 761 1434 811 Paulus,
1453 775 1504 803 ac
1522 761 1800 817 superiorem

165 839 368 885 animum
391 839 450 882 ad
469 846 718 891 creaturas,
746 852 852 894 «per
872 852 1012 888 arma,
1037 836 1200 892 inquit,
1226 836 1442 889 iustitiae,
1469 853 1494 880 a
1515 838 1685 881 dextris
1708 847 1753 882 et
1776 854 1802 881 a

166 915 375 978 sinistris,
400 930 480 972 per
506 915 698 972 gloriam
724 921 772 959 et
798 914 1148 971 ignobilitatem,
1179 929 1260 970 per
1289 914 1521 957 infamiam
1554 923 1599 957 et
1636 917 1801 958 bonam

167 981 332 1037 famam
368 995 428 1038 ἰ).
454 994 511 1035 Et
539 992 662 1035 alibi:
696 993 823 1048 «Ego
850 992 971 1036 enim
994 991 1131 1034 didici
1159 990 1206 1033 in
1239 990 1405 1047 quibus
1436 1006 1537 1034 sum
1570 991 1802 1036 sufficiens

165 1083 284 1122 3823,
316 1069 414 1114 scio
443 1076 491 1113 et
525 1068 769 1121 humiliari,
808 1068 903 1112 scio
939 1076 986 1112 et
1022 1068 1273 1120 abundare,
1312 1068 1387 1110 vbi
1426 1078 1470 1112 et
1506 1068 1552 1110 in
1591 1068 1803 1111 omnibus

165 1135 403 1191 institutus
422 1161 542 1200 sum,
571 1154 619 1191 et
645 1145 816 1198 satiari,
840 1153 887 1190 et
913 1145 1106 1197 esurire,
1136 1152 1182 1189 et
1210 1146 1459 1198 abundare,
1492 1153 1537 1189 et
1566 1145 1801 1201 penuriam

126 1235 129 1237 ’
164 1223 260 1282 pati
283 1222 348 1269 ’.υ
380 1225 510 1268 Haec
541 1223 652 1267 satis
679 1224 821 1266 multa
854 1238 911 1267 ex
948 1222 1185 1279 scripturis
1216 1223 1274 1265 ad
1305 1230 1506 1265 nostram
1541 1222 1800 1265 conclusio-

165 1315 271 1345 nem
292 1301 368 1353 177
383 1301 757 1344 confirmandam.

254 1378 324 1422 2.⁰
354 1378 498 1435 probo
519 1378 725 1421 eamdem
748 1393 805 1422 ex
826 1377 967 1420 sacris
988 1377 1252 1420 doctoribus
1272 1385 1291 1402 ²
1316 1378 1325 1433 1

253 1454 326 1501 178
350 1455 414 1511 3.⁰
435 1456 537 1499 loco
557 1470 615 1499 ex
637 1454 811 1498 ratione
828 1462 952 1498 recta
967 1463 1280 1511 argumentor.
1302 1454 1426 1498 Finis
1443 1462 1511 1498 est
1531 1463 1624 1497 tota
1641 1468 1796 1505 causa,

164 1540 463 1590 quapropter,
502 1546 619 1587 quae
651 1539 758 1575 sunt
786 1533 844 1576 ad
870 1533 1026 1584 finem,
1058 1539 1353 1588 appetantur3
1391 1540 1436 1575 at
1472 1540 1705 1575 creaturae
1742 1532 1799 1574 ad

163 1611 314 1654 Deu'm
337 1616 565 1666 spectant,
591 1617 808 1665 tanquam
830 1610 888 1652 ad
909 1610 1063 1662 finem3
1092 1616 1187 1652 tota
1208 1609 1350 1666 igitur
1371 1609 1501 1660 ratio,
1522 1617 1799 1664 quapropter

163 1687 237 1732 vel
253 1686 484 1744 eligantur
500 1687 574 1730 vel
590 1686 870 1739 reiiciantur,
889 1688 1019 1731 Deus
1034 1694 1104 1730 est
1121 1700 1175 1730 ac
1191 1686 1279 1731 Dei
1296 1687 1525 1729 voluntas.
1549 1686 1638 1729 Vbi
1656 1685 1798 1741 igitur

162 1763 342 1820 ignoro,
365 1760 457 1806 non
479 1763 626 1808 debeo
647 1764 704 1807 ad
727 1777 862 1807 vnam
885 1763 1033 1820 magis
1052 1778 1187 1820 quam
1218 1764 1275 1806 ad
1297 1763 1429 1806 aliam
1464 1763 1597 1815 affici;
1635 1763 1797 1819 ignoro

162 1847 315 1885 autem
347 1840 436 1886 Dei
458 1841 756 1895 voluntatem,
788 1841 864 1884 vbi
892 1842 1067 1884 nullum
1104 1842 1252 1884 habeo
1290 1848 1596 1897 praeceptum:
1637 1855 1793 1896 quare,

90 1940 95 1942 ·
161 1925 408 1974 antequam
429 1919 487 1962 ad
507 1933 644 1962 vnam
662 1918 815 1975 potius
830 1933 965 1975 quam
985 1919 1043 1962 ad
1059 1919 1192 1962 aliam
1209 1926 1383 1975 partem
1410 1918 1419 1976 Ι
1446 1917 1675 1970 inclinem,
1696 1919 1796 1961 lon—

159 2009 223 2052 ge
248 1984 412 2039 melius
439 2002 510 2040 est
537 2010 592 2039 ac
618 1995 767 2053 magis
794 1995 1103 2056 conducibile,
1134 2003 1331 2052 purgata
1363 2005 1530 2047 mente,
1562 1996 1619 2038 ad
1647 1997 1796 2039 Deum

160 2072 491 2116 consulendum
528 2087 610 2129 per
639 2073 891 2117 orationem
929 2073 1163 2125 accedere,
1196 2073 1415 2117 adhibere
1453 2076 1525 2129 pia
1562 2072 1793 2124 exercitia,

160 2149 455 2206 euangelicas
482 2149 817 2201 meditationeS,
842 2164 1077 2193 censorem
1101 2158 1336 2206 praeterea
1373 2158 1510 2205 atque
1548 2149 1796 2192 instructo—

161 2239 276 2279 rem,
300 2225 466 2271 necubi
488 2226 652 2282 quauis
679 2227 950 2284 deceptione
977 2227 1244 2271 caecutiam.
1271 2229 1405 2283 Quae
1427 2236 1495 2270 est
1518 2241 1694 2269 summa
1711 2241 1794 2268 no-

159 2308 282 2348 strae
310 2302 451 2347 huius
487 2303 826 2361 propositionis,
859 2311 999 2360 atque
1025 2305 1140 2362 adeo
1168 2312 1425 2348 nostrorum
1456 2303 1789 2347 exercitiorum.

250 2378 326 2425 179
348 2380 657 2424 Confirmatur
679 2380 795 2424 ratio
814 2383 945 2434 haec3
964 2396 1086 2432 nam,
1106 2395 1210 2424 cum
1232 2381 1453 2426 creaturis
1475 2381 1691 2424 vtendum
1716 2379 1790 2431 sit,

160 2469 253 2499 non
274 2455 534 2510 fruendum,
559 2457 684 2501 nulla
705 2457 826 2502 enim
844 2457 986 2501 maior
1001 2465 1071 2501 est
1087 2452 1364 2514 peruersitas
1383 2465 1444 2513 ,vt
1462 2456 1608 2511 inquit
1626 2458 1793 2512 Augu--

127 2523 132 2526 ’
158 2532 322 2590 stinus)
344 2547 480 2590 quam
503 2533 591 2578 frui
618 2534 816 2587 vtendis,
841 2535 912 2578 vel
942 2534 1008 2578 vti
1030 2535 1235 2580 fruendis
1264 2537 1295 2577 ³.
1324 2535 1459 2579 Solus
1481 2535 1632 2576 autem
1658 2547 1793 2575 verus

157 2611 287 2674 Deus
313 2618 400 2664 est,
424 2625 516 2667 quo
536 2611 781 2655 fruendum
803 2620 888 2656 est.
926 2613 1119 2656 Constat
1141 2607 1282 2669 igitur
1311 2612 1529 2654 rationem
1553 2625 1662 2652 vsus
1685 2609 1791 2652 inde

206 2737 247 2774 '⁸
293 2745 480 2793 Inmarg.
505 2748 603 2783 haec
625 2747 779 2784 notavit
804 2748 911 2785 Nat.:
943 2749 1246 2795 Relinquantur
1278 2758 1295 2793 ς
1323 2751 1394 2783 aut
1425 2757 1451 2790 4
1473 2746 1598 2793 folia.
1632 2746 1688 2780 Ex
1720 2747 1791 2780 hac

120 2816 135 2852 ’ἑ
156 2803 497 2842 animadversione
513 2812 555 2842 et
571 2818 622 2843 ex
639 2808 851 2844 omissione
868 2814 1189 2855 argumentorum
1207 2819 1257 2843 ex
1275 2807 1395 2843 sacris
1414 2805 1652 2850 doctoribus,
1678 2805 1791 2839 intel

154 2861 294 2910 ligitur
309 2875 380 2900 cur
402 2864 607 2913 reliquerit
630 2872 767 2902 auctor
788 2866 872 2903 fere
896 2872 999 2903 totas
1025 2867 1188 2914 paginas
1216 2875 1281 2911 177
1307 2873 1346 2902 et
1374 2874 1466 2910 177v
1492 2875 1647 2910 vacuas,
1680 2869 1723 2898 ut
1749 2863 1788 2898 in

154 2921 297 2959 iisdem
314 2923 466 2960 seilicet
481 2929 618 2972 postem
643 2925 835 2962 scriberet
857 2926 924 2962 ina
948 2932 1193 2973 argumenta
1213 2937 1313 2973 quae
1338 2924 1493 2960 tandem
1512 2935 1591 2959 non
1608 2922 1783 2968 scripsit.

226 3022 239 3044 ¹
289 3023 327 3060 11
342 3023 465 3069 Con„
483 3025 606 3073 VI,7,
623 3026 663 3063 8.
1049 3030 1064 3050 ³
1115 3028 1291 3069 Prima,
1310 3027 1413 3070 IV‚1

224 3083 241 3103 ⁸
289 3083 349 3120 De
364 3084 474 3122 civit.
494 3085 589 3130 Dei,
605 3085 675 3122 lib.
694 3087 763 3132 XI,
782 3098 867 3134 cap.
888 3087 1016 3123 XXV.

329 3147 449 3178 Erm.
470 3149 512 3178 P.
536 3149 672 3186 Naum..
690 3158 772 3180 τοιι.
794 3151 859 3180 lv,
1573 3150 1607 3176 54
