2098 3470
298 243 370 278 602
773 242 927 278 PATms
955 243 1197 278 Hissnonvm
1223 242 1373 277 NADAL

254 343 544 400 exigendam,
570 343 814 400 negocium
836 345 970 387 detur
992 343 1126 386 alicui
1150 351 1354 395 externo,
1379 344 1436 388 de
1459 358 1549 399 quo
1571 344 1690 387 bona
1706 344 1764 388 sit
1780 359 1884 401 spes

253 421 351 465 fore
383 421 505 476 quod
536 420 802 477 diligentem
835 436 888 465 ea
921 421 966 463 in
1000 435 1048 463 re
1081 435 1128 464 se
1161 422 1376 476 praebeat
1409 420 1496 465 629
1528 428 1573 464 et
1605 421 1744 463 fidum
1778 435 1882 465 cum

253 498 531 541 authoritate
554 497 785 553 literisque
806 497 1130 554 procuratoriis
1152 497 1410 551 Societatis,
1435 498 1512 552 qui
1539 498 1759 555 singulari
1786 514 1883 542 mo-

250 574 487 618 deramine
510 588 689 617 omnem
711 589 893 630 operam
919 573 1167 626 adhibebit,
1194 574 1436 629 omniaque
1458 575 1713 631 experietur
1736 576 1885 620 media

252 659 318 703 vt,
344 651 535 694 aliorum
557 665 660 694 cum
685 651 1014 702 aedificatione,
1041 659 1337 714 recuperetur
1354 653 1479 706 quod
1501 653 1701 707 legatum
1726 653 1882 697 Socie-

253 728 334 771 tati
358 728 442 771 fuit
464 729 536 771 vel
559 729 794 772 donatum.
817 730 965 784 Quam
990 730 1036 770 in
1059 742 1172 782 rem,
1191 729 1299 770 dum
1323 729 1379 771 de
1396 729 1718 784 recuperandis
1739 730 1884 772 dona-

253 805 310 847 tis
332 805 405 849 vel
426 805 593 861 legatis
619 805 771 862 agitur
794 805 985 848 iuridice
1015 818 1067 846 ac
1096 804 1310 860 litigiose,
1344 805 1412 848 vel
1443 806 1628 848 omnino
1652 806 1709 848 ad
1731 806 1881 850 soren-

254 896 348 926 sem
373 881 567 937 aliquam
602 897 802 934 causam,
839 883 991 924 nullus
1013 897 1038 924 e
1071 881 1301 926 Societate
1332 895 1433 926 sese
1463 882 1658 938 ingerat:
1693 883 1815 938 quod
1847 883 1884 926 si

253 961 499 1003 vehemens
521 959 670 1015 aliqua
692 959 940 1004 necessitas
962 959 1007 1000 id
1029 953 1274 1015 flagitaret,
1300 959 1442 1014 possit
1463 959 1626 1014 aliquis
1647 959 1704 1002 de
1726 959 1884 1004 Socie-

255 1042 347 1080 tate
364 1049 470 1079 cum
487 1036 591 1091 illis,
611 1037 732 1092 apud
751 1051 865 1092 quos
882 1036 936 1079 lis
954 1036 1121 1092 agitur,
1142 1035 1354 1092 priuatim
1372 1050 1526 1092 agere,
1541 1050 1658 1091 quae
1675 1036 1884 1081 videren-

254 1120 328 1156 tur
349 1113 556 1166 dicenda‚
582 1115 718 1157 modo
739 1113 920 1170 publice
943 1113 988 1155 in
1011 1112 1178 1156 iudicio
1201 1113 1354 1156 nullus
1375 1128 1400 1156 e
1421 1113 1587 1156 nostris
1608 1121 1883 1169 compareat,

232 1191 334 1254 ⁴sed
357 1198 622 1246 procurator
643 1191 896 1234 dumtaxat.

909 1323 971 1352 DE
998 1323 1228 1352 NEGOTIIS

343 1421 447 1464 Non
469 1421 519 1463 fit
540 1428 701 1464 contra
723 1422 942 1478 regulam,
968 1435 1086 1477 quae
1108 1420 1314 1477 prohibet
1338 1421 1426 1466 63⁰
1448 1421 1546 1478 geri
1567 1437 1593 1465 a
1615 1421 1782 1465 nostris
1802 1437 1880 1466 ne-

254 1497 387 1551 gocia
409 1498 646 1550 secularia,
671 1499 850 1541 etiamsi
878 1499 951 1554 pia
981 1499 1086 1551 sint,
1119 1498 1156 1541 si
1194 1498 1294 1554 quis
1332 1499 1484 1552 alicui,
1516 1513 1651 1554 quem
1688 1499 1887 1543 confidat

254 1577 350 1619 fore
371 1574 418 1617 in
441 1589 663 1631 pauperes
693 1575 1049 1627 misericordem,
1074 1575 1174 1618 siue
1202 1575 1321 1619 illius
1349 1575 1503 1618 audiat
1533 1575 1883 1628 confessionem,

253 1652 354 1696 siue
375 1666 467 1694 non
491 1651 665 1704 audiat,
690 1653 976 1696 commendet
999 1660 1047 1694 vt
1070 1654 1147 1695 det
1168 1654 1242 1696 vel
1264 1653 1447 1695 aliunde
1463 1652 1674 1695 conficiat
1689 1653 1885 1696 eleemo—

255 1744 413 1784 synam
438 1743 519 1786 pro
547 1728 839 1785 pauperibus;
874 1731 1008 1773 modo
1037 1731 1354 1785 eleemosynae
1381 1729 1470 1772 illis
1498 1729 1772 1786 pauperibus
1793 1744 1886 1772 non

253 1821 333 1862 per
355 1813 535 1850 nostros
557 1805 903 1859 distribuantur3
930 1822 1046 1862 quae
1069 1814 1222 1851 tamen
1251 1806 1548 1862 intelligenda
1575 1813 1699 1858 sunt,
1725 1806 1762 1849 si
1784 1806 1887 1861 quis

254 1884 419 1926 habeat
441 1898 467 1931 a
489 1897 573 1926 suo
594 1883 828 1939 superiore
850 1898 948 1928 eam
973 1884 1253 1935 facultatem,
1285 1883 1383 1926 siue
1406 1883 1452 1926 in
1475 1883 1694 1939 generali,
1719 1883 1818 1926 siue
1838 1883 1884 1925 in

253 1959 530 2015 particulari,
555 1961 612 2002 de
633 1959 721 2003 illis
744 1961 880 2004 rebus
904 1960 1140 2004 tractandi.

683 2093 745 2122 DE
770 2093 1044 2123 BENEFICIIS
1068 2092 1456 2123 ECCLESIASTICIS

343 2191 573 2234 Beneficia
595 2206 653 2235 ne
676 2191 952 2247 recipiantur
975 2207 1001 2235 a
1022 2192 1206 2244 nostris,
1233 2191 1361 2248 quasi
1384 2190 1429 2233 in
1457 2190 1733 2247 depositum,
1757 2199 1803 2235 et
1831 2199 1885 2254 yt

254 2267 369 2311 solet
389 2266 479 2310 dici
499 2268 546 2310 in
567 2268 906 2320 confidentiam,
931 2277 989 2317 vt,
1009 2268 1182 2312 scilicet
1203 2268 1277 2311 alii
1305 2268 1529 2324 accipiant
1558 2269 1732 2311 fructus
1753 2275 1799 2311 et
1827 2269 1883 2311 ad

255 2359 412 2393 eorum
434 2346 716 2388 voluntatem
738 2345 1047 2401 resignentur,
1072 2345 1238 2400 quibus
1260 2353 1305 2388 et
1328 2346 1510 2400 quando
1531 2344 1688 2388 velint.

346 2421 546 2464 Professi
568 2421 640 2466 vel
663 2421 967 2474 coadiutores,
993 2422 1214 2466 beneficia
1238 2436 1322 2466 nec
1345 2421 1416 2466 631
1447 2421 1647 2477 recipere
1675 2429 1880 2477 possunt,

255 2512 340 2542 nec
377 2497 603 2542 sustinere
639 2498 968 2555 possessionem
1008 2513 1183 2550 eorum,
1225 2498 1262 2541 si
1299 2513 1433 2553 quam
1477 2499 1745 2551 habuerant;
1789 2498 1880 2550 alii,

254 2576 390 2619 etiam
419 2575 457 2618 si
485 2576 685 2619 habeant
713 2582 833 2627 vota,
859 2583 1049 2631 possunt
1079 2575 1259 2631 quidem
1299 2575 1523 2618 sustinere
1553 2574 1881 2631 possessionem

257 2667 432 2708 eorum,
458 2667 575 2708 quae
596 2653 783 2704 habent,
808 2653 952 2697 donec
975 2660 1160 2696 censeat
1181 2654 1402 2710 superior3
1428 2667 1549 2695 noua
1569 2651 1770 2708 recipere
1791 2667 1881 2694 non

255 2737 463 2786 possunt,
489 2728 578 2773 nisi
600 2730 729 2784 siqua
750 2729 857 2781 sint,
883 2731 939 2772 ad
963 2744 1079 2786 quae
1111 2730 1182 2773 ius
1209 2730 1392 2785 aliquod
1420 2729 1527 2785 ipsis
1563 2737 1789 2785 competat
1815 2729 1883 2771 le-

256 2805 502 2862 gittimum.
536 2807 653 2850 Nam
682 2814 838 2848 votum
867 2806 1145 2862 paupertatis
1173 2807 1362 2862 simplex
1391 2806 1435 2848 in
1473 2805 1559 2858 his,
1588 2805 1763 2850 etiarnsi
1791 2819 1880 2847 non

256 2882 403 2938 priuet
426 2883 525 2927 iure
545 2883 618 2927 vel
640 2883 867 2939 praesenti
888 2884 961 2925 vel
991 2884 1161 2937 futuro,
1187 2883 1223 2926 si
1247 2884 1370 2939 quod
1390 2884 1604 2936 habeant,
1630 2883 1687 2925 ad
1708 2882 1881 2926 benefi—

255 2959 340 3012 cia,
380 2974 552 3003 nouum
589 2960 660 3003 ius
696 2959 934 3015 adquirere
971 2967 1117 3012 vetat;
1143 2959 1419 3016 proprietate
1447 2960 1519 3004 vel
1556 2958 1782 3015 praesenti
1809 2958 1887 3001 vel

255 3035 409 3080 debita
430 3051 486 3079 ex
507 3036 606 3080 iure
627 3035 854 3093 praesenti
882 3050 973 3078 non
1002 3036 1167 3091 priuat;
1194 3050 1328 3088 noua,
1354 3035 1488 3079 etiam
1519 3036 1688 3088 futura,
1714 3034 1877 3097 priuat.
