2098 3470
1172 132 1197 199 ἱ

285 213 358 259 696
759 217 914 254 Parius
939 219 1183 254 Humonvm
1209 217 1361 255 NADAL

206 308 208 310 ’
238 313 450 358 Domino.
478 315 554 360 Ad
575 315 620 360 id
643 333 699 362 ex
720 318 868 374 gratia
890 319 974 363 Dei
998 319 1336 372 manuduceris,
1361 319 1398 362 si
1421 334 1475 363 eo
1498 335 1680 364 sensum
1705 322 1873 366 referes

240 398 420 435 tuarum
442 393 738 437 deuotionum
760 409 813 438 ac
835 395 1211 439 consolationum.
1576 387 1584 397 ’

327 470 377 512 In
398 470 606 526 legendis
627 471 750 515 horis
773 472 1019 523 canonicis,
1046 471 1229 527 psalmis
1252 472 1532 528 praesertim,
1558 473 1720 516 indues
1737 472 1869 517 Chri-

241 546 298 588 sti
322 560 577 602 personam,
603 549 690 591 hoc
710 556 796 601 est,
821 548 1053 592 Christum
1078 548 1242 604 ipsum,
1267 557 1317 590 vt
1338 549 1383 591 in
1402 549 1478 592 illo
1500 556 1643 605 petas,
1669 549 1870 606 patiaris,

240 629 404 678 potens
431 623 508 676 sis,
541 624 670 680 quasi
698 625 793 682 ipse
822 625 866 668 in
906 632 948 668 te
985 626 1214 680 loquatur,
1249 640 1301 668 ac
1335 633 1384 668 tu
1422 626 1468 668 in
1496 625 1594 682 ipso
1630 626 1676 669 in
1714 625 1874 683 spiritu

241 706 417 753 sanct0,
443 704 513 747 123
533 700 672 745 indue
694 702 912 746 ecclesiae
935 716 1193 758 personam,
1218 701 1356 745 indue
1379 702 1505 755 alias,
1532 717 1646 758 quas
1667 702 1748 746 tibi
1770 717 1875 759 por-

244 776 352 833 rigit
374 792 447 822 res
468 777 621 834 ipsa...

331 853 382 896 In
404 854 501 897 dies
523 857 832 910 quaerendum
857 855 964 912 quid
988 842 1134 911 maigis
1155 857 1254 898 Deo
1277 856 1467 912 placeat,
1494 856 1630 912 idque
1652 855 1875 900 instanter

243 945 296 974 ac
319 931 496 975 fortiter
518 934 814 988 operandum.

333 1010 596 1064 Quaerebat
613 1009 792 1066 quidam
818 1010 863 1052 in
886 1009 1089 1053 oratione
1112 1024 1137 1052 a
1159 1009 1336 1066 virgine
1354 1010 1496 1054 Maria
1518 1010 1627 1065 quid
1648 1009 1735 1053 sibi
1757 1015 1878 1054 esset

244 1086 492 1142 agendum,
518 1100 610 1141 quo
632 1088 731 1131 Deo
754 1087 902 1143 magis
924 1079 1141 1142 placeret:
1168 1085 1310 1130 sensit
1328 1093 1376 1129 vt
1397 1100 1479 1142 pro
1497 1086 1679 1130 Christo
1700 1089 1876 1143 patere-

243 1168 333 1215 tur,
358 1169 405 1206 et
426 1162 472 1205 in
496 1162 667 1208 Christi
689 1163 940 1207 imitatione
970 1170 1094 1206 totus
1122 1169 1259 1206 esset:
1291 1169 1457 1219 gustus
1485 1163 1731 1208 accedebat
1757 1162 1877 1206 vitae

242 1246 381 1295 atque
403 1239 632 1283 actionum
649 1240 793 1296 Xpi...

332 1317 546 1359 Eundum
569 1316 615 1359 in
643 1316 953 1369 Germaniam,
986 1330 1091 1358 nam
1120 1316 1192 1360 vel
1223 1315 1333 1358 nihil
1361 1324 1540 1372 agetur,
1573 1323 1619 1362 et
1645 1317 1766 1359 bona
1793 1315 1878 1359 erit

244 1394 357 1436 haec
394 1393 681 1437 conl44fusio
718 1400 763 1437 et
799 1392 1075 1444 humiliatio,
1111 1392 1210 1437 siue
1247 1392 1415 1448 aliquid
1448 1393 1623 1449 agitur,
1657 1400 1703 1437 et
1735 1392 1880 1449 gloria

243 1469 329 1513 erit
351 1469 453 1522 Dei,
478 1470 551 1513 vel
573 1469 759 1513 omnino
782 1469 918 1512 faciet
939 1471 1086 1525 Xpus.
1112 1475 1162 1511 vt
1182 1476 1328 1512 morte
1356 1477 1511 1512 nostra
1537 1469 1755 1514 iuuentur
1775 1483 1879 1526 ger-

246 1546 384 1599 mani,
410 1554 456 1591 et
478 1547 524 1589 id
545 1547 626 1590 fiat
646 1547 693 1589 in
716 1554 1004 1602 peccatorum
1036 1545 1377 1602 poenitentiam:
1410 1546 1521 1590 faxit
1549 1548 1695 1602 Xpus.
1724 1553 1773 1589 vt
1800 1560 1881 1602 per

245 1623 550 1668 obedientiam
573 1623 762 1667 liceat...

338 1700 412 1745 145
445 1702 547 1744 Hoc
569 1702 708 1744 habet
731 1700 936 1744 Societas
965 1715 1020 1744 ex
1042 1700 1189 1756 gratia
1210 1700 1280 1743 sui
1307 1700 1503 1743 instituti
1525 1707 1660 1755 atque
1682 1715 1739 1744 ex
1759 1699 1882 1744 sedis

223 1762 227 1767 ⁷
247 1777 525 1835 apostolicae
546 1777 886 1834 approbatione,
913 1786 961 1820 vt
983 1792 1137 1820 curam
1161 1778 1327 1821 habeat
1348 1777 1616 1830 animarum,
1642 1778 1723 1822 sed
1751 1776 1880 1819 inde—

245 1855 390 1909 finite,
410 1855 545 1910 idque
562 1854 608 1897 in
625 1861 893 1910 paupertate
909 1862 1046 1910 atque
1063 1854 1334 1906 humilitate,
1354 1861 1404 1896 vt
1420 1853 1581 1910 religio
1598 1853 1656 1907 sit
1672 1854 1718 1897 in
1735 1854 1880 1898 eccle-

245 1933 312 1976 sia
333 1932 436 1984 Dei,
461 1946 579 1987 quae
600 1947 657 1976 ex
678 1938 800 1974 statu
824 1931 1061 1987 utriusque
1083 1930 1203 1975 vitae
1224 1937 1269 1974 et
1292 1930 1470 1975 actiuae
1492 1938 1537 1974 et
1558 1929 1871 1986 contemplati-

247 2024 349 2062 uae,
381 2016 519 2064 atque
550 2009 664 2052 adeo
692 2008 954 2064 superioris,
986 2008 1311 2064 perfectionem
1344 2007 1629 2063 polliceatur,
1663 2006 1798 2050 simul
1835 2013 1881 2050 et

247 2089 336 2131 hoc
360 2101 476 2130 onus
498 2085 746 2142 impensius
767 2086 1006 2137 sustineat,
1031 2092 1081 2127 vt
1101 2099 1211 2128 cura
1232 2099 1387 2128 earum
1409 2084 1660 2128 animarum
1681 2084 1856 2141 particu
1870 2109 1881 2115 -

246 2164 354 2208 laris
376 2178 428 2207 ac
450 2170 575 2207 certa
596 2177 688 2206 non
709 2162 843 2216 desit,
869 2177 984 2218 quae
1006 2178 1033 2206 a
1054 2162 1148 2206 suis
1171 2161 1442 2218 pastoribus,
1467 2163 1539 2205 vel
1561 2161 1878 2218 negliguntur,

247 2242 323 2286 vel
341 2248 466 2284 certe
493 2240 640 2283 iuuari
668 2254 760 2282 non
788 2246 994 2294 possunt.
1027 2240 1202 2295 Itaque,
1234 2238 1413 2282 tametsi
1445 2253 1598 2282 curam
1630 2237 1882 2281 animarum

249 2315 527 2374 non'accipit
555 2315 776 2368 Societas,
807 2316 881 2359 cui
914 2331 1051 2361 curae
1083 2315 1389 2361 ecclesiastico
1421 2315 1519 2359 iure
1550 2329 1615 2359 ea.
1635 2315 1881 2359 coniuncta

247 2402 372 2447 sunt,
413 2408 530 2450 quae
567 2408 673 2436 cum
711 2400 833 2436 statu
872 2393 1102 2449 religionis
1140 2407 1230 2435 non
1267 2399 1495 2437 constant:
1536 2391 1756 2444 redditus,
1796 2392 1881 2434 ho-

247 2487 347 2526 nor,
373 2472 447 2516 146
469 2469 719 2514 iurisdictio
746 2469 792 2512 in
821 2476 1048 2523 externos3
1075 2478 1227 2513 tamen
1250 2484 1405 2512 curam
1437 2470 1575 2512 habet
1606 2469 1664 2513 de
1695 2482 1779 2512 suo
1809 2467 1882 2511 in-

252 2550 414 2592 stituto
438 2562 662 2591 annexam
688 2546 959 2599 necessario,
985 2561 1140 2589 earum
1164 2553 1315 2589 tamen
1339 2546 1590 2588 animarum
1619 2544 1880 2602 praecipue,

252 2640 368 2682 quae
390 2640 444 2669 ea
466 2639 575 2668 cura
597 2630 705 2667 sunt
726 2622 989 2667 destitutae.

339 2702 580 2746 Vincenda
601 2707 780 2752 natura,
805 2714 896 2742 non
920 2715 974 2743 ea
996 2700 1143 2742 solum
1167 2715 1223 2744 ex
1240 2707 1383 2755 parte,
1409 2714 1498 2755 qua
1519 2699 1636 2742 male
1657 2712 1883 2755 propensa

250 2787 336 2834 est,
362 2779 442 2822 sed
465 2778 502 2822 si
524 2778 633 2834 quid
654 2778 802 2820 bonae
823 2784 840 2801 ³
862 2776 1000 2820 habet
1017 2776 1200 2830 indolis,
1221 2776 1264 2818 id
1282 2790 1464 2832 quoque
1480 2776 1525 2818 in
1544 2774 1728 2831 spiritus
1744 2774 1883 2819 liber-

250 2864 344 2902 tate
365 2855 498 2900 facile
518 2854 804 2907 mutandum,
828 2853 901 2897 vel
923 2852 1332 2906 intermittendum,
1358 2860 1407 2895 vt
1429 2852 1542 2896 alios
1570 2852 1880 2902 aedificemus,

247 2942 387 2989 atque
407 2932 560 2976 omnia
580 2930 791 2975 omnibus
812 2929 1063 2973 efficiamur
1085 2930 1132 2973 in
1155 2930 1367 2974 Domino.

322 3040 342 3056 a
391 3029 482 3063 boni
499 3038 571 3064 ms.
