2098 3470
327 287 376 321 60

276 387 577 435 consultationi,
610 394 654 426 ut
688 389 843 427 donum
875 390 1063 439 impetret

278 460 549 507 discretionis,
568 460 620 498 ad
655 462 896 499 sententiam
923 463 1062 500 dicen-

280 531 387 579 dam,
408 538 448 569 et
476 531 670 570 libertatis
697 532 749 570 ab
775 534 883 570 omni
911 533 1062 571 affectu

276 603 522 650 inordinato,
537 604 606 652 qui
621 604 905 642 rectitudinem
926 604 1061 642 indicii

273 675 316 711 in
331 674 562 712 alterutram
576 680 732 724 partem
746 676 952 713 inflectere
967 687 1061 724 pos-

275 749 351 782 set.

332 829 366 866 3.
423 816 528 854 Cum
543 816 695 864 aliquid
715 817 754 854 in
770 816 949 854 medium
963 828 1058 865 pro-

276 888 451 937 ponitur,
472 887 524 924 de
551 899 634 935 quo
660 888 710 925 sit
736 887 1057 934 deliberandum,

274 965 401 1006 curet,
420 964 465 997 ut
483 971 568 996 rem
593 958 699 996 bene
719 959 924 1008 intelligat,
945 964 1058 996 ante-

276 1042 398 1078 quam
419 1030 472 1067 de
498 1042 547 1067 ea
574 1031 816 1068 sententiam
839 1030 959 1076 dicat,
982 1041 1057 1067 nec

276 1102 326 1139 sit
345 1113 542 1150 praeceps
561 1101 602 1138 in
628 1101 804 1138 dicendo
832 1101 944 1149 quod
966 1113 1059 1138 sen-

277 1173 336 1220 tit,
356 1173 431 1210 nisi
464 1178 621 1210 motum
653 1172 819 1209 rationis
852 1173 891 1209 in
912 1172 1059 1210 alteru-

275 1251 378 1284 tram
398 1250 556 1293 partem
575 1245 615 1282 in
636 1255 680 1281 se
701 1244 860 1290 sentiat,
881 1256 1004 1292 quam
1020 1250 1061 1282 et

276 1317 484 1365 explicare
503 1315 684 1361 debebit,
704 1315 774 1352 ubi
795 1327 899 1363 opus
919 1321 992 1353 est.

331 1399 369 1436 4.
427 1387 532 1425 Cum
556 1392 742 1435 tempore
775 1387 957 1436 indigere
984 1387 1059 1424 sibi

284 1459 489 1498 uidebitur
507 1458 559 1495 ad
579 1457 902 1504 deliberandum,
937 1459 1059 1508 signi-

905 287 1085 324 No’rrriA
1112 297 1301 325 comeum

1134 396 1175 428 et
1194 391 1353 429 saniora
1382 392 1462 429 sint
1498 403 1638 429 eorum
1664 392 1843 440 consilia,
1872 394 1911 431 in

1135 473 1210 498 suo
1230 473 1353 499 sensu
1372 474 1454 499 non
1471 462 1588 499 nimis
1608 461 1830 502 abundent.

1189 824 1222 863 5.
1278 818 1399 864 Rem,
1437 817 1489 854 de
1526 830 1606 866 qua
1651 819 1912 866 consultatur,

1131 888 1237 926 bene
1256 890 1490 939 intelligant,
1510 902 1586 927 nec
1607 890 1686 928 sint
1710 891 1750 928 in
1771 891 1911 928 dicen-

1132 960 1186 998 do
1205 962 1460 1010 praecipites3
1480 962 1566 1008 sed,
1587 962 1752 1011 negotio
1773 973 1913 1000 secum

1131 1032 1387 1070 considerato
1408 1038 1448 1070 et
1474 1034 1656 1070 oratione
1674 1018 1910 1082 praemissa,

1118 1103 1351 1163 'praecipue
1371 1115 1463 1141 cum
1483 1103 1536 1140 de
1555 1103 1677 1141 rebus
1693 1104 1824 1153 agitur
1838 1103 1911 1140 dif-

1105 1165 1117 1187 s
1132 1174 1319 1221 ficilibus,
1335 1175 1575 1212 sententiam
1591 1186 1706 1212 suam
1720 1175 1913 1223 aperiant.

1133 1245 1257 1294 Quod
1290 1246 1323 1283 si
1355 1246 1453 1293 quid
1480 1257 1535 1283 ex
1562 1251 1746 1294 tempore
1778 1246 1913 1284 discu-

1131 1316 1317 1353 tiendum
1349 1310 1657 1368 proponeretur,
1695 1323 1735 1354 et
1769 1317 1807 1354 id
1838 1317 1914 1354 sibi

1131 1388 1325 1425 maturius
1377 1387 1720 1439 considerandum
1763 1387 1914 1425 iudica-

1131 1463 1233 1505 rent,
1253 1458 1455 1506 Superiori
1470 1458 1767 1507 significabunt.

275 1531 371 1569 ficet
386 1529 596 1578 superiori,
612 1534 688 1567 etc.

356 1602 422 1639 Ex
442 1602 518 1639 hac
539 1600 755 1638 collatione
775 1606 836 1637 sat
856 1600 960 1637 clare
987 1601 1150 1646 eruitur,
1176 1600 1337 1650 regulas
1366 1600 1656 1646 consultorum,
1677 1611 1779 1647 quas
1805 1610 1914 1637 nunc

219 1677 222 1682 ’
280 1673 493 1718 habemus,
509 1673 606 1720 jam,
622 1672 735 1720 quod
756 1671 807 1708 ad
824 1671 1103 1718 substantiam,
1120 1671 1367 1719 compositas
1384 1671 1507 1708 fuisse
1523 1676 1615 1708 ante
1631 1682 1781 1708 annum
1803 1671 1914 1717 1561,

277 1756 360 1792 quo
381 1743 466 1781 illas
486 1743 640 1781 Natalis
660 1743 699 1780 in
726 1742 976 1779 Lusitaniam
1003 1742 1176 1780 induxit.
1205 1742 1270 1779 An
1299 1747 1435 1779 autem
1460 1742 1623 1779 vivente
1649 1742 1806 1791 Ignatio
1830 1743 1915 1790 jam

278 1827 352 1853 eae
372 1815 630 1860 haberentur,
650 1813 772 1851 nobis
793 1826 875 1850 non
890 1799 1067 1851 constat.
1088 1814 1149 1851 Ac
1170 1814 1300 1862 primo
1321 1813 1486 1861 quidem
1512 1823 1558 1850 10
1575 1818 1733 1850 tanturn
1751 1813 1916 1862 regulae

278 1899 352 1935 pro
379 1885 679 1924 consultoribus
708 1886 880 1933 scriptae
907 1885 1077 1931 fuerant3
1105 1891 1248 1933 postea
1273 1897 1371 1922 vero
1398 1897 1472 1922 sex
1499 1885 1599 1922 aliae
1626 1884 1809 1933 adjectae
1829 1885 1916 1922 fue-

277 1963 369 1995 runt
389 1957 465 1995 sub
482 1958 561 1994 hoc
580 1957 710 2003 titulo,
739 1956 850 2002 ibid.‚
871 1957 937 1994 sol.
967 1966 1022 2003 2r,
1042 1957 1189 2005 posito:
1219 1956 1309 1993 «Ad
1337 1957 1514 1994 officium
1541 1956 1821 2008 consultorum¹
1841 1956 1915 1993 ad-

278 2030 426 2066 dantur
445 2030 558 2066 haec:
581 2039 595 2066 1
608 2039 639 2066 1.
655 2028 710 2065 Vt
731 2028 985 2065 consultores
1005 2040 1152 2078 magna
1173 2028 1431 2065 obseruantia
1447 2033 1602 2065 secrete
1616 2033 1794 2074 teneant,
1810 2038 1915 2075 quae

278 2112 371 2138 cum
397 2101 494 2148 ipsis
523 2104 678 2137 secrete
703 2103 988 2136 tractantur...»
1018 2104 1093 2136 etc.
1116 2099 1260 2148 Ignota
1279 2111 1435 2146 manus,
1456 2111 1562 2146 quae
1581 2110 1771 2148 magnam
1792 2099 1912 2147 hujus

278 2172 432 2210 codicis
451 2175 607 2220 partem
626 2171 823 2208 exaravit.
846 2171 928 2208 Inc.
954 2171 1023 2207 «In
1043 2171 1180 2219 primis
1200 2171 1418 2208 sincera...»
1448 2171 1544 2208 Des.
1574 2187 1635 2208 «...
1663 2170 1815 2207 habent
1841 2169 1913 2207 ad-

277 2244 521 2281 monitorem
540 2242 775 2292 generalis.»

359 2315 446 2352 Fol.
471 2325 591 2363 3r-4r‚
612 2314 870 2351 continentur
890 2313 1082 2350 nonnulla
1108 2314 1260 2351 monita
1284 2326 1358 2362 pro
1385 2312 1659 2361 superioribus
1689 2312 1914 2358 Societatis‚

279 2386 356 2424 sub
384 2387 463 2423 hoc
489 2385 618 2423 titulo:
648 2384 805 2422 «Como
832 2396 876 2427 se
902 2396 925 2421 a
951 2385 1077 2422 dauer
1097 2396 1175 2422 con
1195 2385 1256 2422 los
1277 2385 1530 2422 consultores
1550 2384 1586 2421 el
1607 2384 1826 2432 superior.»
1850 2383 1916 2420 Ex

278 2458 391 2495 hisce
409 2457 572 2494 monitis
590 2457 701 2493 varia
719 2456 960 2504 deprompta
981 2456 1141 2493 fuerunt
1161 2457 1200 2493 in
1227 2456 1491 2493 conficiendis
1516 2455 1665 2505 regulis
1694 2454 1915 2503 praepositi

277 2527 548 2577 provincialis,
568 2526 787 2576 praepositi
807 2526 954 2563 domus
970 2527 1178 2574 professae
1199 2532 1239 2564 et
1257 2527 1436 2573 rectoris,
1457 2528 1496 2563 iu
1511 2527 1586 2572 his,
1602 2537 1707 2574 quae
1723 2525 1775 2562 ad
1790 2526 1913 2563 ratio-

278 2612 372 2637 nem
402 2599 551 2649 agendi
577 2609 670 2636 cum
696 2597 995 2635 consultoribus
1021 2603 1218 2646 spectant.
1245 2598 1327 2635 Inc.
1357 2597 1586 2647 «Tengales
1613 2609 1664 2634 en
1690 2597 1788 2635 toda
1813 2596 1914 2634 obe-

281 2671 501 2719 diencia...»
526 2670 624 2707 Des.
647 2685 709 2707 «...
729 2674 842 2705 entre
862 2672 897 2705 ss
915 2669 976 2705 los
997 2669 1287 2706 consultores.»

359 2742 445 2779 Fol.
472 2741 596 2789 4r-6r,
621 2739 698 2778 sub
725 2740 803 2777 hoc
828 2740 956 2776 titulo:
986 2739 1152 2777 «Orden
1179 2752 1260 2787 que
1286 2740 1323 2777 el
1349 2740 1391 2777 P.
1418 2740 1536 2778 Mtro.
1565 2739 1697 2776 Nadal
1731 2739 1843 2776 dexo
1879 2731 1916 2776 al

279 2814 319 2852 P.
341 2813 524 2861 Goncalo
545 2800 729 2858 Aluarez,
749 2816 924 2848 maestro
945 2811 997 2847 de
1023 2812 1208 2848 nouicios
1234 2823 1282 2848 en
1312 2810 1541 2849 Coimbra.»
1569 2811 1715 2849 Similis
1742 2822 1833 2848 esse
1858 2811 1918 2848 vi-

278 2873 409 2931 detur,
435 2884 547 2932 quod
573 2883 626 2921 ad
652 2882 918 2920 substantiam
943 2883 1096 2928 attinet,
1125 2882 1178 2919 illi
1207 2883 1336 2919 ordini
1368 2895 1442 2931 pro
1476 2883 1637 2920 novitiis
1663 2894 1686 2920 a
1711 2882 1750 2920 S.
1784 2882 1918 2919 Fran-

279 2957 389 2994 cisco
410 2956 557 3005 Borgia
581 2954 791 3000 adornato,
811 2953 863 2990 de
883 2965 965 3000 quo
987 2953 1165 2990 diximus
1194 2954 1233 2990 in
1254 2954 1527 3002 descriptione
1553 2952 1711 2991 Codicis
1737 2953 1859 2991 Vatic.
1879 2950 1915 2998 ό,

278 3028 319 3065 ff.
342 3034 531 3076 207-''210.
552 3025 613 3063 Ibi
633 3031 769 3063 autem
787 3024 911 3062 latino
932 3035 1131 3070 sermone;
1153 3025 1216 3061 hic
1233 3030 1368 3062 autem
1384 3025 1592 3072 hispanice
1608 3025 1780 3073 scriptus
1795 3036 1914 3073 repe-

279 3099 387 3137 ritur.
416 3099 498 3136 Inc.
528 3097 616 3134 «En
643 3095 986 3145 despertandosse
1011 3095 1334 3133 leuantensse...»
1364 3096 1460 3133 Des.
1490 3112 1550 3134 «...
1577 3095 1644 3132 del
1670 3095 1850 3133 ministro
1877 3095 1917 3132 ni
