2098 3470
332 295 398 331 132
799 299 955 336 Purus
981 301 1225 337 HmRoNYMi
1252 301 1403 336 NADAL

281 397 342 440 tia
364 405 411 440 et
432 398 670 451 charitate,
698 414 781 442 nos
804 400 924 443 illam
948 409 1126 457 praeter
1149 402 1376 454 meritum,
1402 401 1531 446 aliter
1559 416 1692 457 quam
1712 378 1771 445 ‘tu
1810 403 1925 447 sen-'

280 475 381 527 tias,
415 475 719 532 interpretari3
745 478 972 521 bullarum
1009 478 1252 523 autoritate
1291 486 1333 522 te
1372 478 1469 530 niti,
1503 493 1559 522 ex
1597 479 1733 522 bullis
1765 487 1809 523 te
1838 486 1917 523 tua
1962 512 1965 517 v

281 560 554 608 argumenta
576 553 808 610 colligere.
836 554 954 598 Vide
979 569 1088 598 uero
1111 563 1177 608 tu,
1205 557 1256 598 P.
1286 555 1535 608 Bobadilla,
1557 570 1691 611 quam
1714 571 1802 599 non
1832 556 1915 599 im·

281 629 440 673 merito
470 637 620 673 tecum
649 645 854 687 agamus.
890 631 1093 675 Primum
1117 632 1300 688 quidem
1326 646 1410 676 nec
1432 632 1587 688 primis
1610 633 1746 676 sociis
1771 633 1919 677 Patris

281 706 446 763 Ignatii
460 708 570 749 dant
587 707 876 766 autoritatem
894 709 1046 753 bullae
1063 709 1351 765 gubernandi
1368 708 1658 762 Societatem,
1674 710 1798 765 quod
1815 710 1916 753 luce

280 783 364 826 erit
387 783 552 826 clarius
574 783 652 827 ubi
675 785 999 840 perorauerim.
1032 786 1170 841 Quod
1198 785 1236 828 si
1263 784 1350 829 illis
1377 786 1535 829 darent
1564 786 1700 843 (quod
1728 800 1819 829 non
1849 787 1915 830 fa·

280 860 419 916 ciunt)
444 860 525 903 tibi
548 868 698 904 tamen
723 876 814 904 non
837 863 1012 924 darent,
1038 877 1122 905 nec
1146 863 1254 906 dare
1275 862 1674 918 possent,·homini
1711 877 1766 906 eo
1797 863 1919 907 uitae

279 939 487 993 exemplo
510 938 556 980 in
574 937 820 991 Societate,
840 953 895 983 eo
911 939 1099 991 ambitu,
1122 947 1170 982 ut
1188 940 1312 982 solus
1328 954 1354 983 e
1371 939 1526 995 primis
1544 941 1794 982 contendas
1812 953 1912 984 esse

279 1015 575 1070 gubernator,
599 1015 770 1058 homini
802 1023 1035 1072 praeterea
1058 1023 1148 1059 tam
1172 1016 1385 1059 seditioso
1402 1025 1447 1059 et
1469 1016 1688 1072 inquieto,
1714 1023 1764 1059 ut
1784 1017 1912 1061 solus

279 1091 604 1146 quietissimam
626 1106 679 1135 ac
701 1093 989 1137 tenerrimam
1012 1093 1285 1138 Societatem
1308 1092 1414 1135 boni
1437 1087 1719 1136 consulueris
1736 1107 1789 1136 ac
1806 1108 1910 1150 pro-

282 1168 462 1212 uaueris
479 1183 504 1211 a
523 1168 688 1212 Pontio
704 1170 760 1212 ad
783 1185 887 1214 eum
904 1184 1005 1214 esse
1021 1171 1216 1213 delatam
1234 1185 1459 1221 summum
1479 1169 1757 1226 pontificem,
1779 1185 1912 1226 quem

280 1252 328 1288 tu
349 1253 429 1288 tuo
447 1253 493 1288 et
510 1245 711 1289 eiusdem
737 1246 888 1289 Pontii
913 1246 1170 1290 testimonio
1187 1246 1340 1289 dixisti
1357 1254 1402 1290 et
1418 1245 1636 1302 scripsisti
1653 1247 1913 1290 destructu-

280 1337 380 1365 rum
398 1337 498 1366 esse
516 1322 806 1375 Societatem,
825 1323 861 1366 si
876 1331 1043 1379 posset.
1065 1324 1236 1367 Verum
1254 1325 1367 1367 haec
1385 1323 1494 1365 nihil
1513 1323 1618 1374 sint,
1635 1330 1681 1367 et
1697 1330 1740 1367 te
1756 1324 1828 1367 uel
1841 1337 1911 1367 so-

278 1401 389 1451 lum,
413 1400 482 1443 uel
503 1398 654 1451 etiam,
681 1399 719 1442 si
742 1399 871 1452 uelis,
896 1399 1145 1443 solitarium
1168 1401 1445 1456 proclament
1467 1400 1619 1443 bullae
1636 1413 1791 1443 omnes
1813 1414 1912 1445 esse

280 1477 632 1533 gubernatorem
650 1491 731 1532 per
747 1476 983 1529 iustitiam3
1005 1477 1120 1519 adde
1137 1477 1259 1532 quod
1277 1491 1435 1520 omnes
1453 1483 1679 1532 quotquot
1694 1475 1741 1519 in
1758 1477 1911 1521 Socie-

280 1560 373 1598 tate
390 1553 589 1596 uiuimus
605 1568 786 1596 oremus
805 1561 849 1597 te
867 1561 1003 1608 atque
1019 1555 1326 1606 obsecremus,
1340 1561 1389 1596 ut
1407 1560 1560 1597 noster
1575 1566 1676 1598 esse
1693 1553 1806 1596 uelis
1823 1568 1886 1610 gu
1897 1580 1913 1586 w

282 1632 509 1682 bernator,
538 1632 590 1673 P.
618 1630 869 1683 Bobadilla3
894 1637 1014 1674 esset
1038 1638 1188 1674 tamen
1210 1630 1315 1672 mali
1347 1630 1539 1686 exempli
1571 1630 1705 1673 auide
1728 1638 1772 1674 te
1794 1630 1905 1673 arri-

278 1722 385 1763 pere
406 1706 734 1760 monarchiam,
760 1722 850 1750 non
869 1721 1096 1761 recusare,
1122 1716 1214 1751 n'on
1237 1707 1350 1750 alios
1372 1707 1453 1749 tibi
1474 1709 1715 1763 praeferre.
1738 1708 1900 1752 Offen-

278 1785 420 1836 deret,
446 1784 533 1827 nisi
556 1792 600 1827 te
621 1785 796 1828 diceres
817 1784 1058 1841 indignum
1082 1798 1136 1828 eo
1157 1799 1362 1838 munere,
1389 1791 1434 1829 te
1453 1799 1539 1827 non
1560 1785 1908 1846 esse'uersatum

280 1861 325 1904 in
350 1861 594 1906 Societatis
615 1861 841 1914 instituto,
867 1862 948 1906 sed
969 1862 1015 1905 in
1038 1861 1137 1905 aliis
1159 1847 1372 1918 negotiis,
1398 1861 1509 1904 nihil
1545 1861 1728 1905 nouisse
1754 1862 1811 1904 de
1841 1862 1911 1904 in-

279 1938 455 1982 stituto.
496 1938 706 1994 Denique
743 1939 1090 1983 offenderentur
1121 1953 1294 2004 omnes,
1328 1938 1367 1981 si
1402 1953 1494 1981 non
1523 1939 1814 1993 confirmares
1847 1946 1908 1992 te,

279 2015 365 2058 nisi
389 2022 616 2068 coactum,
642 2030 736 2058 non
758 2029 858 2058 esse
880 2022 970 2058 tam
1004 2030 1147 2072 graue
1174 2016 1353 2071 pondus
1381 2022 1689 2071 accepturum.
1716 2016 1912 2058 Lederes

279 2092 419 2148 igitur
442 2100 491 2135 tu
515 2091 696 2147 quidem
719 2092 926 2149 grauiter
949 2099 1090 2134 totam
1120 2092 1396 2136 Societatem
1420 2099 1499 2135 tuo
1526 2092 1750 2148 exemplo,
1775 2099 1911 2148 atque

278 2170 390 2212 adeo
412 2183 592 2213 omnem
616 2168 883 2236 religionem
912 2168 1206 2212 monasticam
1235 2183 1326 2211 non
1363 2168 1524 2213 leuiter
1553 2169 1825 2240 offendereS,
1853 2169 1909 2220 si,

278 2246 662 2300 quemadmodum
685 2245 898 2299 diximus,
924 2245 1144 2290 modestia
1174 2253 1219 2290 et
1247 2245 1500 2289 humilitate
1528 2245 1795 2301 dignitatern
1820 2260 1911 2288 non

281 2337 530 2366 recusares,
558 2324 622 2366 At
649 2323 757 2367 uero
786 2331 835 2365 tu
865 2322 974 2378 quid
1001 2322 1132 2365 facis?
1161 2323 1331 2365 Contra
1360 2321 1430 2364 ius
1462 2336 1720 2374 commune,
1755 2329 1913 2365 contra

281 2400 352 2443 ius
374 2401 599 2443 bullarum
633 2406 908 2452 nostrarum,
935 2414 982 2443 re
1006 2414 1087 2455 per
1117 2406 1256 2442 totam
1294 2398 1525 2442 ciuitatem
1563 2398 1808 2455 publicata,
1833 2414 1913 2455 per

281 2478 546 2530 aduocatos,
571 2491 650 2532 per
680 2476 1029 2528 iureconsultos‚
1055 2490 1134 2532 per
1162 2476 1352 2530 iudices,
1387 2475 1597 2518 omnibus
1624 2483 1670 2519 et
1702 2475 1914 2519 Patribus

280 2562 326 2599 et
353 2562 371 2580 ὃ
400 2554 614 2597 fratribus
643 2553 887 2598 Societatis
914 2553 1085 2605 inuitis,
1120 2552 1441 2604 abnuentibus,
1477 2552 1908 2604 contradicentibus,

283 2631 502 2674 acerrime
523 2631 648 2674 solus
669 2629 908 2673 contendis
931 2644 1031 2673 esse
1063 2629 1343 2686 gubernator
1374 2644 1452 2685 per
1488 2628 1720 2672 iustitiam.
1747 2631 1912 2672 Nonne

283 2710 374 2751 hoc
392 2715 460 2752 est
478 2707 667 2751 monstri
685 2706 851 2750 simile?
863 2708 1026 2750 Nonne
1043 2708 1129 2750 hoc
1140 2713 1209 2750 est
1222 2706 1343 2748 omni
1358 2705 1691 2749 abominatione
1703 2705 1914 2762 dignum?

283 2786 447 2829 Nonne
468 2786 554 2827 hoc
575 2791 644 2827 est
666 2783 918 2828 certissima
936 2783 1151 2839 pernities
1172 2789 1218 2826 et
1239 2782 1458 2826 desolatio
1481 2779 1740 2832 Societatis,
1761 2782 1795 2825 si
1822 2796 1912 2825 non

282 2876 460 2905 summa
483 2875 587 2904 curn
611 2860 856 2903 seueritate
878 2859 924 2902 in
947 2860 1059 2902 illud
1081 2859 1485 2912 animaduertatur,
1510 2866 1555 2902 et
1589 2866 1638 2901 tu
1667 2859 1850 2910 clames,
1874 2858 1912 2902 si

283 2939 422 2982 Chro.
449 2939 614 2995 placet,
641 2944 685 2980 te
719 2937 872 2980 uerbis
894 2936 1086 2993 opprimi
1114 2936 1300 2979 nostris?
1328 2937 1431 2980 Non
1460 2935 1726 2992 opprimeris
1762 2934 1916 2980 verbis

352 3115 369 3132 a
418 3105 574 3151 Duplex
594 3103 781 3150 particula
799 3107 836 3138 et
854 3114 875 3138 a
894 3103 1026 3139 Natali
1043 3102 1173 3138 addita
1192 3108 1265 3138 est.

2076 996 2098 1073 ἒ

2091 1076 2098 1106 l

2091 1110 2098 1169 ³
