2098 3470
308 275 354 310 62
884 275 1063 311 Nonrm
1091 283 1282 316 conicum

260 377 370 414 tione
390 388 413 414 a
429 377 550 414 sociis
569 377 876 426 pertractandis.
892 377 956 414 De
971 377 1119 414 eodem
1138 377 1232 414 vide
1253 388 1359 425 quae
1379 377 1418 414 in
1439 377 1617 415 editione
1639 377 1796 416 Codicis
1822 379 1894 417 Va-

261 448 326 486 tic.
354 455 388 498 7,
411 447 462 485 ad
483 460 605 498 pagg.
627 458 672 486 21
685 456 804 495 1-215
826 449 1011 497 ejusdem
1032 448 1198 494 codicis,
1218 448 1415 486 dicemus.
1432 449 1524 487 Hoc
1539 454 1676 487 autem
1695 440 1894 488 transum-

261 524 376 568 ptum
402 531 496 557 cum
522 521 760 569 archetypo,
779 521 920 569 paucis
940 520 1128 568 demptis,
1149 520 1384 558 concordat,

340 590 428 629 Fol.
468 591 655 638 16v-18v,
691 590 858 629 «Orden
890 591 956 628 del
988 591 1202 628 refectorio
1240 603 1264 640 y
1299 591 1470 628 seruicio
1505 591 1606 629 del.»
1648 592 1742 630 Hoc
1778 593 1894 630 titulo

260 662 472 712 designata
487 663 657 700 veniunt
676 662 878 710 quaedam
899 662 1146 700 documenta
1166 663 1343 710 practica
1363 667 1404 699 et
1428 662 1547 699 valde
1574 663 1727 700 minuta
1755 663 1807 700 de
1832 675 1895 701 ra-

259 733 370 772 tione
395 734 622 771 adornandi
651 734 879 780 triclinium,
906 733 958 770 de
984 733 1126 770 ordine
1152 734 1192 770 in
1212 734 1432 771 ministerio
1452 745 1683 771 mensarum
1703 734 1755 772 ad
1776 746 1895 783 pran-

260 805 372 842 dium
390 805 607 851 servando,
626 805 679 842 de
698 806 806 842 vasis
825 805 878 842 ad
905 810 1048 853 potum
1073 805 1330 851 adhibendis,
1358 817 1582 853 eorumque
1610 806 1789 852 materia,
1818 811 1895 844 etc.

260 875 407 914 Manus
435 876 591 913 eadem.
622 876 728 914 Utile
758 887 849 913 esse
878 876 1026 924 poterit
1053 877 1131 913 hoc
1158 876 1450 913 documentum
1475 877 1534 923 iis,
1560 877 1629 924 qui
1649 876 1702 913 de
1721 877 1897 925 antiquis

259 947 624 985 consuetudinibus
645 952 686 985 et
704 947 757 984 de
775 947 899 984 rebus
918 947 1153 984 domesticis
1173 947 1371 990 disserere
1386 947 1599 985 voluerint.
1614 948 1698 985 Inc.
1715 947 1896 994 «Senha-

260 1018 365 1056 lesse
384 1030 465 1056 una
485 1018 659 1056 tabla...»
681 1019 778 1056 Des.
803 1034 863 1055 ‹<...
885 1030 930 1054 se
950 1018 1102 1055 muden
1123 1018 1226 1055 cada
1247 1030 1447 1056 semana.›

340 1089 426 1127 Fol.
453 1090 631 1136 18v-19r,
652 1090 862 1138 catalogus
883 1089 1101 1126 exhibetur
1119 1088 1339 1126 lectionum
1359 1089 1412 1126 ad
1432 1101 1615 1126 mensam
1641 1090 1897 1138 usurpanda-

258 1173 359 1207 rum,
380 1162 551 1210 hispano
573 1172 760 1198 sermone
781 1160 857 1198 sub
878 1161 957 1198 hoc
977 1160 1104 1197 titulo:
1130 1159 1294 1198 «Orden
1315 1161 1367 1197 de
1388 1161 1426 1198 lo
1445 1173 1526 1208 que
1547 1173 1590 1198 se
1610 1162 1662 1198 ha
1678 1161 1731 1198 de
1746 1161 1830 1199 leer
1844 1173 1895 1198 en

260 1231 298 1269 la
317 1244 464 1270 mesa.»
490 1233 527 1269 N
531 1244 583 1269 on
605 1232 771 1269 omnino
790 1243 883 1269 cum
909 1243 1018 1268 novo
1046 1231 1246 1281 catalogo,
1266 1232 1308 1268 in
1327 1231 1520 1269 Instituta
1540 1231 1748 1269 Societatis
1780 1231 1895 1277 Jesu,

260 1303 337 1340 sub
370 1303 519 1353 regulis
552 1303 744 1357 praefecti
777 1303 961 1340 lectionis
991 1303 1043 1339 ad
1077 1314 1259 1340 mensam
1291 1314 1461 1349 excuso,
1495 1289 1730 1349 concordat;
1761 1304 1897 1352 plures

260 1375 368 1412 enim
388 1375 557 1412 exhibet
578 1380 777 1420 auctores,
798 1375 866 1421 qui
886 1375 926 1411 in
947 1386 1056 1411 novo
1078 1374 1265 1423 catalogo
1288 1375 1483 1422 expuncti
1504 1380 1610 1421 sunt,
1631 1380 1671 1411 et
1691 1386 1713 1411 e
1733 1379 1895 1412 contra-

261 1446 320 1484 rio
341 1447 460 1494 pauci
481 1447 635 1493 aliquot
654 1447 719 1483 hic
740 1445 1034 1492 desiderantur,
1054 1446 1123 1493 qui
1143 1446 1195 1483 ad
1221 1447 1487 1483 recentiorem
1514 1447 1743 1496 catalogum
1771 1446 1897 1483 additi

262 1522 355 1555 sunt
374 1516 397 1555 ¹.
420 1517 611 1555 Continet
626 1518 790 1565 insuper
804 1517 957 1554 monita
972 1517 1165 1554 nonnulla
1181 1516 1233 1553 de
1248 1517 1403 1554 ratione
1419 1517 1676 1566 expurgandi
1696 1517 1898 1564 quosdam

261 1585 467 1635 tractatus,
502 1589 738 1636 priusquam
767 1588 819 1625 ad
847 1587 1053 1636 publicam
1081 1588 1298 1625 lectionem
1327 1587 1607 1625 adhibeantur.
1636 1588 1696 1625 lta
1725 1599 1760 1638 e.
1789 1599 1828 1637 g.
1857 1589 1897 1625 in

254 1661 426 1698 historia
454 1660 728 1697 ecclesiastica
753 1660 971 1708 Nicephori
997 1659 1279 1696 emendandos
1306 1659 1500 1696 admonet
1519 1659 1720 1707 quosdam
1741 1671 1896 1696 errores

260 1732 300 1768 in
322 1731 373 1770 1.⁰
389 1737 430 1768 et
446 1731 501 1769 2.⁰
515 1731 617 1768 libro
633 1732 673 1768 in
688 1731 749 1778 iis,
768 1742 898 1778 «quae
914 1732 1084 1768 attinent
1098 1731 1150 1768 ad
1166 1742 1405 1780 graecorum
1426 1742 1581 1768 errores
1601 1735 1641 1768 et
1660 1731 1896 1780 apocrypha

261 1803 464 1850 quaedam
485 1803 538 1840 de
566 1803 810 1852 cognatione
837 1803 1002 1851 virginis
1027 1803 1191 1848 Mariae,
1218 1807 1258 1839 et
1284 1803 1382 1848 aliis,
1408 1803 1441 1839 si
1466 1807 1576 1839 recte
1603 1802 1898 1839 commemini.»

261 1875 320 1912 Ita
343 1874 496 1916 Natalis
525 1875 565 1911 in
585 1875 660 1911 hac
690 1875 967 1920 instructione,
997 1885 1115 1921 quae,
1144 1879 1187 1911 ut
1213 1874 1455 1921 superiores,
1489 1873 1540 1910 ab
1571 1873 1719 1910 eodem
1738 1873 1900 1910 librario

262 1950 430 1982 exarata
448 1927 545 1982 ⁴fuit.
576 1945 659 1983 Inc.
692 1934 776 1981 «Al'
793 1945 991 1993 principio
1012 1940 1063 1981 de
1090 1945 1127 1981 la
1147 1945 1360 1982 lection...»
1382 1944 1479 1981 Des.
1506 1961 1564 1982 «...
1585 1944 1707 1994 algi'm
1727 1944 1829 1981 libro
1849 1955 1899 1980 en

263 2028 492 2064 romanoe.»

340 2088 426 2125 Fol.
445 2098 628 2133 20r-2OV‚
645 2087 762 2124 adest
777 2087 996 2124 declaratio
1013 2087 1217 2134 quaedam
1233 2087 1336 2124 illius
1353 2087 1726 2134 ordinationis,.qua
1740 2087 1897 2134 praeci-

260 2159 446 2207 piebatur
463 2171 514 2196 ne
536 2159 698 2205 alumni,
718 2159 758 2195 in
778 2159 927 2195 nostris
948 2158 1091 2195 studiis
1111 2158 1250 2195 litteris
1271 2170 1437 2206 operam
1455 2163 1666 2204 navantes,
1686 2157 1738 2194 ad
1758 2157 1896 2195 Socie-

188 2268 195 2274 ,
258 2235 383 2268 tatem
416 2235 716 2278 cooptarentur,
749 2231 828 2267 hoc
861 2230 976 2267 titulo
1011 2230 1247 2278 praemisso:
1280 2229 1436 2267 «Como
1467 2241 1510 2266 se
1539 2230 1590 2266 ha
1620 2228 1847 2266 dentender
1874 2240 1898 2266 a

258 2313 375 2351 tegra
394 2301 446 2339 de
466 2305 542 2338 nao
562 2301 731 2339 receber
755 2301 992 2338 estudantes
1012 2301 1064 2338 de
1093 2313 1240 2338 nossos
1270 2301 1476 2338 estudos.»
1498 2300 1617 2337 Solus
1632 2299 1771 2337 titulus
1799 2299 1896 2336 lusi-

258 2373 394 2422 tanico
427 2384 628 2419 sermone,
658 2377 818 2410 caetera
845 2360 1052 2421 hispanice
1087 2373 1236 2420 scripta
1262 2377 1366 2409 sunt:
1395 2372 1541 2408 Manus
1567 2377 1611 2408 ut
1645 2383 1778 2419 supra.
1813 2371 1896 2408 Inc-

262 2444 454 2493 «Quanto
474 2444 497 2481 a
515 2444 553 2482 la
573 2444 749 2493 regla...»
771 2443 869 2481 Des.
892 2460 952 2481 «...
974 2444 1220 2491 instituicion
1241 2443 1307 2480 del
1327 2455 1435 2492 rey.»

341 2515 374 2552 F
378 2515 428 2553 ol.
450 2525 624 2562 21r—22r‚
645 2515 818 2552 habetur
837 2515 1045 2563 hispanice
1066 2515 1318 2562 conscriptus
1338 2514 1547 2563 catalogus
1568 2526 1714 2561 rerum,
1740 2515 1780 2551 in
1807 2514 1896 2562 qui-

260 2587 338 2624 bus
363 2579 687 2635 versari'poterit
710 2585 920 2623 meditatio
947 2586 1195 2633 quotidiana,
1221 2585 1297 2622 sub
1324 2586 1402 2622 hoc
1430 2585 1559 2622 titulo:
1589 2585 1744 2623 «Podrzi
1769 2597 1834 2622 ser
1858 2585 1896 2622 la

260 2659 426 2695 materia
441 2658 493 2694 de
509 2658 546 2694 la
561 2657 805 2695 meditacion
822 2657 1023 2694 ordinaria
1039 2657 1075 2693 la
1091 2668 1171 2704 que
1191 2668 1235 2693 se
1256 2657 1405 2705 sigue.»
1431 2657 1545 2693 Idem
1564 2657 1688 2694 latino
1709 2668 1896 2694 sermone

260 2730 300 2766 in
325 2728 418 2767 Cod.
451 2729 571 2766 Vatic.
598 2735 632 2779 7,
652 2739 746 2777 pag.
770 2728 1084 2778 560‚'reperitur.
1112 2728 1196 2765 Ine.
1225 2727 1394 2764 «Todos
1419 2728 1480 2764 los
1506 2728 1769 2766 misterios...»
1798 2727 1894 2765 Des.

265 2815 324 2838 «...
345 2801 605 2850 gouernador
624 2800 789 2837 dellas.»

342 2871 428 2909 Fol.
450 2882 643 2918 22v-23v,
656 2876 762 2918 sunt,
778 2871 949 2919 hispano
967 2871 1065 2909 item
1084 2881 1284 2916 sermone,
1299 2870 1462 2919 regulae
1481 2870 1675 2919 praefecti
1693 2869 1893 2907 valetudi-

260 2943 335 2989 nis,
355 2955 461 2990 quae
481 2944 589 2980 hunc
609 2942 768 2980 titulum
787 2941 1029 2990 praeferunt:
1054 2941 1228 2990 «Reglas
1247 2953 1344 2988 para
1365 2941 1401 2978 el
1422 2941 1673 2990 procurador
1691 2935 1802 2978 de'la
1829 2951 1894 2977 sa-

336 3091 345 3111 ¹
397 3088 457 3126 Cf.
477 3090 717 3125 [nstitutum
737 3088 945 3125 Societatis
955 3089 1055 3134 Jesu
1075 3087 1323 3133 (Florentiae,
1350 3088 1451 3133 1892,
1476 3087 1593 3134 1893),
1614 3087 1685 3134 ΙΙΙ,
1704 3095 1788 3133 144.

2088 3015 2098 3048 -μ
2093 2961 2098 3007 μ...
2075 2699 2098 2949 l..a..-..4..A„„..2..‚-.
2093 2667 2098 2688 ...
