2098 3470
341 224 411 270 684
818 227 972 263 Pan-ms
998 228 1242 264 Hmnonxm
1268 227 1420 264 NADAL
1478 213 1481 221 Β

294 325 434 369 simis:
460 326 667 383 singulae
704 328 888 371 arbores
926 327 1117 371 virtutes
1154 327 1358 384 singulas
1397 337 1736 385 repraesentent
1759 331 1858 374 tibi:
1884 331 1929 375 in

295 403 361 447 eis
384 402 583 447 animum
601 411 731 448 tuum
753 405 946 449 oblecta:
972 404 1078 447 inde
1100 412 1202 460 pete
1227 405 1417 457 fructus,
1435 405 1602 460 quibus
1618 406 1817 449 animum
1843 422 1928 450 nu-

297 479 404 523 trias
426 488 472 523 et
509 481 725 525 stabilias:
766 482 910 534 locus,
936 481 972 525 si
996 481 1121 533 libet,
1147 481 1204 524 sit
1227 481 1308 524 tibi
1331 481 1565 537 paradisus
1593 483 1834 527 terrestris:
1861 484 1931 527 di-

293 556 589 602 stinctionem
612 559 843 611 arborum,
865 558 1058 601 fontium
1081 565 1126 601 et
1147 557 1384 601 fluminum
1417 559 1624 603 describe
1651 573 1709 602 ex
1733 567 1809 604 tua
1833 575 1930 605 me-

298 633 535 687 ditatione,
560 642 610 678 vt
632 635 801 680 senties
824 651 879 679 ex
901 635 1123 678 oratione.

393 710 434 755 18
466 711 714 755 Humilitas
736 719 782 756 et
803 712 1036 755 fortitudo.

383 788 590 832 Virtutes
617 803 776 833 omnes
804 803 1039 832 connexae
1067 795 1176 831 sunt
1205 789 1261 831 ad
1291 789 1461 844 praxim
1501 804 1778 846 sensumque
1799 791 1931 847 spiri-

293 865 479 918 tualem,
500 874 548 909 vt
569 880 626 910 ex
647 881 737 909 vna
760 866 947 909 aliarum
972 864 1110 909 etiam
1135 864 1330 909 videa1is
1352 866 1578 910 adiutorio
1600 867 1680 910 vti:
1706 867 1744 910 si
1767 882 1858 910 non
1874 882 1931 911 ex

298 957 364 995 se,
389 957 446 987 ex
483 943 768 987 connexione
806 951 957 986 tamen
990 943 1047 985 ad
1084 941 1338 994 caritatem,
1370 942 1641 1000 principium
1675 944 1930 989 vniuersale

298 1019 538 1074 virtutum,
561 1029 649 1063 etc.

383 1096 563 1142 Veritas
585 1097 630 1140 in
655 1097 866 1140 omnibus
884 1111 1075 1152 syncere
1098 1097 1328 1140 sectanda:
1355 1096 1594 1140 curiositas
1610 1097 1811 1141 vitanda.

383 1175 432 1216 In
451 1173 573 1217 omni
597 1173 888 1218 meditatione
911 1180 956 1216 et
978 1173 1185 1217 oratione
1206 1173 1451 1217 maximum
1481 1181 1758 1217 momentum
1781 1175 1928 1218 humi-

296 1251 401 1294 litas
424 1259 469 1295 et
493 1251 630 1294 timor
651 1250 891 1294 Domini...

385 1330 554 1384 Magna
578 1328 645 1371 vis
667 1335 736 1371 est
774 1327 1097 1384 poenitentiae,
1137 1327 1399 1383 praesertim
1438 1327 1475 1371 si
1504 1328 1605 1383 quis
1632 1343 1688 1372 ex
1711 1328 1933 1385 singulari

294 1407 490 1460 quadam
511 1404 764 1462 diligentia,
790 1404 935 1461 qualis
963 1405 1009 1447 in
1039 1404 1266 1449 exercitiis
1293 1404 1536 1449 Societatis
1564 1405 1770 1449 adhiberi
1791 1407 1928 1458 solet,

296 1483 572 1539 generaliter
594 1483 882 1527 confiteatur.
924 1481 1029 1527 Scio
1068 1482 1311 1537 quendam,
1337 1482 1415 1537 qui
1437 1482 1523 1525 sibi
1545 1491 1647 1539 post
1675 1482 1930 1527 confessio-

294 1574 399 1604 nem
422 1560 682 1616 generalem
707 1558 947 1602 videbatur
968 1559 1281 1611 confirmatus,
1309 1574 1364 1602 ne
1387 1573 1576 1614 peccare
1592 1567 1745 1615 posset
1764 1557 1930 1603 morta·

294 1637 412 1690 liter3
438 1637 561 1692 quod
583 1636 887 1680 arbitrabatur
909 1637 1004 1679 fore
1026 1635 1462 1691 frequentissimum,
1490 1620 1576 1679 nisi
1598 1636 1833 1680 hominum
1856 1651 1931 1681 se-

299 1712 476 1769 gnicies
498 1720 544 1756 et
566 1712 849 1768 indispositio
886 1712 1102 1756 obstaret.
1130 1713 1233 1755 Hoc
1269 1720 1547 1771 censuerunt
1580 1713 1726 1756 sancti
1747 1714 1804 1756 de
1823 1727 1933 1757 vera
1986 1743 1988 1747 ·

300 1789 607 1846 poenitentia,
646 1788 915 1834 definientes
954 1788 1278 1845 poenitentiam
1317 1804 1417 1833 esse
1459 1789 1699 1845 praeterita
1746 1790 1928 1842 deflere,

296 1881 380 1910 nec
420 1866 506 1910 alia
547 1873 781 1922 praeterea
818 1865 1082 1918 admittere3
1123 1873 1168 1909 et
1204 1867 1292 1909 hoc
1323 1867 1602 1924 D.Joannes
1638 1865 1751 1909 dixit
1778 1867 1836 1911 de
1858 1881 1929 1920 eo,

301 1943 378 1999 qui
401 1959 481 2000 per
503 1943 695 2000 gratiam
724 1943 935 1999 baptismi
965 1958 1021 1986 ex
1048 1945 1148 1986 Deo
1169 1950 1305 1986 natus
1332 1950 1416 1986 est.
1444 1945 1572 1986 Haec
1602 1958 1765 1988 sensus
1801 1942 1932 2000 spiri-

242 2013 246 2019 *
303 2021 436 2064 tualis
456 2019 632 2077 gratiae
648 2027 785 2075 atque
816 2020 914 2063 eius
939 2020 1130 2064 virtutes
1162 2020 1409 2064 ostendunt
1431 2021 1488 2063 de
1515 2022 1652 2073 facto,
1689 2020 1774 2063 nisi
1803 2035 1860 2064 ex
1888 2020 1932 2065 21

302 2097 433 2141 nobis
464 2098 670 2141 defectus
692 2097 767 2151 sit3
802 2097 1000 2153 alioquin
1033 2105 1184 2142 tamen
1220 2111 1400 2154 semper
1431 2106 1500 2140 est
1523 2097 1795 2153 possibilitas
1823 2089 1954 2153 pecs

303 2174 437 2218 candi
466 2175 523 2219 de
550 2175 655 2231 lege
691 2175 937 2227 communi,
969 2182 1077 2227 etc.,
1108 2182 1158 2217 vt
1198 2181 1269 2217 est
1296 2175 1342 2217 in
1379 2174 1682 2242 Clementina,
1722 2189 1820 2231 cap.
1861 2175 1934 2217 Ad

300 2255 520 2304 nostram,
543 2251 600 2294 de
622 2251 879 2295 haereticis.

386 2330 452 2372 Ita
474 2327 778 2371 inueniendus
798 2335 866 2371 est
905 2330 1071 2385 Xpus.,
1098 2335 1147 2371 vt
1168 2328 1214 2371 in
1243 2344 1291 2372 re
1329 2328 1529 2383 qualibet
1551 2327 1800 2372 sentiamus
1823 2327 1934 2383 quid

299 2405 374 2449 hic
397 2405 610 2449 Christus
632 2413 788 2461 ageret
825 2406 897 2450 vel
920 2420 1133 2462 praesens
1169 2407 1442 2450 consuleret:
1469 2405 1597 2461 quasi
1627 2405 1862 2448 Christum
1885 2404 1933 2446 in

296 2482 430 2526 nobis
446 2482 728 2526 habitantem
745 2482 1033 2526 sentiremus:
1054 2491 1098 2526 et
1116 2485 1203 2526 hoc
1220 2490 1305 2527 est:
1330 2500 1347 2522 (r
1356 2497 1439 2526 nos
1453 2489 1603 2526 autem
1619 2496 1804 2526 sensum
1821 2481 1930 2538 Xpi.

286 2561 546 2603 habemus»
578 2561 645 2602 ¹...

386 2638 492 2680 Hoc
512 2650 617 2693 age:
643 2637 817 2679 aduoca
840 2636 885 2678 in
908 2636 1210 2692 patrocinium
1242 2644 1369 2680 tuum
1398 2636 1591 2691 aliquem
1625 2643 1853 2687 sanctum,
1878 2635 1935 2677 ad

294 2713 421 2757 illum
449 2727 638 2757 accurre
667 2713 713 2756 in
743 2713 832 2756 tuis
860 2713 1207 2757 necessitatibus
1235 2721 1280 2756 et
1310 2713 1608 2756 orationibus:
1641 2712 1714 2755 hic
1744 2711 1824 2754 tibi
1847 2710 1934 2755 erit

294 2790 533 2846 peculiaris
550 2797 728 2847 praeter
739 2789 979 2832 continuos
995 2791 1258 2835 aduocatos:
1275 2790 1528 2846 Virginem,
1549 2789 1785 2832 custodem
1805 2794 1934 2830 tuum

295 2874 341 2910 et
363 2866 622 2919 Societatis,
648 2869 834 2910 Petrum
857 2873 902 2908 et
928 2856 1138 2920 Paulum,
1165 2874 1211 2911 et
1233 2875 1411 2923 praeter
1432 2864 1709 2909 ordinarium
1737 2879 1794 2907 ex
1825 2877 1936 2907 con-

295 2943 541 2989 suetudine
564 2943 782 2988 ecclesiae
814 2944 1107 2987 celebratum.

371 3033 382 3053 ¹
434 3033 451 3067 I
474 3031 596 3078 Con„
615 3032 668 3077 11,
696 3031 754 3066 16.
