2098 3470
305 240 375 277 302
777 241 932 278 Pau-ms
957 229 1201 279 Hissnounn
1227 243 1375 280 NADAL

254 344 367 399 quid
390 342 712 400 grammatices
740 350 894 400 potest
920 344 1138 400 profiteri.
1170 345 1396 400 Loquitur
1424 345 1578 399 latine,
1611 346 1887 403 germanice,

256 419 532 472 sclauonice‚
558 419 727 476 aliquid
744 419 907 463 italice.
930 420 1097 465 Scribit
1116 421 1417 466 mediocriter.
1443 422 1633 479 Ingenio
1650 431 1695 466 et
1717 437 1890 467 memo·

258 497 323 539 ria
345 497 483 548 ualet,
504 497 583 540 sed
607 497 762 540 tardus
784 505 866 542 est.
890 498 1121 541 Robustus
1139 506 1206 542 est
1223 512 1426 554 corpore.
1452 498 1660 555 Diligens
1678 499 1724 542 in
1745 499 1888 543 omni-

253 574 343 617 bus
365 573 461 618 suis
482 574 632 617 rebus.

347 662 418 706 25.
485 650 807 707 sigismundus
828 653 1019 694 multum
1042 651 1232 707 profecit
1260 651 1304 694 in
1328 652 1633 708 grammaticis
1661 660 1706 696 et
1726 654 1888 698 huma—

257 728 476 779 nioribus,
503 735 549 770 et
571 728 627 770 ad
643 728 792 771 omnia
814 729 964 772 studia
981 728 1162 772 uidetur
1178 736 1326 784 aptus,
1346 736 1391 773 et
1408 729 1563 773 eadem
1582 730 1887 785 profitendum

255 804 302 847 in
324 803 508 848 scholis.
531 803 756 868 *Loquitur
772 805 910 850 latine
927 812 971 848 et
994 804 1268 861 germanice.
1289 805 1455 849 Scribit
1473 805 1772 850 mediocriter.
1793 808 1887 850 Va-

253 883 316 926 let
343 881 530 938 ingenio
553 891 598 926 et
625 882 839 926 memoria
867 890 911 925 et
940 883 1153 925 robustus
1182 889 1251 926 est
1279 896 1481 938 corpore.
1513 882 1722 939 Diligens
1750 890 1819 927 est
1841 883 1887 926 in

251 958 486 1004 omnibus,
1203 1000 1206 1004 .

347 1037 418 1078 26.
483 1036 740 1092 Leopoldus
772 1035 961 1092 profecit
998 1035 1166 1091 aliquid
1194 1035 1240 1077 in
1269 1019 1604 1092 grammaticis·
1622 1036 1697 1079 Ad
1725 1038 1887 1079 huma-

256 1112 384 1155 niora
400 1119 550 1168 aptus.
571 1112 792 1168 Loquitur
809 1112 946 1156 latine
964 1119 1008 1155 et
1031 1111 1305 1168 germanice.
1326 1111 1493 1156 Scribit
1511 1123 1763 1167 utcunque.
1782 1113 1884 1156 Non

252 1197 380 1233 caret
404 1189 591 1246 ingenio
613 1196 657 1234 et
680 1190 894 1233 memoria
916 1197 960 1231 et
983 1188 1183 1244 corporis
1205 1190 1380 1232 robore.
1406 1188 1616 1245 Diligens
1632 1195 1702 1234 est
1723 1187 1769 1231 in
1791 1189 1885 1232 suis

259 1267 412 1310 rebus.

345 1355 417 1398 27.
486 1344 744 1388 Bernardus
766 1343 879 1385 nihil
901 1342 1092 1399 profecit
1113 1342 1160 1385 in
1182 1342 1359 1395 studiis,
1384 1356 1469 1386 nec
1488 1345 1546 1385 ad
1566 1357 1620 1387 ea
1641 1349 1774 1399 aptus
1796 1350 1880 1386 est.

255 1420 479 1477 Loquitur
500 1420 639 1465 latine
659 1427 706 1463 et
727 1420 1001 1477 germanice.
1028 1419 1195 1464 Scribit
1214 1428 1459 1475 utcunque.
1480 1420 1668 1476 Ingenio
1685 1419 1884 1476 practico

248 1497 581 1554 typographiae
604 1498 741 1552 ualet,
767 1505 812 1541 et
834 1497 879 1539 in
902 1511 955 1541 ea
979 1511 1025 1539 re
1046 1503 1116 1539 est
1137 1495 1347 1552 diligens,
1372 1495 1410 1538 si
1441 1496 1574 1540 detur
1596 1496 1660 1539 illi
1681 1510 1884 1540 commo-

249 1574 386 1618 ditas:
409 1575 581 1618 fractus
597 1581 682 1619 est.

345 1653 416 1694 28.
482 1651 634 1695 Dauid
655 1666 813 1708 parum
838 1650 1019 1695 uidetur
1041 1657 1172 1706 aptus
1194 1650 1252 1692 ad
1273 1649 1437 1702 studia,
1458 1649 1544 1693 nisi
1562 1651 1619 1692 ad
1636 1651 1882 1706 regendam

251 1728 452 1772 infimam
475 1729 686 1774 classem.
715 1728 937 1783 Loquitur
954 1726 1109 1780 latine,
1130 1728 1395 1782 hungarice‚
1416 1733 1461 1769 et
1479 1726 1764 1770 mediocriter
1779 1741 1882 1783 ger-

251 1805 442 1850 manice.
470 1804 640 1848 Scribit
660 1819 752 1848 non
774 1806 904 1848 bene.
932 1803 1176 1847 Robustior
1198 1810 1265 1847 est
1287 1803 1424 1859 longe
1446 1817 1634 1859 corpore
1656 1817 1793 1859 quam
1810 1803 1881 1846 in-

250 1885 389 1939 genio
412 1884 484 1927 uel
521 1881 736 1926 memoria
773 1871 1024 1937 praeditus.
1062 1880 1283 1924 Curiosus
1305 1887 1349 1923 et
1387 1894 1538 1936 uagus
1569 1880 1763 1933 uidetur,
1796 1895 1881 1925 nec

244 1961 497 2003 admodum
520 1959 732 2016 diligens,

829 2133 892 2162 DE
914 2131 1304 2162 COADIUTORIBUS

339 2287 412 2332 29.
476 2275 685 2319 Saluator
707 2273 907 2328 loquitur
928 2272 1176 2328 hispanice,
1201 2271 1369 2325 italice,
1394 2272 1812 2329 semi-germanice,
1834 2279 1880 2317 et

240 2353 418 2408 aliquid
439 2352 594 2396 latine.
622 2353 725 2395 Non
747 2350 831 2393 scit
853 2350 1065 2402 scribere,
1091 2365 1176 2394 nec
1199 2358 1330 2406 aptus
1353 2357 1422 2393 est
1443 2350 1501 2393 ad
1529 2350 1697 2404 studia;
1730 2350 1876 2404 fortis,

247 2429 515 2473 laboriosus.
1862 2485 1864 2488 Υ

337 2520 410 2561 30.
476 2504 747 2549 Valentinus
783 2503 981 2559 loquitur
1019 2503 1278 2560 germanice
1316 2512 1362 2548 et
1395 2503 1690 2547 semi-latine.
1733 2503 1878 2547 Nouit

241 2583 416 2638 ‘aliquid
439 2583 650 2626 scribere.
686 2582 789 2626 Non
827 2588 895 2623 est
931 2588 1064 2636 aptus
1092 2582 1149 2624 ad
1170 2581 1336 2633 studia,
1365 2580 1493 2624 fortis
1515 2587 1584 2624 est
1612 2587 1656 2624 et
1680 2580 1877 2636 diligens

240 2661 431 2716 quando
456 2661 572 2704 uult.
738 2644 740 2646 .

337 2751 403 2792 31.
471 2735 776 2780 Bernardinus
797 2734 997 2789 loquitur
1033 2734 1200 2790 italice,
1231 2734 1642 2790 semi-germanice.
1674 2735 1772 2780 Scit
1793 2734 1876 2778 ali-

245 2814 356 2870 quid
377 2814 589 2858 scribere.
615 2814 721 2856 Non
742 2811 924 2854 uidetur
945 2811 1130 2855 omnino
1152 2811 1333 2867 ineptus
1355 2812 1412 2854 ad
1434 2811 1600 2864 studia,
1627 2813 1707 2856 sed
1729 2812 1876 2868 aptior

244 2898 314 2935 est
332 2892 389 2935 ad
411 2891 559 2934 officia
581 2888 913 2939 coadiutorum,
938 2888 985 2930 in
1009 2888 1174 2943 quibus
1196 2887 1391 2944 diligens
1413 2895 1482 2930 est
1504 2896 1549 2931 et
1566 2888 1815 2940 sufficiens,
1836 2888 1874 2931 si

242 2983 294 3012 se
317 2968 526 3024 applicet.
554 2968 787 3010 Robustus
810 2964 944 3008 etiam
969 2973 1036 3008 est
1058 2979 1264 3021 corpore.

335 3058 406 3100 32.
466 3047 667 3102 Joannes
684 3056 854 3106 sueuus
870 3042 1070 3096 loquitur
1087 3040 1348 3097 germanice
1365 3050 1411 3084 et
1429 3041 1719 3086 semi-latine:
1740 3048 1874 3098 aptus
