2098 3470
754 232 1196 276 sarmanzarim-25
1673 230 1743 278 853

150 349 440 393 percensere.
472 335 565 380 Sed
596 342 646 378 tu
678 348 840 379 censes
870 333 928 377 de
959 332 1031 376 his
1062 348 1147 377 nos
1178 333 1290 377 nihil
1318 335 1486 389 dicere,
1520 342 1657 391 atque
1688 334 1790 378 illos

148 413 310 458 iubere
331 427 431 458 esse
452 412 696 456 destitutos
717 410 841 454 omni
863 409 1072 464 consilio,
1098 411 1221 454 omni
1244 426 1339 468 spe,
1371 412 1447 469 qui
1476 412 1596 456 illius
1623 412 1790 457 amoris

149 489 296 533 diuini
319 503 504 534 sensum
536 489 611 532 vel
638 487 857 532 iudicium
885 502 978 530 non
1009 496 1332 543 assequuntur.
1358 490 1461 533 Non
1488 490 1677 533 facimus
1706 489 1787 542 ita,

152 567 310 620 frater,
341 581 434 610 non
456 565 663 619 facimus;
688 566 771 609 sed
796 564 859 609 ita
879 565 1114 609 docemus:
1140 565 1420 620 potissimam
1450 568 1671 623 regulam,
1696 567 1788 622 pri—

153 657 296 695 mum,
317 644 376 686 ad
396 642 693 686 certissimam
710 641 979 686 electionem
1004 640 1242 695 tradimus,
1262 643 1547 695 charitatem,
1568 643 1645 698 qui
1662 657 1789 686 amor

150 727 226 764 est
246 721 488 765 desursum
510 719 808 764 descendens.
836 720 923 770 2.⁰,
949 717 1080 773 quasi
1101 717 1139 761 si
1163 718 1381 762 dicamus:
1404 719 1478 762 illa
1495 727 1564 764 est
1585 719 1718 763 vnica
1736 734 1789 763 ac

153 796 364 854 primaria
391 796 465 839 via
486 797 544 839 ad
572 796 836 848 electiones,
862 802 913 839 vt
933 796 991 838 ad
1013 809 1152 851 opera
1173 796 1340 838 omnia.
1368 798 1417 839 In
1439 797 1526 840 hac
1549 796 1586 839 si
1607 797 1709 852 quis
1733 797 1789 839 ti-

149 874 299 926 tubat,
319 873 358 916 si
379 873 483 929 quis
503 873 590 916 sibi
612 888 703 916 non
726 872 964 925 satisfacit,
984 872 1047 915 illi
1070 873 1419 929 praescribimus
1441 882 1491 916 vt
1518 874 1524 931 Ι
1552 875 1609 916 ad
1630 877 1789 916 huma-

152 964 260 994 nam
282 958 328 995 et
349 950 566 994 moralem
588 950 835 993 descendat
855 949 1254 1001 consultationem,
1280 957 1326 993 et
1348 950 1458 993 illud
1486 950 1641 1007 eligat,
1667 952 1789 1006 quod

150 1027 228 1071 alii
243 1029 364 1071 bona
379 1028 470 1071 fide
491 1026 755 1084 eligendum
777 1027 1052 1078 consuleret,
1078 1026 1178 1070 viro
1199 1026 1488 1080 amicissimo,
1514 1036 1560 1071 et
1580 1028 1655 1071 cui
1677 1028 1790 1070 nihil

152 1104 451 1160 perfectionis
481 1119 576 1148 non
607 1104 902 1148 desideraret.
937 1103 1016 1148 Sic
1045 1102 1184 1155 enim,
1216 1112 1390 1148 remota
1419 1112 1555 1160 atque
1594 1105 1790 1161 seposita

153 1195 311 1238 praua,
335 1181 374 1224 si
396 1195 515 1236 quae
535 1180 810 1237 interpellat,
835 1180 975 1224 animi
996 1180 1255 1233 affectione,
1280 1189 1325 1224 et
1348 1181 1478 1236 quasi
1500 1181 1545 1223 in
1568 1197 1615 1224 re
1644 1181 1790 1225 aliena

151 1265 349 1310 versato,
374 1257 543 1314 poterit
563 1257 733 1301 veritas
755 1244 1108 1302 interlucescere
1130 1265 1386 1314 opportune
1416 1272 1468 1301 ac
1490 1258 1658 1303 sensim
1687 1273 1791 1315 per—

150 1334 332 1378 suaderi
349 1334 561 1391 prudenti
578 1349 632 1377 ac
648 1334 907 1378 necessario
924 1335 1125 1390 quodam
1146 1349 1314 1378 errore.
1339 1335 1406 1389 3.⁰
1425 1343 1469 1379 et
1487 1335 1556 1389 4⁰
1574 1336 1693 1388 loco,
1713 1336 1790 1378 vbi

150 1411 239 1465 hac
259 1426 352 1455 non
372 1411 663 1468 processerit,
688 1411 974 1464 adhibemus,
999 1426 1134 1468 quem
1158 1419 1206 1454 tu
1231 1412 1478 1464 desideras,
1505 1412 1710 1456 timorem
1733 1414 1790 1455 ad

147 1488 383 1534 electionis
420 1487 810 1532 constitutionem.
851 1493 927 1535 214
959 1488 1294 1532 Constituimus
1327 1489 1447 1533 enim
1480 1490 1710 1532 hominem
1743 1489 1789 1532 in

150 1565 308 1609 vltima
330 1565 451 1610 vitae
472 1565 610 1618 linea,
635 1566 927 1610 exhalantem
950 1565 1164 1619 animam,
1189 1566 1303 1609 nihil
1324 1566 1679 1622 conspicientem
1702 1566 1790 1609 nisi

115 1631 117 1633 ¹
149 1641 459 1686 imminentem
488 1642 595 1685 hinc
623 1642 820 1686 iudicem
849 1644 1041 1700 Xpum.,
1072 1643 1179 1686 inde
1206 1643 1328 1688 vitae
1356 1658 1466 1687 suae
1495 1643 1788 1699 praeteritum

149 1725 344 1776 tempus,
369 1719 492 1762 illinc
515 1718 680 1764 inferni
702 1734 754 1762 os
781 1721 1007 1776 apertum,
1039 1721 1337 1772 horrendum,
1363 1720 1541 1777 ingens.
1575 1721 1649 1763 Ad
1677 1722 1790 1764 haec

148 1795 350 1840 sistimus
372 1796 586 1841 miserum
609 1796 841 1841 hominem
864 1812 918 1840 ac
940 1799 1292 1843 tremebundum
1314 1806 1421 1842 ante
1439 1798 1691 1842 verendum
1708 1797 1789 1841 tri-

147 1873 288 1916 bunal
307 1873 498 1918 extremi
520 1873 886 1929 vniuersalisque
906 1874 1081 1920 iudicii.
1107 1876 1209 1918 Hac
1227 1890 1379 1919 rerum
1398 1875 1550 1931 specie
1567 1882 1786 1931 perterre-

148 1950 335 2004 factum,
370 1950 580 2000 iubemus
612 1959 662 1993 vt
693 1951 932 2007 disquirat,
966 1951 1136 2004 videat,
1171 1952 1428 2009 interroget
1462 1966 1562 1996 sese
1594 1951 1704 2007 quid
1736 1966 1790 1994 eo

148 2034 350 2084 tempore
371 2027 509 2072 vellet
530 2027 710 2081 fecisse,
736 2036 875 2085 atque
904 2028 950 2072 id
978 2029 1137 2086 eligat,
1163 2029 1209 2072 id
1235 2030 1384 2084 faciat,
1419 2029 1506 2073 nisi
1538 2028 1648 2073 velit
1680 2042 1790 2084 pru-

144 2105 260 2148 dens
286 2119 339 2148 ac
367 2104 527 2148 videns
556 2112 718 2161 sponte
746 2120 830 2149 sua
852 2107 909 2149 ad
931 2106 1007 2149 illa
1035 2107 1290 2162 peruenire,
1323 2121 1515 2163 quorum
1540 2105 1730 2162 spectris
1757 2107 1764 2161 Ι

145 2188 284 2236 atque
311 2180 579 2238 imaginaria
611 2183 996 2238 contemplatione
1023 2183 1138 2227 adeo
1166 2191 1236 2226 est
1262 2185 1557 2227 vehementer
1585 2196 1786 2225 commo-

147 2264 238 2311 tus;
261 2257 506 2314 etiamque,
531 2259 651 2302 bone
674 2259 829 2311 frater,
855 2259 1126 2304 adhibemus
1147 2260 1258 2303 alias
1280 2260 1478 2303 rationes
1508 2259 1787 2302 deliberandi

145 2341 284 2391 atque
305 2335 611 2388 consultandi,
638 2344 816 2392 praeter
838 2337 1095 2393 primariam
1118 2337 1240 2381 illam
1264 2346 1400 2393 atque
1419 2351 1655 2388 summam3
1677 2343 1722 2378 et
1738 2335 1785 2377 in

146 2410 220 2455 his
240 2411 449 2457 timorem
475 2420 622 2466 tuum;
648 2427 798 2468 neque
821 2413 908 2457 fuit
930 2428 1169 2458 necessum
1193 2415 1279 2458 alia
1298 2414 1449 2458 omnia
1467 2413 1613 2456 media
1630 2427 1783 2468 prose-

145 2487 240 2543 qui:
265 2487 506 2533 selectiora
529 2489 712 2545 quidem
737 2498 860 2534 certe
882 2490 1134 2548 attigimus.
1161 2491 1315 2535 Dices:
1350 2500 1395 2533 at
1426 2505 1514 2547 ego
1548 2491 1662 2533 haec
1693 2503 1786 2532 non

145 2564 577 2611 animaduerteram.
602 2567 738 2610 Hem!
764 2581 948 2612 censem
970 2583 1043 2612 me
1064 2568 1294 2612 hominem
1317 2568 1469 2611 etiam:
1496 2567 1636 2609 multa
1654 2565 1783 2621 igno-

146 2641 245 2684 raui
261 2640 394 2695 nimis
415 2643 442 2685 ¹.
462 2643 621 2687 Placet
638 2643 768 2697 mihi,
788 2643 858 2686 vir
874 2644 1105 2702 religiose,
1121 2645 1208 2688 ista
1225 2644 1518 2701 poenitentia.
1540 2644 1648 2694 Sed,
1662 2650 1711 2683 vt
1729 2657 1784 2684 ne

144 2718 204 2762 de
223 2725 404 2762 caetero
425 2718 471 2762 in
502 2720 713 2764 eumdem
742 2721 949 2765 incurras
979 2723 1237 2778 scopulum,
1269 2736 1452 2765 causam
1483 2734 1571 2776 ego
1603 2718 1683 2761 tibi
1711 2723 1783 2764 215

145 2795 310 2839 erroris
338 2795 405 2838 tui
426 2795 656 2842 indicabo.
682 2798 755 2840 Tu
782 2806 956 2855 partem
979 2798 1177 2854 aliquam
1206 2798 1523 2842 exercitiorum
1554 2795 1783 2838 mordicus

145 2869 305 2928 arripis
326 2871 648 2926 dilaniandam,
674 2873 788 2918 nihil
808 2882 1046 2931 praeterea
1068 2874 1286 2918 aduertis:
1314 2874 1431 2916 vnde
1455 2872 1665 2928 pendeat,
1692 2885 1783 2925 quo

214 2977 226 2998 ¹
277 2977 343 3013 Sic
361 2989 434 3016 ms..
454 2978 644 3015 Anudere
663 2979 822 3016 videtur
838 2986 973 3017 auctor
990 2980 1040 3016 ad
1057 2979 1152 3016 illud
1170 2980 1389 3022 ΤΕΒΕΝΤΠ,
1411 2978 1596 3024 Adelph„
1614 2982 1689 3011 act.
1710 2976 1778 3020 IV,

144 3045 252 3072 scen.
270 3036 321 3072 11:
341 3037 465 3073 «Vaht
483 3037 656 3074 Censen'
674 3039 871 3082 hominem
890 3051 952 3075 me
970 3038 1078 3076 esse?
1095 3039 1261 3078 erravi.»
