2098 3470
272 244 341 291 534
742 247 896 284 Purus
922 249 1167 285 Huzaonvm
1194 248 1343 284 NADAL

225 346 361 390 etiarn
385 361 476 389 non
499 347 814 392 consentiente
835 349 1084 405 superiore,
1111 348 1292 405 probari
1314 357 1520 406 possunt;
1548 350 1725 395 tametsi
1748 366 1853 407 pro-

227 423 477 468 uidendum
501 438 558 467 ne
589 431 758 469 temere
787 425 862 469 illa
889 426 1027 469 edant
1049 434 1081 468 ³.
1110 426 1236 469 Haec
1260 440 1399 482 quum
1422 426 1483 469 ita
1505 427 1612 480 sint,
1638 442 1728 470 non
1750 434 1861 470 sunt

229 508 380 543 tamen
403 499 651 556 instigandi
674 502 834 544 nouitii
857 510 905 545 vt
927 510 1033 545 vota
1056 503 1192 546 edant
1216 510 1321 547 ante
1343 503 1594 549 biennium.

316 577 471 620 Nostri
494 578 670 630 nouitii,
698 586 788 621 tam
818 579 1068 622 doctrinam
1097 578 1403 632 christianam,
1435 595 1569 635 quam
1600 595 1758 625 omnes
1787 596 1859 625 re·

228 654 378 710 gulas,
405 654 648 699 memoriae
670 656 899 699 mandent.

320 730 413 786 Qui
435 731 687 774 adueniunt
709 747 764 776 ex
787 732 930 788 prima
952 732 1236 788 probatione,
1261 734 1407 777 solent
1425 748 1558 776 Vnam
1576 733 1859 790 disciplinam

230 807 458 864 publicam
482 807 528 850 in
550 808 790 853 refectorio
811 809 978 862 facere,
1004 810 1075 852 vel
1098 809 1248 852 statim
1272 809 1348 852 vbi
1370 810 1560 854 veniunt
1583 811 1638 852 ad
1667 811 1860 855 refecto-

231 884 365 937 rium,
390 885 462 927 vel
484 892 657 940 postea,
677 885 754 928 vbi
771 886 1007 929 commode
1025 884 1112 928 illis
1129 885 1478 942 significabitur.
1586 896 1597 914 ⁶

319 962 443 1006 Inter
465 961 664 1004 nouitios
685 962 891 1007 habitent
914 962 1051 1017 aliqui
1074 963 1217 1005 nostri
1245 964 1422 1015 fratres,
1453 963 1529 1018 qui
1559 965 1764 1020 exemplo
1796 964 1865 1007 iu-

235 1053 344 1082 uare
366 1038 465 1081 illos
487 1045 695 1094 possunt,
721 1054 765 1082 v.
792 1053 840 1095 g.
864 1053 946 1094 pro
971 1053 1136 1082 nouem
1159 1038 1346 1082 nouitiis
1367 1054 1485 1083 vnus
1508 1055 1563 1084 ex
1586 1040 1768 1092 nostris,
1789 1041 1866 1096 qui

235 1116 295 1158 sit
317 1114 536 1167 decimus,
562 1122 608 1158 et
629 1123 840 1159 maneant
862 1130 964 1158 cum
989 1115 1176 1158 nouitiis
1208 1115 1254 1158 in
1283 1116 1562 1160 recreatione
1584 1117 1629 1159 in
1658 1117 1758 1160 loco
1785 1131 1870 1173 pro

237 1191 515 1235 nouitiorum
539 1192 819 1236 recreatione
849 1194 1085 1248 deputato,
1111 1200 1188 1235 aut
1210 1193 1438 1245 sedentes,
1465 1201 1544 1236 aut
1565 1194 1869 1246 ambulantes,

236 1276 373 1326 prout
396 1269 483 1312 illis
505 1269 746 1325 placuerit.

323 1345 502 1390 Nouitii
533 1346 731 1390 habeant
763 1347 1020 1398 schedulas,
1057 1346 1104 1388 in
1137 1347 1304 1402 quibus
1334 1347 1653 1390 contineantur
1684 1347 1867 1390 nomina

233 1438 409 1476 eorum,
436 1422 707 1478 quibuscum
730 1423 852 1478 loqui
877 1424 1052 1479 possint
1074 1423 1239 1479 quietis
1268 1425 1396 1476 hora,
1422 1432 1467 1467 et
1488 1428 1576 1470 458
1598 1423 1635 1467 si
1657 1424 1748 1467 duo
1771 1425 1870 1468 fue-

235 1501 342 1555 rint,
384 1514 499 1555 quos
531 1501 728 1543 habeant
765 1500 811 1542 in
843 1514 927 1543 sua
958 1501 1191 1552 schedula,
1227 1500 1340 1543 sciat
1372 1514 1420 1543 se
1453 1500 1588 1545 etiam
1622 1515 1754 1556 posse
1786 1499 1877 1542 illis

234 1577 553 1634 praesentibus
573 1590 679 1619 cum
701 1576 800 1620 aliis
822 1577 1033 1620 omnibus
1056 1577 1197 1632 loqui,
1222 1577 1329 1620 licet
1351 1592 1442 1620 non
1466 1577 1556 1620 sint
1579 1577 1624 1619 in
1641 1591 1724 1621 sua
1741 1578 1873 1620 sche—

235 1655 358 1707 dula,
384 1654 465 1697 sed
488 1654 579 1697 alta
600 1667 729 1705 voce,
754 1661 804 1696 vt
826 1653 900 1696 alii
923 1654 1202 1710 intelligant.

334 1732 402 1774 Ex
424 1731 671 1774 eorundem
701 1730 977 1773 nouitiorum
1008 1745 1197 1774 numero
1233 1730 1494 1787 deligantur
1525 1731 1662 1786 aliqui
1699 1730 1876 1786 syndici

245 1807 429 1860 occulti,
456 1806 533 1863 qui
554 1808 612 1850 ad
632 1807 679 1849 id
700 1807 793 1863 apti
810 1807 1104 1851 videbuntur.

334 1886 542 1940 Quorum
565 1898 713 1927 mores
736 1899 827 1927 non
849 1885 1098 1940 probantur
1114 1884 1161 1927 in
1178 1884 1389 1940 collegio,
1410 1891 1685 1928 reuocentur
1701 1884 1758 1926 ad
1774 1897 1880 1939 pro-

243 1962 477 2006 bationem
500 1961 696 2017 aliquam
718 1961 970 2005 faciendam
994 1961 1040 2003 in
1069 1962 1256 2004 domurn
1285 1960 1580 2017 probationis,
1611 1959 1879 2016 praesertim

245 2039 284 2083 si
305 2039 518 2082 videntur
541 2038 670 2082 aliter
691 2037 839 2080 iuuari
861 2038 992 2082 facile
1015 2053 1106 2081 non
1129 2052 1277 2094 posse.

332 2115 524 2168 Nouitii,
544 2115 591 2158 in
613 2114 899 2159 coadiutores
921 2115 1121 2167 admissi,
1142 2122 1318 2157 tanturn
1343 2114 1557 2170 temporis
1580 2113 1775 2157 orationi
1799 2114 1881 2156 tri—

243 2194 385 2236 buere
407 2193 577 2236 debent
599 2199 821 2248 quantum
845 2192 918 2234 alii
941 2191 1119 2243 nouitii;
1151 2192 1274 2247 quod
1297 2198 1534 2247 propterea
1554 2190 1734 2243 dicitur,
1759 2191 1882 2245 quod

246 2271 341 2312 fere
363 2282 418 2312 eo
440 2267 610 2312 auxilio
633 2268 808 2312 soleant
836 2281 988 2324 egere.
1024 2268 1162 2323 Quod
1190 2267 1228 2310 si
1260 2267 1392 2310 facile
1429 2266 1583 2311 deuoti
1622 2280 1714 2309 non
1751 2266 1881 2319 fiant,

247 2344 462 2402 temporis
484 2344 702 2388 orationis
724 2344 809 2389 erit
833 2344 919 2387 illis
941 2345 1090 2387 danda
1112 2343 1262 2399 aliqua
1283 2343 1585 2400 indulgentia.

335 2422 557 2478 Magister
585 2421 863 2465 nouitiorum
895 2422 1044 2465 mittat
1072 2435 1181 2464 suos
1216 2421 1262 2463 in
1300 2421 1500 2477 ipsorum
1535 2419 1885 2464 necessitatibus

248 2500 306 2542 ad
328 2499 606 2555 superiorem
629 2499 810 2555 collegii
833 2499 905 2543 vel
929 2500 1090 2541 domus
1112 2512 1215 2541 cum
1239 2497 1280 2542 ei
1297 2497 1543 2543 videbitur.
1562 2497 1711 2541 Debet
1733 2503 1884 2540 autem

242 2577 355 2633 -plus
375 2575 464 2619 illis
486 2576 716 2620 confidere
738 2589 870 2630 quarn
894 2575 979 2618 sibi
1002 2582 1185 2631 propter
1200 2574 1378 2617 illoru'm
1396 2573 1715 2617 authoritatem
1738 2579 1783 2618 et
1798 2577 1883 2620 459

251 2652 466 2696 officium:
493 2653 736 2696 admonere
758 2658 912 2695 tamen
935 2665 1015 2694 eos
1037 2652 1174 2695 debet
1200 2650 1219 2676 b
1240 2651 1482 2707 diligenter
1513 2651 1570 2695 de
1596 2651 1732 2693 rebus
1754 2649 1887 2692 noui—

254 2728 437 2772 tiorum.
518 2783 521 2785 -

342 2807 431 2848 Pro
454 2805 735 2849 recreatione
756 2805 813 2848 ad
834 2805 1014 2849 vineam
1039 2805 1110 2848 vel
1131 2806 1315 2865 hortum
1336 2803 1402 2846 ire
1425 2803 1560 2848 etiarn
1590 2810 1783 2859 possunt
1804 2817 1889 2846 no-

255 2882 372 2936 uitii;
404 2896 732 2938 nonnunquam
770 2881 905 2925 etiam
935 2883 1115 2937 quando
1145 2881 1236 2924 illic
1264 2888 1371 2924 sunt
1400 2879 1678 2936 collegiales.
1710 2880 1889 2925 Ludere

326 3059 344 3076 a
393 3050 518 3094 Haec,
537 3061 559 3085 a
573 3048 706 3085 verbis
723 3047 833 3084 edita
843 3047 951 3094 jam,
972 3047 1104 3083 addita
1122 3052 1214 3083 sunt
1232 3045 1441 3093 posterius.
1494 3046 1560 3072 -b
1586 3045 1723 3080 debent
1742 3055 1813 3081 ms.
