2098 3470
680 271 957 308 Mommnwra
982 268 1335 307 Geranion-32
1707 278 1780 306 221·

191 374 320 419 nebit
340 373 387 417 in
409 373 505 418 uita
527 379 727 419 aeterna..
759 374 810 417 In
840 373 929 416 hoc
964 373 1229 416 clamamus:
1268 370 1419 424 Abba,
1462 374 1596 415 Pater
1629 373 1657 415 ¹.
1698 373 1828 416 Haec

191 458 263 495 est
289 450 502 503 charitas,
532 465 650 506 quae
676 449 840 494 diffusa
867 456 938 493 est
964 449 1011 492 in
1040 449 1254 493 cordibus
1291 448 1461 492 nostris
1497 463 1577 505 per
1608 448 1830 505 Spiritum

193 535 419 580 sanctum,
443 526 521 583 qui
543 528 678 571 datus
700 535 771 572 est
790 526 923 569 nobis
944 527 977 570 ².
1003 527 1106 570 Hoc
1128 533 1199 570 est
1219 525 1454 569 uinculum
1477 525 1769 582 perfectionis
1792 527 1827 568 ⁵.

194 604 286 649 Hic
307 611 378 650 est
398 603 504 647 finis
531 604 762 660 praecepti
790 604 823 647 ⁴.
854 603 906 647 In
934 604 1022 647 hac
1049 609 1096 646 et
1124 617 1205 660 per
1232 604 1353 646 hanc
1388 601 1604 658 impletur
1634 603 1831 658 primurn

194 688 485 739 praeceptum
507 680 553 724 in
576 680 750 737 Spiritu
771 687 947 733 sancto,
974 687 1024 723 ut
1044 682 1194 724 Deum
1212 679 1424 723 omnibus
1441 680 1579 722 rebus
1599 680 1828 735 praefera-

194 772 298 807 mus
317 758 365 801 in
387 759 594 811 corde-et
614 772 769 814 opere,
793 765 1035 814 praecepta
1064 756 1163 801 eius
1189 757 1473 812 exequendo.
1506 756 1559 799 In
1586 758 1674 799 hac
1710 756 1830 799 enim

195 834 491 881 selectissime
510 842 559 878 et
580 835 781 891 perfecte
803 834 850 877 in
871 834 1003 877 nobis
1023 841 1237 891 operatur
1257 835 1401 886 Deus,
1434 841 1480 879 et
1505 847 1591 877 nos
1618 833 1665 875 in
1687 834 1763 876 illo
1784 833 1831 876 in

198 911 366 956 unione
387 918 434 955 et
454 911 627 955 uirtute
653 919 700 955 et
727 911 991 967 operatione
1018 910 1224 967 spiritus,
1255 898 1334 966 qui
1363 911 1500 954 datus
1531 917 1601 954 est
1633 910 1765 953 nobis
1797 912 1829 952 ⁵.

196 989 315 1034 Nam
336 988 375 1032 si
396 988 596 1032 uiuimus
616 988 664 1031 in
685 987 763 1031 illo
784 989 818 1040 ⁶,
842 1002 948 1031 cum
972 987 1159 1032 Christo
1179 988 1304 1030 haud
1321 987 1460 1031 dubie
1476 987 1654 1044 operari
1670 1002 1831 1044 possu—

196 1079 300 1110 mus
317 1079 456 1122 opera
476 1064 600 1109 uitae
620 1071 834 1109 aeternae
854 1064 901 1108 in
923 1064 1038 1121 ipso.
1164 1063 1171 1069 '

155 1132 158 1135 ¹
288 1142 411 1186 Hinc
431 1149 637 1198 apertum
659 1149 728 1186 est
749 1149 796 1186 et
817 1156 897 1198 per
922 1144 1011 1184 hoc
1041 1141 1089 1184 in
1117 1143 1204 1184 hoc
1231 1142 1352 1185 dono
1380 1141 1426 1184 in
1455 1141 1587 1184 nobis
1614 1141 1833 1184 iustifica-

198 1219 367 1264 tionem
387 1220 538 1263 Deum
559 1219 793 1275 perficere,
818 1218 994 1263 etiarnsi
1016 1218 1203 1262 inchoet
1222 1217 1270 1261 in
1292 1218 1391 1262 aliis
1413 1218 1562 1271 donis,
1587 1233 1667 1275 per
1682 1220 1771 1262 hoc
1789 1227 1836 1262 et

199 1296 247 1340 in
267 1298 356 1340 hoc
377 1296 499 1339 dono
526 1296 700 1352 operari
728 1295 1122 1348 excellentissime,
1154 1303 1206 1339 ut
1235 1294 1450 1340 uidelicet
1480 1310 1565 1339 nos
1596 1295 1660 1338 illi
1692 1297 1831 1348 dono,

199 1372 264 1417 illi
284 1372 535 1430 operationi
556 1373 755 1425 diuinae,
779 1372 825 1416 in
847 1372 926 1416 illo
952 1380 999 1418 et
1029 1388 1110 1430 per
1136 1373 1248 1416 illud
1276 1374 1446 1416 donum
1477 1380 1719 1429 operantes
1740 1388 1836 1418 me-

201 1465 379 1496 reamur
403 1449 543 1494 uitam
565 1458 813 1495 aeternam.
838 1451 942 1493 Hoc
963 1450 1135 1494 donum
1157 1450 1322 1495 mereri
1350 1465 1377 1493 a
1404 1449 1537 1494 nobis
1559 1465 1650 1494 non
1675 1465 1836 1507 possu—

199 1542 317 1572 mus:
351 1528 476 1572 solus
505 1526 717 1572 Christus
744 1535 814 1572 est
841 1527 936 1584 qui,
966 1542 1048 1584 per
1083 1535 1367 1571 sacramenta
1401 1528 1476 1572 vel
1513 1542 1671 1571 eorum
1711 1536 1836 1581 uota,

198 1604 497 1663 praeueniens
517 1619 602 1648 nos
622 1619 707 1648 suo
728 1604 912 1656 auxilio,
937 1604 1132 1661 primum
1161 1605 1274 1648 illud
1301 1605 1434 1649 nobis
1467 1620 1552 1649 suo
1581 1605 1744 1648 merito
1766 1605 1838 1648 in-

200 1681 366 1736 fundit,
383 1682 512 1725 Deus
527 1669 621 1725 sua‘
631 1681 957 1726 misericordia:
977 1690 1161 1738 recepta
1183 1696 1294 1726 uero
1317 1682 1546 1740 [charitas]
1565 1683 1615 1725 in
1636 1685 1736 1727 Deo
1757 1698 1839 1740 per
1895 1734 1901 1738 Ι

200 1757 438 1804 Christum
463 1758 562 1818 [est]
581 1759 763 1811 efficax,
788 1765 840 1802 ut
861 1758 1229 1817 (cooperantibus
1257 1759 1403 1817 nobis)
1427 1767 1472 1805 et
1494 1760 1643 1817 ipsum
1665 1757 1837 1805 donum

202 1842 251 1880 et
270 1835 411 1879 uitam
434 1843 664 1892 aeternam
686 1835 733 1879 in
755 1836 888 1879 nobis
909 1850 1166 1880 mereamur
1182 1837 1359 1894 augeri.

286 1913 421 1957 Hanc
441 1912 690 1957 amittimus
711 1927 791 1970 per
813 1913 1010 1969 quoduis
1030 1922 1270 1970 peccatum
1293 1915 1502 1967 mortale,
1528 1922 1573 1958 et
1596 1916 1732 1958 fidem
1755 1930 1839 1972 per

199 1990 340 2034 solam
361 1989 674 2035 infidelitatem
693 1991 767 2035 uel
782 1990 1024 2035 haeresim:
1044 2005 1170 2048 spem
1188 2006 1269 2048 per
1284 1992 1663 2048 desperationem:
1684 1993 1838 2036 omnia

200 2066 320 2112 enim
337 2074 526 2123 peccata
546 2066 752 2110 mortalia
769 2075 979 2124 pugnant
1000 2082 1104 2111 cum
1122 2083 1275 2112 amore
1290 2069 1394 2122 Dei,
1414 2077 1460 2114 et
1477 2069 1646 2113 unione
1669 2070 1839 2112 uolun-

200 2142 307 2187 tatis
326 2151 509 2188 nostrae
531 2157 637 2187 cum
660 2143 759 2188 eius
788 2144 1008 2198 bonitate;
1040 2153 1255 2189 auertunt
1282 2146 1403 2190 enim
1437 2161 1522 2190 nos
1555 2147 1612 2189 ab
1645 2147 1759 2203 ipso,
1795 2155 1840 2190 et

201 2226 477 2265 conuertunt
498 2219 672 2265 scilicet
698 2221 757 2264 ad
778 2228 1027 2265 creaturas.

290 2297 503 2340 Charitas
524 2305 594 2342 est
615 2296 711 2340 uita
732 2297 855 2350 fidei,
881 2305 928 2342 et
948 2298 1062 2354 spei,
1087 2306 1133 2342 et
1154 2313 1359 2356 operum,
1384 2300 1483 2344 sine
1506 2315 1595 2357 qua
1617 2316 1704 2346 nec
1725 2303 1841 2347 fides

202 2373 313 2417 uiua
333 2381 420 2426 est,
446 2387 531 2418 nec
555 2387 676 2430 spes,
702 2388 787 2419 nec
808 2388 961 2430 opera.
988 2375 1104 2419 Nam
1127 2391 1208 2432 per
1229 2376 1349 2420 illam
1372 2378 1514 2421 solam
1538 2378 1632 2421 uita
1656 2386 1840 2423 aeterna

205 2449 340 2493 nobis
355 2449 615 2494 immediate
633 2450 803 2503 unitur,
832 2452 954 2507 quod
970 2460 1191 2496 monstrat
1207 2452 1336 2496 initio
1354 2454 1460 2498 XIII
1477 2469 1575 2511 cap.
1603 2455 1763 2511 prioris
1784 2457 1840 2498 ad

75 2520 77 2522 ’
139 2536 141 2538 ’
202 2526 410 2571 Corinth.
445 2527 631 2571 Paulus:
667 2528 743 2572 «Si
769 2527 991 2585 linguis»,
1032 2536 1123 2574 etc.
1165 2531 1294 2575 Haec
1332 2532 1474 2575 forma
1512 2539 1581 2576 est
1618 2532 1839 2575 uirtutum

205 2604 427 2657 omnium,
459 2619 577 2660 quae
599 2605 691 2648 uim
719 2605 920 2649 omnium
957 2607 1134 2651 obtinet
1170 2607 1216 2650 in
1250 2608 1418 2652 unione
1454 2609 1556 2661 Dei,
1593 2623 1672 2665 per
1704 2624 1838 2664 quam

203 2695 363 2726 omnes
376 2681 573 2747 uirtutes
590 2690 851 2739 operantur,
876 2684 998 2739 quod
1020 2684 1077 2726 ad
1106 2684 1246 2728 uitam
1275 2693 1504 2730 aeternam
1534 2686 1710 2738 attinet,
1743 2686 1854 2731 sine:

278 2783 290 2804 ¹
340 2782 465 2829 Rom„
486 2783 588 2828 vm,
610 2789 666 2827 15.

340 2841 465 2888 Rom,
483 2842 535 2888 V,
554 2851 589 2887 5.

340 2899 536 2944 Conoss„
557 2901 631 2948 111,
652 2909 711 2946 14.

339 2960 356 2995 1
372 2960 482 3005 Tm„
500 2960 531 3005 Ι,
552 2969 586 3005 5.

340 3018 466 3065 Rom,
488 3018 539 3064 V,
558 3028 593 3063 5.

341 3077 521 3123 6ΑιΑτ.,
541 3078 591 3124 V,
607 3086 664 3123 25.

274 2843 293 3099 Φθίὺαδ.
