2098 3470
826 242 1257 282 Ius-mucnouzs—61
1742 248 1812 286 5¹7

221 344 376 397 nachi,
400 353 452 397 et}
467 346 791 393 accomodatus
815 359 917 390 esse
946 345 1083 389 debet
1113 342 1306 388 vestitus
1336 350 1494 386 noster
1518 343 1582 385 ad
1615 344 1858 386 honestam

222 422 449 476 quandam
473 421 707 474 rationem,
732 429 779 466 et
800 436 932 465 vsum
953 425 1026 469 421
1047 419 1326 477 prouinciae.
1358 419 1620 471 Caeterum,
1650 419 1773 474 quod
1801 418 1861 460 ad

222 510 352 540 vsum
370 498 590 554 pileorum
609 498 788 551 attinet,
809 498 976 554 quibus
990 497 1059 540 vti
1073 498 1243 542 debent
1259 495 1548 540 coadiutores
1567 495 1855 551 temporales,

225 572 270 615 id
292 574 594 630 prouinciales
621 577 890 628 censebunt,
921 574 1303 631 quemadmodum
1329 572 1377 616 in
1403 573 1587 617 decreto
1619 572 1817 627 quodam
1847 573 1855 594 ¹

219 651 592 708 congregationis
627 652 798 707 primae
827 660 847 678 ²
874 658 1097 695 statutum
1131 657 1216 703 est3
1252 649 1423 706 singuli
1455 657 1605 692 tamen
1638 648 1656 674 b
1687 649 1858 693 debent

221 741 353 771 vsum
380 743 491 771 suae
516 729 780 785 prouinciae
807 743 887 785 per
913 728 1069 773 literas
1094 741 1323 784 exponere
1350 726 1554 783 generali
1582 725 1854 782 praeposito.

222 805 326 848 Mea
346 805 527 860 quidem
550 812 566 830 ⁰
588 805 812 848 sententia
834 806 891 849 de
912 804 1041 862 pileis
1062 804 1379 847 coadiutorum
1401 802 1716 859 temporalium
1745 804 1857 845 haec

216 889 355 926 esset:
391 890 438 924 vt
471 897 628 926 omnes
658 883 705 926 in
737 882 948 926 omnibus
978 881 1225 938 prouinciis
1256 887 1493 925 vterentur
1513 880 1658 937 pileis,
1691 879 1858 935 quibus

215 957 369 1001 clerici
398 967 602 1011 vtuntur,
634 960 707 1002 vel
734 959 887 1016 paruis
908 957 1090 1016 galeris,
1114 971 1206 1000 non
1235 957 1355 1002 enim
1385 958 1640 1014 probarem,
1675 963 1741 1008 vt,
1778 955 1859 1011 qui

216 1035 444 1078 seculares
465 1050 556 1078 non
578 1044 701 1088 sunt,
726 1035 854 1092 pileis
881 1034 1164 1080 secularibus
1190 1042 1390 1078 vtantur.
1424 1035 1544 1079 Sunt
1572 1041 1730 1090 postea
1764 1032 1858 1075 dati

217 1111 559 1155 coadiutoribus
590 1111 695 1168 pilei
727 1112 974 1165 clericales;
1007 1118 1054 1154 et
1085 1119 1252 1163 tamen,
1286 1110 1323 1153 si
1351 1110 1429 1166 qui
1450 1110 1706 1167 singulares
1728 1109 1856 1152 ince—

219 1187 352 1239 dunt,
376 1187 405 1230 ii
428 1197 612 1244 gestant
634 1196 744 1231 tune
765 1189 971 1245 galerum
991 1187 1029 1234 ἃ.

310 1265 413 1308 Non
438 1265 619 1309 uidetur
638 1280 665 1309 e
686 1265 894 1308 decentia
914 1280 1030 1318 esse,
1051 1266 1124 1308 vel
1145 1267 1384 1309 honestate
1405 1272 1576 1317 nostra,
1601 1272 1651 1307 vt
1672 1265 1855 1321 permit-

219 1347 341 1384 tatur
362 1341 574 1384 fratribus
596 1350 782 1398 propter
803 1342 997 1386 calorem
1019 1341 1170 1386 exutis
1191 1341 1352 1399 caligis
1374 1342 1683 1395 obambulare;
1716 1355 1770 1384 ac
1800 1356 1859 1385 ne

219 1417 268 1460 in
289 1418 501 1461 cubiculo
521 1419 719 1474 quidem.

302 1495 352 1540 Si
374 1495 556 1550 quando
577 1495 869 1552 contingeret
890 1495 1087 1552 aliquem
1109 1495 1293 1539 fratrem
1309 1497 1425 1539 adeo
1442 1495 1669 1539 madidam
1687 1497 1858 1540 habere

218 1570 456 1616 interulam
480 1587 537 1615 ex
558 1576 644 1618 422
667 1573 848 1625 sudore,
875 1580 923 1614 vt
943 1572 1175 1616 videretur
1190 1572 1512 1617 detrimentum
1537 1574 1697 1617 afferre
1718 1587 1858 1629 posse

214 1647 413 1700 sanitati,
437 1649 474 1691 si
498 1649 617 1692 illam
639 1649 684 1692 in
708 1650 825 1692 lecto
848 1649 1078 1701 retineret,
1108 1649 1185 1692 vbi
1213 1649 1347 1693 aliam
1375 1650 1544 1693 habere
1566 1664 1659 1692 non
1683 1658 1854 1706 posset,

217 1723 281 1767 ini
300 1725 490 1769 concedi
512 1734 666 1781 posset
688 1741 715 1769 a
736 1733 910 1770 rectore
932 1733 982 1768 vt
1002 1727 1174 1781 absque
1196 1726 1392 1770 interula
1414 1726 1650 1771 dormiret.

819 1859 883 1888 DE
910 1857 1254 1906 coNrESSARns

305 1958 452 2000 Casus
484 1943 627 2000 nostri
658 1958 875 2002 reseruati
909 1973 1015 2002 curn
1047 1958 1431 2003 declarationibus
1462 1959 1690 2012 omnibus,
1726 1960 1858 2004 exhi-

216 2033 410 2078 beantur
430 2040 688 2076 nostrorum
710 2035 1017 2086 confessaffis,
1042 2035 1142 2079 aliis
1176 2049 1286 2079 vero
1313 2036 1511 2080 minime.
1535 2037 1683 2081 Casus
1706 2044 1858 2082 autern

215 2117 507 2155 externorum
535 2120 792 2155 reseruatos
828 2113 1067 2156 habebunt
1086 2113 1221 2158 etiam
1250 2114 1393 2157 nostri
1424 2121 1717 2159 externorum
1747 2129 1858 2157 eon-

217 2187 408 2239 sessarii,
433 2189 488 2230 ad
511 2189 747 2231 arbitrium
771 2189 974 2233 rectoris.
1001 2190 1065 2234 Hi
1083 2205 1194 2234 vero
1214 2205 1349 2234 casus
1376 2199 1511 2235 erunt
1532 2191 1611 2244 illi,
1637 2207 1662 2234 a
1691 2192 1858 2247 quibus

175 2291 178 2294 ·
220 2265 458 2309 absoluere
482 2280 571 2308 non
596 2274 789 2321 possunt
810 2281 867 2310 ex
897 2267 1128 2320 facultate,
1153 2282 1289 2323 quam
1318 2268 1462 2311 nostri
1490 2269 1755 2313 confessarii
1784 2283 1858 2312 ac·

157 2351 160 2354 ’
218 2340 408 2398 cipiunt.
435 2343 554 2385 Sunt
575 2357 685 2386 vero
707 2343 755 2385 hi
777 2343 1012 2397 reseruati,
1032 2358 1123 2387 non
1145 2343 1311 2388 nostris
1332 2345 1658 2401 superioribus,
1679 2347 1760 2389 sed
1784 2346 1855 2390 vel

216 2432 398 2461 summo
421 2418 626 2474 pontifici
650 2419 722 2463 vel
744 2420 989 2474 ordinario,
1008 2420 1184 2464 etiamsi
1201 2421 1299 2465 fieri
1316 2422 1473 2478 possit,
1493 2430 1543 2464 vt
1559 2424 1615 2465 ab
1635 2437 1724 2465 vno
1743 2437 1854 2465 casu

216 2488 430 2538 externos
462 2495 699 2539 absoluere
731 2497 873 2552 possit
904 2497 1131 2554 superior,
1166 2513 1257 2542 non
1290 2498 1497 2556 priuatus
1529 2499 1849 2550 confessarius,

219 2573 341 2627 quod
364 2580 454 2614 tarn
479 2573 672 2628 amplam
691 2573 953 2617 facultatem
969 2573 1043 2617 hic
1059 2589 1150 2617 non
1173 2576 1417 2632 acceperit,
1438 2577 1603 2619 habeat
1627 2575 1851 2631 superior.

220 2649 324 2693 Non
347 2656 499 2692 tamen
520 2657 759 2705 propterea
780 2651 871 2695 423
894 2650 958 2693 illi
979 2650 1064 2694 erit
1087 2660 1346 2696 reseruatus
1368 2667 1518 2704 casus,
1544 2667 1683 2708 quum
1710 2653 1855 2695 confi-

220 2725 359 2770 tentis
393 2740 484 2768 non
517 2725 576 2768 sit
607 2726 827 2782 superior.
863 2729 996 2771 Tunc
1017 2728 1154 2781 enim,
1178 2729 1216 2772 si
1249 2731 1306 2772 ad
1338 2729 1615 2785 superiorem
1646 2737 1852 2771 nostrum

283 2842 302 2859 a
351 2832 436 2867 Hoc
454 2833 564 2868 verb.
586 2832 677 2868 Nat.
698 2844 814 2869 manu
833 2833 1008 2871 additum
1028 2835 1068 2870 in
1090 2834 1186 2871 Cod.
1211 2837 1337 2872 Vatic.
1362 2846 1395 2880 ς.
1451 2838 1513 2862 —b
1542 2836 1634 2870 Nat.
1651 2847 1767 2870 manu
1780 2836 1852 2870 hoc

218 2892 329 2927 verb.
348 2891 470 2927 addit.
489 2891 584 2927 ibid.
639 2913 662 2918 -
684 2902 701 2920 c
727 2893 813 2929 Hoc
832 2894 942 2929 verb.
962 2906 985 2929 a
1003 2895 1092 2934 Nat.
1113 2895 1235 2932 addit.
1255 2896 1351 2932 ibid.
1403 2915 1435 2921 -—
1450 2897 1469 2922 d
1499 2895 1540 2929 16
1559 2896 1679 2930 verba
1698 2906 1854 2941 praece-

217 2948 351 2986 dentia
366 2962 388 2985 a
406 2951 498 2986 Nat.
517 2950 648 2987 addita
667 2951 762 2987 ibid.

293 3048 301 3067 ¹
355 3046 471 3083 Decr.
491 3055 551 3090 95.
570 3046 634 3083 Cf.
658 3047 787 3087 Instit.
808 3037 895 3087 She.
909 3049 1007 3096 Jesu
1023 3050 1134 3095 (edit.
1154 3050 1254 3096 cit.),
1273 3052 1326 3096 11,
1349 3059 1427 3095 177.
