<?xml version="1.0" encoding="UTF-8"?>
<!DOCTYPE html PUBLIC "-//W3C//DTD XHTML 1.0 Transitional//EN"
    "http://www.w3.org/TR/xhtml1/DTD/xhtml1-transitional.dtd">
<html xmlns="http://www.w3.org/1999/xhtml" xml:lang="en" lang="en">
 <head>
  <title>
</title>
<meta http-equiv="Content-Type" content="text/html;charset=utf-8" />
  <meta name='ocr-system' content='tesseract 3.04.00' />
  <meta name='ocr-capabilities' content='ocr_page ocr_carea ocr_par ocr_line ocrx_word'/>
</head>
<body>
  <div class='ocr_page' id='page_1' title='image "./epistolaephieron04nadauoft_0030.png"; bbox 0 0 2098 3470; ppageno 0'>
   <div class='ocr_carea' id='block_1_1' title="bbox 347 269 1314 313">
    <p class='ocr_par' dir='ltr' id='par_1_1' title="bbox 347 269 1314 313">
     <span class='ocr_line' id='line_1_1' title="bbox 347 269 1314 313; baseline 0.001 -9"><span class='ocrx_word' id='word_1_1' title='bbox 347 278 370 313; x_wconf 91' lang='lat'>4</span> <span class='ocrx_word' id='word_1_2' title='bbox 919 269 1098 305; x_wconf 61' lang='lat' dir='ltr'>NormA</span> <span class='ocrx_word' id='word_1_3' title='bbox 1125 278 1314 306; x_wconf 70' lang='lat' dir='ltr'>conicum</span> 
     </span>
    </p>
   </div>
   <div class='ocr_carea' id='block_1_2' title="bbox 289 370 1926 2271">
    <p class='ocr_par' dir='ltr' id='par_1_2' title="bbox 297 370 1926 776">
     <span class='ocr_line' id='line_1_2' title="bbox 301 370 1924 420; baseline 0.003 -13"><span class='ocrx_word' id='word_1_4' title='bbox 301 370 412 418; x_wconf 92' lang='lat' dir='ltr'>quod</span> <span class='ocrx_word' id='word_1_5' title='bbox 435 375 497 407; x_wconf 89' lang='lat' dir='ltr'>est</span> <span class='ocrx_word' id='word_1_6' title='bbox 516 370 670 407; x_wconf 89' lang='lat' dir='ltr'>Natalis</span> <span class='ocrx_word' id='word_1_7' title='bbox 690 372 1000 420; x_wconf 87' lang='lat' dir='ltr'>autographum.</span> <span class='ocrx_word' id='word_1_8' title='bbox 1030 372 1112 409; x_wconf 87' lang='lat' dir='ltr'>Inc.</span> <span class='ocrx_word' id='word_1_9' title='bbox 1136 372 1240 420; x_wconf 79' lang='lat' dir='ltr'>«Qui</span> <span class='ocrx_word' id='word_1_10' title='bbox 1268 373 1306 409; x_wconf 92' lang='lat' dir='ltr'>in</span> <span class='ocrx_word' id='word_1_11' title='bbox 1334 373 1420 410; x_wconf 90' lang='lat' dir='ltr'>eius</span> <span class='ocrx_word' id='word_1_12' title='bbox 1441 372 1630 410; x_wconf 92' lang='lat' dir='ltr'>cubiculo</span> <span class='ocrx_word' id='word_1_13' title='bbox 1658 373 1924 413; x_wconf 81' lang='lat' dir='ltr'><strong>laetissimi...»</strong></span> 
     </span>
     <span class='ocr_line' id='line_1_3' title="bbox 300 441 1926 483; baseline 0.003 -5"><span class='ocrx_word' id='word_1_14' title='bbox 300 441 396 480; x_wconf 89' lang='lat' dir='ltr'>Des.</span> <span class='ocrx_word' id='word_1_15' title='bbox 421 458 483 479; x_wconf 92' lang='lat'>«...</span> <span class='ocrx_word' id='word_1_16' title='bbox 505 441 747 479; x_wconf 88' lang='lat' dir='ltr'>benedictus</span> <span class='ocrx_word' id='word_1_17' title='bbox 767 443 807 479; x_wconf 92' lang='lat' dir='ltr'>in</span> <span class='ocrx_word' id='word_1_18' title='bbox 836 443 984 480; x_wconf 90' lang='lat' dir='ltr'>secula.</span> <span class='ocrx_word' id='word_1_19' title='bbox 1019 442 1193 483; x_wconf 80' lang='lat' dir='ltr'>Amen.»</span> <span class='ocrx_word' id='word_1_20' title='bbox 1231 443 1331 480; x_wconf 86' lang='lat' dir='ltr'><strong>Sunt</strong></span> <span class='ocrx_word' id='word_1_21' title='bbox 1363 448 1499 480; x_wconf 89' lang='lat' dir='ltr'>autem</span> <span class='ocrx_word' id='word_1_22' title='bbox 1528 445 1628 481; x_wconf 90' lang='lat' dir='ltr'>haec</span> <span class='ocrx_word' id='word_1_23' title='bbox 1657 450 1747 482; x_wconf 89' lang='lat' dir='ltr'>acta</span> <span class='ocrx_word' id='word_1_24' title='bbox 1767 445 1926 483; x_wconf 88' lang='lat' dir='ltr'>diversa</span> 
     </span>
     <span class='ocr_line' id='line_1_4' title="bbox 299 512 1925 564; baseline 0.002 -14"><span class='ocrx_word' id='word_1_25' title='bbox 299 513 465 550; x_wconf 93' lang='lat' dir='ltr'>omnino</span> <span class='ocrx_word' id='word_1_26' title='bbox 481 513 533 550; x_wconf 89' lang='lat' dir='ltr'>ab</span> <span class='ocrx_word' id='word_1_27' title='bbox 554 513 613 559; x_wconf 91' lang='lat' dir='ltr'>iis,</span> <span class='ocrx_word' id='word_1_28' title='bbox 630 525 735 560; x_wconf 89' lang='lat' dir='ltr'>quae</span> <span class='ocrx_word' id='word_1_29' title='bbox 756 513 797 551; x_wconf 91' lang='lat' dir='ltr'>P.</span> <span class='ocrx_word' id='word_1_30' title='bbox 815 512 1073 559; x_wconf 89' lang='lat' dir='ltr'>Consalvius‚</span> <span class='ocrx_word' id='word_1_31' title='bbox 1090 515 1178 562; x_wconf 89' lang='lat' dir='ltr'>ipso</span> <span class='ocrx_word' id='word_1_32' title='bbox 1195 514 1233 551; x_wconf 84' lang='lat' dir='ltr'>S.</span> <span class='ocrx_word' id='word_1_33' title='bbox 1250 514 1406 563; x_wconf 90' lang='lat' dir='ltr'>Ignatio</span> <span class='ocrx_word' id='word_1_34' title='bbox 1422 515 1613 562; x_wconf 84' lang='lat' dir='ltr'><strong>dictante,</strong></span> <span class='ocrx_word' id='word_1_35' title='bbox 1629 516 1800 564; x_wconf 87' lang='lat' dir='ltr'>scripsit,</span> <span class='ocrx_word' id='word_1_36' title='bbox 1815 522 1855 554; x_wconf 90' lang='lat' dir='ltr'>et</span> <span class='ocrx_word' id='word_1_37' title='bbox 1873 517 1925 554; x_wconf 90' lang='lat' dir='ltr'>ab</span> 
     </span>
     <span class='ocr_line' id='line_1_5' title="bbox 298 585 1926 635; baseline 0.002 -14"><span class='ocrx_word' id='word_1_38' title='bbox 298 585 357 631; x_wconf 88' lang='lat' dir='ltr'>iis,</span> <span class='ocrx_word' id='word_1_39' title='bbox 378 595 484 632; x_wconf 89' lang='lat' dir='ltr'>quae</span> <span class='ocrx_word' id='word_1_40' title='bbox 505 585 548 623; x_wconf 83' lang='lat' dir='ltr'>P.</span> <span class='ocrx_word' id='word_1_41' title='bbox 570 585 843 622; x_wconf 88' lang='lat' dir='ltr'>Ribadeneira</span> <span class='ocrx_word' id='word_1_42' title='bbox 868 596 941 632; x_wconf 92' lang='lat' dir='ltr'>pro</span> <span class='ocrx_word' id='word_1_43' title='bbox 970 585 1072 622; x_wconf 92' lang='lat' dir='ltr'>illius</span> <span class='ocrx_word' id='word_1_44' title='bbox 1092 586 1174 622; x_wconf 85' lang='lat' dir='ltr'>vita</span> <span class='ocrx_word' id='word_1_45' title='bbox 1201 585 1453 622; x_wconf 86' lang='lat' dir='ltr'>lucubranda</span> <span class='ocrx_word' id='word_1_46' title='bbox 1486 586 1660 635; x_wconf 85' lang='lat' dir='ltr'><strong>collegit.</strong></span> <span class='ocrx_word' id='word_1_47' title='bbox 1694 587 1813 624; x_wconf 85' lang='lat' dir='ltr'><strong>Edita</strong></span> <span class='ocrx_word' id='word_1_48' title='bbox 1833 593 1926 624; x_wconf 91' lang='lat' dir='ltr'>sunt</span> 
     </span>
     <span class='ocr_line' id='line_1_6' title="bbox 297 655 1922 707; baseline 0.001 -14"><span class='ocrx_word' id='word_1_49' title='bbox 297 656 399 693; x_wconf 90' lang='lat' dir='ltr'>inter</span> <span class='ocrx_word' id='word_1_50' title='bbox 418 656 565 704; x_wconf 90' lang='lat' dir='ltr'>scripta</span> <span class='ocrx_word' id='word_1_51' title='bbox 586 656 638 693; x_wconf 92' lang='lat' dir='ltr'>de</span> <span class='ocrx_word' id='word_1_52' title='bbox 659 655 697 693; x_wconf 88' lang='lat' dir='ltr'>S.</span> <span class='ocrx_word' id='word_1_53' title='bbox 719 656 877 705; x_wconf 88' lang='lat' dir='ltr'>Ignatio</span> <span class='ocrx_word' id='word_1_54' title='bbox 899 657 937 692; x_wconf 89' lang='lat' dir='ltr'>in</span> <span class='ocrx_word' id='word_1_55' title='bbox 959 655 1137 692; x_wconf 77' lang='lat' dir='ltr'>Manum.</span> <span class='ocrx_word' id='word_1_56' title='bbox 1161 655 1309 704; x_wconf 65' lang='lat' dir='ltr'>Ignat„</span> <span class='ocrx_word' id='word_1_57' title='bbox 1338 657 1440 693; x_wconf 88' lang='lat' dir='ltr'>serie</span> <span class='ocrx_word' id='word_1_58' title='bbox 1467 656 1536 703; x_wconf 90' lang='lat' dir='ltr'>IV,</span> <span class='ocrx_word' id='word_1_59' title='bbox 1556 657 1635 694; x_wconf 91' lang='lat' dir='ltr'>vol.</span> <span class='ocrx_word' id='word_1_60' title='bbox 1664 657 1694 704; x_wconf 95' lang='lat' dir='ltr'>I,</span> <span class='ocrx_word' id='word_1_61' title='bbox 1720 668 1812 707; x_wconf 86' lang='lat' dir='ltr'>pag.</span> <span class='ocrx_word' id='word_1_62' title='bbox 1832 667 1922 707; x_wconf 92' lang='lat'>471.</span> 
     </span>
     <span class='ocr_line' id='line_1_7' title="bbox 297 727 1234 776; baseline 0 -12"><span class='ocrx_word' id='word_1_63' title='bbox 297 727 410 764; x_wconf 90' lang='lat' dir='ltr'>Folia</span> <span class='ocrx_word' id='word_1_64' title='bbox 436 727 663 776; x_wconf 88' lang='lat' dir='ltr'>162v-170v</span> <span class='ocrx_word' id='word_1_65' title='bbox 683 739 814 764; x_wconf 85' lang='lat' dir='ltr'>vacua</span> <span class='ocrx_word' id='word_1_66' title='bbox 835 739 998 775; x_wconf 88' lang='lat' dir='ltr'>prorsus</span> <span class='ocrx_word' id='word_1_67' title='bbox 1013 732 1234 764; x_wconf 82' lang='lat' dir='ltr'>remanent.</span> 
     </span>
    </p>

    <p class='ocr_par' dir='ltr' id='par_1_3' title="bbox 289 798 1925 2271">
     <span class='ocr_line' id='line_1_8' title="bbox 375 798 1925 848; baseline 0 -12"><span class='ocrx_word' id='word_1_68' title='bbox 375 798 462 836; x_wconf 88' lang='lat' dir='ltr'>Fol.</span> <span class='ocrx_word' id='word_1_69' title='bbox 490 808 583 848; x_wconf 90' lang='lat' dir='ltr'>171r</span> <span class='ocrx_word' id='word_1_70' title='bbox 602 799 710 836; x_wconf 89' lang='lat' dir='ltr'>hunc</span> <span class='ocrx_word' id='word_1_71' title='bbox 738 798 911 847; x_wconf 87' lang='lat' dir='ltr'>praefert</span> <span class='ocrx_word' id='word_1_72' title='bbox 936 798 1095 835; x_wconf 89' lang='lat' dir='ltr'>titulum</span> <span class='ocrx_word' id='word_1_73' title='bbox 1122 810 1143 835; x_wconf 91' lang='lat' dir='ltr'>a</span> <span class='ocrx_word' id='word_1_74' title='bbox 1170 798 1313 835; x_wconf 89' lang='lat' dir='ltr'>Natale</span> <span class='ocrx_word' id='word_1_75' title='bbox 1340 804 1564 837; x_wconf 87' lang='lat' dir='ltr'>exaratum:</span> <span class='ocrx_word' id='word_1_76' title='bbox 1597 800 1719 837; x_wconf 89' lang='lat' dir='ltr'>«Pars</span> <span class='ocrx_word' id='word_1_77' title='bbox 1747 800 1925 838; x_wconf 87' lang='lat' dir='ltr'>chronici</span> 
     </span>
     <span class='ocr_line' id='line_1_9' title="bbox 296 869 1925 920; baseline 0.001 -13"><span class='ocrx_word' id='word_1_78' title='bbox 296 870 545 908; x_wconf 89' lang='lat' dir='ltr'>Societatis.»</span> <span class='ocrx_word' id='word_1_79' title='bbox 567 869 758 918; x_wconf 87' lang='lat' dir='ltr'>Sequitur</span> <span class='ocrx_word' id='word_1_80' title='bbox 778 870 996 908; x_wconf 89' lang='lat' dir='ltr'>chronicon</span> <span class='ocrx_word' id='word_1_81' title='bbox 1019 869 1244 915; x_wconf 87' lang='lat' dir='ltr'>Societatis,</span> <span class='ocrx_word' id='word_1_82' title='bbox 1269 871 1552 918; x_wconf 88' lang='lat' dir='ltr'>transcriptum</span> <span class='ocrx_word' id='word_1_83' title='bbox 1579 882 1602 908; x_wconf 87' lang='lat' dir='ltr'>a</span> <span class='ocrx_word' id='word_1_84' title='bbox 1627 871 1670 908; x_wconf 90' lang='lat' dir='ltr'>P.</span> <span class='ocrx_word' id='word_1_85' title='bbox 1696 870 1855 910; x_wconf 89' lang='lat' dir='ltr'>Didaco</span> <span class='ocrx_word' id='word_1_86' title='bbox 1870 872 1925 920; x_wconf 90' lang='lat' dir='ltr'>Ji·-</span> 
     </span>
     <span class='ocr_line' id='line_1_10' title="bbox 295 939 1925 990; baseline 0.001 -11"><span class='ocrx_word' id='word_1_87' title='bbox 295 953 449 988; x_wconf 90' lang='lat' dir='ltr'>menez,</span> <span class='ocrx_word' id='word_1_88' title='bbox 470 953 524 978; x_wconf 88' lang='lat' dir='ltr'>ex</span> <span class='ocrx_word' id='word_1_89' title='bbox 544 942 812 990; x_wconf 88' lang='lat' dir='ltr'>autographo,</span> <span class='ocrx_word' id='word_1_90' title='bbox 832 940 943 988; x_wconf 90' lang='lat' dir='ltr'>quod</span> <span class='ocrx_word' id='word_1_91' title='bbox 965 941 1003 976; x_wconf 91' lang='lat' dir='ltr'>in</span> <span class='ocrx_word' id='word_1_92' title='bbox 1026 939 1082 977; x_wconf 88' lang='lat'>2.⁰</span> <span class='ocrx_word' id='word_1_93' title='bbox 1102 946 1215 977; x_wconf 91' lang='lat' dir='ltr'>tomo</span> <span class='ocrx_word' id='word_1_94' title='bbox 1242 941 1502 989; x_wconf 89' lang='lat' dir='ltr'>epistolarum</span> <span class='ocrx_word' id='word_1_95' title='bbox 1529 942 1570 980; x_wconf 86' lang='lat' dir='ltr'>P.</span> <span class='ocrx_word' id='word_1_96' title='bbox 1593 942 1746 979; x_wconf 90' lang='lat' dir='ltr'>Natalis</span> <span class='ocrx_word' id='word_1_97' title='bbox 1771 942 1925 980; x_wconf 90' lang='lat' dir='ltr'>editum</span> 
     </span>
     <span class='ocr_line' id='line_1_11' title="bbox 294 1011 1925 1062; baseline 0.001 -12"><span class='ocrx_word' id='word_1_98' title='bbox 294 1017 367 1051; x_wconf 90' lang='lat' dir='ltr'>est.</span> <span class='ocrx_word' id='word_1_99' title='bbox 394 1012 551 1061; x_wconf 88' lang='lat' dir='ltr'>Incipit,</span> <span class='ocrx_word' id='word_1_100' title='bbox 579 1013 646 1050; x_wconf 87' lang='lat' dir='ltr'>fol.</span> <span class='ocrx_word' id='word_1_101' title='bbox 679 1022 789 1062; x_wconf 91' lang='lat' dir='ltr'>171r:</span> <span class='ocrx_word' id='word_1_102' title='bbox 828 1012 875 1059; x_wconf 63' lang='grc' dir='ltr'>«ἠί-</span> <span class='ocrx_word' id='word_1_103' title='bbox 910 1011 1030 1048; x_wconf 80' lang='lat' dir='ltr'>Anno</span> <span class='ocrx_word' id='word_1_104' title='bbox 1065 1011 1229 1048; x_wconf 89' lang='lat' dir='ltr'>Domini</span> <span class='ocrx_word' id='word_1_105' title='bbox 1261 1019 1372 1059; x_wconf 86' lang='lat'>1554.</span> <span class='ocrx_word' id='word_1_106' title='bbox 1407 1012 1635 1062; x_wconf 88' lang='lat' dir='ltr'><strong>Collegium</strong></span> <span class='ocrx_word' id='word_1_107' title='bbox 1668 1013 1925 1051; x_wconf 90' lang='lat' dir='ltr'>cordubense</span> 
     </span>
     <span class='ocr_line' id='line_1_12' title="bbox 292 1082 1923 1123; baseline 0.001 -2"><span class='ocrx_word' id='word_1_108' title='bbox 292 1084 546 1122; x_wconf 87' lang='lat' dir='ltr'>fundatur...»</span> <span class='ocrx_word' id='word_1_109' title='bbox 567 1083 664 1121; x_wconf 91' lang='lat' dir='ltr'>Des.</span> <span class='ocrx_word' id='word_1_110' title='bbox 686 1083 754 1123; x_wconf 85' lang='lat' dir='ltr'>fol.</span> <span class='ocrx_word' id='word_1_111' title='bbox 780 1093 877 1121; x_wconf 86' lang='lat' dir='ltr'>220r</span> <span class='ocrx_word' id='word_1_112' title='bbox 899 1099 957 1120; x_wconf 88' lang='lat'>«...</span> <span class='ocrx_word' id='word_1_113' title='bbox 977 1083 1015 1119; x_wconf 91' lang='lat' dir='ltr'>in</span> <span class='ocrx_word' id='word_1_114' title='bbox 1032 1083 1118 1119; x_wconf 91' lang='lat' dir='ltr'>eius</span> <span class='ocrx_word' id='word_1_115' title='bbox 1138 1082 1275 1120; x_wconf 89' lang='lat' dir='ltr'>locum</span> <span class='ocrx_word' id='word_1_116' title='bbox 1295 1084 1461 1121; x_wconf 87' lang='lat' dir='ltr'>mittitur</span> <span class='ocrx_word' id='word_1_117' title='bbox 1478 1084 1519 1122; x_wconf 94' lang='lat' dir='ltr'>P.</span> <span class='ocrx_word' id='word_1_118' title='bbox 1538 1084 1818 1122; x_wconf 81' lang='lat' dir='ltr'>Paschasius.»</span> <span class='ocrx_word' id='word_1_119' title='bbox 1836 1084 1923 1122; x_wconf 92' lang='lat' dir='ltr'>No-</span> 
     </span>
     <span class='ocr_line' id='line_1_13' title="bbox 292 1154 1924 1204; baseline 0.001 -12"><span class='ocrx_word' id='word_1_120' title='bbox 292 1155 462 1192; x_wconf 87' lang='lat' dir='ltr'>tandum</span> <span class='ocrx_word' id='word_1_121' title='bbox 494 1154 545 1193; x_wconf 91' lang='lat'>1.⁰</span> <span class='ocrx_word' id='word_1_122' title='bbox 575 1155 716 1192; x_wconf 90' lang='lat' dir='ltr'>ordine</span> <span class='ocrx_word' id='word_1_123' title='bbox 743 1154 1034 1203; x_wconf 90' lang='lat' dir='ltr'>chronologico</span> <span class='ocrx_word' id='word_1_124' title='bbox 1061 1165 1191 1190; x_wconf 90' lang='lat' dir='ltr'>annos</span> <span class='ocrx_word' id='word_1_125' title='bbox 1218 1154 1381 1191; x_wconf 91' lang='lat' dir='ltr'>minime</span> <span class='ocrx_word' id='word_1_126' title='bbox 1406 1155 1471 1191; x_wconf 89' lang='lat' dir='ltr'>vel</span> <span class='ocrx_word' id='word_1_127' title='bbox 1496 1156 1759 1204; x_wconf 89' lang='lat' dir='ltr'>transcriptos</span> <span class='ocrx_word' id='word_1_128' title='bbox 1786 1155 1924 1202; x_wconf 88' lang='lat' dir='ltr'>fuisse,</span> 
     </span>
     <span class='ocr_line' id='line_1_14' title="bbox 291 1224 1924 1275; baseline 0.001 -12"><span class='ocrx_word' id='word_1_129' title='bbox 291 1226 355 1263; x_wconf 92' lang='lat' dir='ltr'>vel</span> <span class='ocrx_word' id='word_1_130' title='bbox 375 1227 415 1263; x_wconf 92' lang='lat' dir='ltr'>in</span> <span class='ocrx_word' id='word_1_131' title='bbox 437 1226 580 1263; x_wconf 91' lang='lat' dir='ltr'>codiee</span> <span class='ocrx_word' id='word_1_132' title='bbox 601 1225 837 1271; x_wconf 88' lang='lat' dir='ltr'>collocatos,</span> <span class='ocrx_word' id='word_1_133' title='bbox 858 1225 1045 1272; x_wconf 87' lang='lat' dir='ltr'>incipitur</span> <span class='ocrx_word' id='word_1_134' title='bbox 1066 1225 1173 1261; x_wconf 89' lang='lat' dir='ltr'>enim</span> <span class='ocrx_word' id='word_1_135' title='bbox 1189 1224 1242 1262; x_wconf 89' lang='lat' dir='ltr'>ab</span> <span class='ocrx_word' id='word_1_136' title='bbox 1258 1225 1373 1262; x_wconf 87' lang='lat' dir='ltr'>annis</span> <span class='ocrx_word' id='word_1_137' title='bbox 1395 1232 1562 1274; x_wconf 84' lang='lat'>1554-15</span> <span class='ocrx_word' id='word_1_138' title='bbox 1570 1233 1630 1275; x_wconf 87' lang='lat'>57.</span> <span class='ocrx_word' id='word_1_139' title='bbox 1651 1226 1841 1274; x_wconf 89' lang='lat' dir='ltr'>Sequitur</span> <span class='ocrx_word' id='word_1_140' title='bbox 1855 1238 1924 1264; x_wconf 90' lang='lat' dir='ltr'>an-</span> 
     </span>
     <span class='ocr_line' id='line_1_15' title="bbox 291 1295 1925 1346; baseline 0.001 -12"><span class='ocrx_word' id='word_1_141' title='bbox 291 1309 368 1334; x_wconf 88' lang='lat' dir='ltr'>nus</span> <span class='ocrx_word' id='word_1_142' title='bbox 394 1297 505 1343; x_wconf 85' lang='lat'>1546,</span> <span class='ocrx_word' id='word_1_143' title='bbox 538 1304 649 1346; x_wconf 86' lang='lat'>1547.</span> <span class='ocrx_word' id='word_1_144' title='bbox 678 1296 837 1333; x_wconf 90' lang='lat' dir='ltr'>Deinde</span> <span class='ocrx_word' id='word_1_145' title='bbox 858 1296 897 1332; x_wconf 74' lang='lat' dir='ltr'>{n</span> <span class='ocrx_word' id='word_1_146' title='bbox 917 1307 942 1342; x_wconf 87' lang='lat'><strong>4</strong></span> <span class='ocrx_word' id='word_1_147' title='bbox 963 1295 1066 1332; x_wconf 88' lang='lat' dir='ltr'>foliis</span> <span class='ocrx_word' id='word_1_148' title='bbox 1086 1295 1252 1332; x_wconf 90' lang='lat' dir='ltr'>minoris</span> <span class='ocrx_word' id='word_1_149' title='bbox 1272 1296 1549 1343; x_wconf 86' lang='lat' dir='ltr'>dimensionis,</span> <span class='ocrx_word' id='word_1_150' title='bbox 1570 1296 1742 1334; x_wconf 89' lang='lat' dir='ltr'>habetur</span> <span class='ocrx_word' id='word_1_151' title='bbox 1761 1297 1925 1335; x_wconf 90' lang='lat' dir='ltr'>brevius</span> 
     </span>
     <span class='ocr_line' id='line_1_16' title="bbox 292 1366 1925 1416; baseline 0.001 -12"><span class='ocrx_word' id='word_1_152' title='bbox 292 1368 516 1404; x_wconf 89' lang='lat' dir='ltr'>chronicon</span> <span class='ocrx_word' id='word_1_153' title='bbox 541 1379 675 1404; x_wconf 92' lang='lat' dir='ltr'>rerum</span> <span class='ocrx_word' id='word_1_154' title='bbox 703 1366 927 1412; x_wconf 87' lang='lat' dir='ltr'>Societatis,</span> <span class='ocrx_word' id='word_1_155' title='bbox 955 1366 1006 1403; x_wconf 88' lang='lat' dir='ltr'>ab</span> <span class='ocrx_word' id='word_1_156' title='bbox 1032 1377 1141 1402; x_wconf 87' lang='lat' dir='ltr'>anno</span> <span class='ocrx_word' id='word_1_157' title='bbox 1171 1373 1265 1412; x_wconf 85' lang='lat'>1521</span> <span class='ocrx_word' id='word_1_158' title='bbox 1296 1366 1347 1403; x_wconf 93' lang='lat' dir='ltr'>ad</span> <span class='ocrx_word' id='word_1_159' title='bbox 1381 1374 1492 1413; x_wconf 87' lang='lat'>1543.</span> <span class='ocrx_word' id='word_1_160' title='bbox 1517 1367 1634 1404; x_wconf 90' lang='lat' dir='ltr'>Haec</span> <span class='ocrx_word' id='word_1_161' title='bbox 1663 1371 1798 1405; x_wconf 89' lang='lat' dir='ltr'>autem</span> <span class='ocrx_word' id='word_1_162' title='bbox 1831 1379 1925 1416; x_wconf 87' lang='lat' dir='ltr'>pars</span> 
     </span>
     <span class='ocr_line' id='line_1_17' title="bbox 292 1425 1923 1485; baseline 0.001 -10"><span class='ocrx_word' id='word_1_163' title='bbox 292 1439 470 1475; x_wconf 87' lang='lat' dir='ltr'>chronici</span> <span class='ocrx_word' id='word_1_164' title='bbox 499 1438 550 1475; x_wconf 90' lang='lat' dir='ltr'>ab</span> <span class='ocrx_word' id='word_1_165' title='bbox 577 1438 654 1475; x_wconf 88' lang='lat' dir='ltr'>alio</span> <span class='ocrx_word' id='word_1_166' title='bbox 682 1438 841 1475; x_wconf 90' lang='lat' dir='ltr'>librario</span> <span class='ocrx_word' id='word_1_167' title='bbox 871 1437 1020 1485; x_wconf 89' lang='lat' dir='ltr'>scripta</span> <span class='ocrx_word' id='word_1_168' title='bbox 1046 1437 1129 1474; x_wconf 90' lang='lat' dir='ltr'>fuit.</span> <span class='ocrx_word' id='word_1_169' title='bbox 1157 1436 1357 1483; x_wconf 87' lang='lat' dir='ltr'>Tandem,</span> <span class='ocrx_word' id='word_1_170' title='bbox 1386 1438 1488 1474; x_wconf 85' lang='lat' dir='ltr'>serie</span> <span class='ocrx_word' id='word_1_171' title='bbox 1515 1425 1697 1476; x_wconf 82' lang='lat' dir='ltr'>ordinata</span> <span class='ocrx_word' id='word_1_172' title='bbox 1725 1450 1923 1477; x_wconf 90' lang='lat' dir='ltr'>annorum</span> 
     </span>
     <span class='ocr_line' id='line_1_18' title="bbox 297 1508 1923 1557; baseline 0.001 -11"><span class='ocrx_word' id='word_1_173' title='bbox 297 1509 465 1556; x_wconf 85' lang='lat'>1548-15</span> <span class='ocrx_word' id='word_1_174' title='bbox 474 1516 535 1556; x_wconf 87' lang='lat'>54,</span> <span class='ocrx_word' id='word_1_175' title='bbox 557 1520 580 1546; x_wconf 92' lang='lat' dir='ltr'>a</span> <span class='ocrx_word' id='word_1_176' title='bbox 606 1509 725 1557; x_wconf 90' lang='lat' dir='ltr'>priori</span> <span class='ocrx_word' id='word_1_177' title='bbox 754 1509 988 1546; x_wconf 86' lang='lat' dir='ltr'>amanuensi</span> <span class='ocrx_word' id='word_1_178' title='bbox 1015 1513 1194 1554; x_wconf 87' lang='lat' dir='ltr'>exarata,</span> <span class='ocrx_word' id='word_1_179' title='bbox 1221 1508 1421 1546; x_wconf 89' lang='lat' dir='ltr'>clauditur</span> <span class='ocrx_word' id='word_1_180' title='bbox 1443 1513 1574 1546; x_wconf 91' lang='lat' dir='ltr'>totum</span> <span class='ocrx_word' id='word_1_181' title='bbox 1601 1509 1822 1547; x_wconf 89' lang='lat' dir='ltr'>chronicon</span> <span class='ocrx_word' id='word_1_182' title='bbox 1848 1509 1923 1548; x_wconf 88' lang='lat' dir='ltr'>So-</span> 
     </span>
     <span class='ocr_line' id='line_1_19' title="bbox 291 1579 1924 1628; baseline 0.001 -11"><span class='ocrx_word' id='word_1_183' title='bbox 291 1581 458 1618; x_wconf 91' lang='lat' dir='ltr'>cietatis.</span> <span class='ocrx_word' id='word_1_184' title='bbox 480 1579 585 1618; x_wconf 90' lang='lat' dir='ltr'>Nota</span> <span class='ocrx_word' id='word_1_185' title='bbox 602 1579 672 1626; x_wconf 82' lang='lat'>2.0,</span> <span class='ocrx_word' id='word_1_186' title='bbox 688 1581 791 1616; x_wconf 90' lang='lat' dir='ltr'>inter</span> <span class='ocrx_word' id='word_1_187' title='bbox 806 1579 1055 1628; x_wconf 88' lang='lat' dir='ltr'>singulorum</span> <span class='ocrx_word' id='word_1_188' title='bbox 1072 1591 1270 1617; x_wconf 91' lang='lat' dir='ltr'>annorum</span> <span class='ocrx_word' id='word_1_189' title='bbox 1286 1585 1388 1626; x_wconf 87' lang='lat' dir='ltr'>acta,</span> <span class='ocrx_word' id='word_1_190' title='bbox 1403 1580 1518 1628; x_wconf 90' lang='lat' dir='ltr'>plura</span> <span class='ocrx_word' id='word_1_191' title='bbox 1533 1580 1627 1617; x_wconf 91' lang='lat' dir='ltr'>folia</span> <span class='ocrx_word' id='word_1_192' title='bbox 1641 1591 1772 1618; x_wconf 88' lang='lat' dir='ltr'>vacua</span> <span class='ocrx_word' id='word_1_193' title='bbox 1785 1580 1924 1618; x_wconf 90' lang='lat' dir='ltr'>relicta</span> 
     </span>
     <span class='ocr_line' id='line_1_20' title="bbox 290 1650 1923 1700; baseline 0.001 -12"><span class='ocrx_word' id='word_1_194' title='bbox 290 1652 427 1698; x_wconf 80' lang='lat' dir='ltr'>fuisse,</span> <span class='ocrx_word' id='word_1_195' title='bbox 447 1651 530 1698; x_wconf 92' lang='lat' dir='ltr'>ubi,</span> <span class='ocrx_word' id='word_1_196' title='bbox 559 1651 674 1699; x_wconf 86' lang='lat' dir='ltr'>siqua</span> <span class='ocrx_word' id='word_1_197' title='bbox 703 1656 792 1688; x_wconf 88' lang='lat' dir='ltr'>acta</span> <span class='ocrx_word' id='word_1_198' title='bbox 819 1662 925 1687; x_wconf 87' lang='lat' dir='ltr'>nova</span> <span class='ocrx_word' id='word_1_199' title='bbox 951 1650 1074 1687; x_wconf 87' lang='lat' dir='ltr'>menti</span> <span class='ocrx_word' id='word_1_200' title='bbox 1103 1656 1396 1697; x_wconf 86' lang='lat' dir='ltr'>succurrerent,</span> <span class='ocrx_word' id='word_1_201' title='bbox 1417 1651 1559 1699; x_wconf 90' lang='lat' dir='ltr'>reponi</span> <span class='ocrx_word' id='word_1_202' title='bbox 1585 1651 1802 1689; x_wconf 89' lang='lat' dir='ltr'>commode</span> <span class='ocrx_word' id='word_1_203' title='bbox 1827 1663 1923 1700; x_wconf 89' lang='lat' dir='ltr'>pos-</span> 
     </span>
     <span class='ocr_line' id='line_1_21' title="bbox 291 1721 1924 1771; baseline 0 -11"><span class='ocrx_word' id='word_1_204' title='bbox 291 1728 391 1760; x_wconf 91' lang='lat' dir='ltr'>sent.</span> <span class='ocrx_word' id='word_1_205' title='bbox 419 1723 525 1760; x_wconf 89' lang='lat' dir='ltr'>Nota</span> <span class='ocrx_word' id='word_1_206' title='bbox 555 1721 622 1771; x_wconf 86' lang='lat'>3.⁰‚</span> <span class='ocrx_word' id='word_1_207' title='bbox 650 1723 882 1769; x_wconf 87' lang='lat' dir='ltr'>frequentes</span> <span class='ocrx_word' id='word_1_208' title='bbox 907 1722 946 1758; x_wconf 93' lang='lat' dir='ltr'>in</span> <span class='ocrx_word' id='word_1_209' title='bbox 972 1727 1059 1758; x_wconf 93' lang='lat' dir='ltr'>toto</span> <span class='ocrx_word' id='word_1_210' title='bbox 1091 1723 1168 1759; x_wconf 89' lang='lat' dir='ltr'>hoc</span> <span class='ocrx_word' id='word_1_211' title='bbox 1203 1723 1396 1759; x_wconf 92' lang='lat' dir='ltr'>chronico</span> <span class='ocrx_word' id='word_1_212' title='bbox 1430 1722 1584 1759; x_wconf 90' lang='lat' dir='ltr'>Natalis</span> <span class='ocrx_word' id='word_1_213' title='bbox 1617 1723 1924 1760; x_wconf 88' lang='lat' dir='ltr'>emendationes</span> 
     </span>
     <span class='ocr_line' id='line_1_22' title="bbox 291 1793 1923 1843; baseline -0.001 -11"><span class='ocrx_word' id='word_1_214' title='bbox 291 1794 484 1843; x_wconf 86' lang='lat' dir='ltr'>conspici,</span> <span class='ocrx_word' id='word_1_215' title='bbox 506 1795 537 1831; x_wconf 92' lang='lat' dir='ltr'>si</span> <span class='ocrx_word' id='word_1_216' title='bbox 558 1794 665 1830; x_wconf 92' lang='lat' dir='ltr'>illam</span> <span class='ocrx_word' id='word_1_217' title='bbox 685 1799 839 1842; x_wconf 90' lang='lat' dir='ltr'>partem</span> <span class='ocrx_word' id='word_1_218' title='bbox 861 1794 1056 1841; x_wconf 84' lang='lat' dir='ltr'>excipias,</span> <span class='ocrx_word' id='word_1_219' title='bbox 1077 1805 1183 1840; x_wconf 89' lang='lat' dir='ltr'>quae</span> <span class='ocrx_word' id='word_1_220' title='bbox 1203 1793 1254 1830; x_wconf 91' lang='lat' dir='ltr'>ab</span> <span class='ocrx_word' id='word_1_221' title='bbox 1276 1805 1384 1830; x_wconf 88' lang='lat' dir='ltr'>anno</span> <span class='ocrx_word' id='word_1_222' title='bbox 1410 1801 1504 1840; x_wconf 86' lang='lat'>1521</span> <span class='ocrx_word' id='word_1_223' title='bbox 1536 1793 1588 1831; x_wconf 92' lang='lat' dir='ltr'>ad</span> <span class='ocrx_word' id='word_1_224' title='bbox 1614 1801 1709 1841; x_wconf 86' lang='lat'>1543</span> <span class='ocrx_word' id='word_1_225' title='bbox 1732 1794 1923 1839; x_wconf 67' lang='lat' dir='ltr'>excurrit,</span> 
     </span>
     <span class='ocr_line' id='line_1_23' title="bbox 290 1865 1923 1914; baseline -0.001 -11"><span class='ocrx_word' id='word_1_226' title='bbox 290 1867 390 1903; x_wconf 89' lang='lat' dir='ltr'>haec</span> <span class='ocrx_word' id='word_1_227' title='bbox 411 1866 518 1902; x_wconf 89' lang='lat' dir='ltr'>enim</span> <span class='ocrx_word' id='word_1_228' title='bbox 538 1877 619 1902; x_wconf 95' lang='lat' dir='ltr'>non</span> <span class='ocrx_word' id='word_1_229' title='bbox 641 1865 814 1902; x_wconf 89' lang='lat' dir='ltr'>habetur</span> <span class='ocrx_word' id='word_1_230' title='bbox 832 1866 871 1901; x_wconf 92' lang='lat' dir='ltr'>in</span> <span class='ocrx_word' id='word_1_231' title='bbox 893 1866 1146 1914; x_wconf 87' lang='lat' dir='ltr'>autographo</span> <span class='ocrx_word' id='word_1_232' title='bbox 1167 1877 1189 1902; x_wconf 91' lang='lat' dir='ltr'>a</span> <span class='ocrx_word' id='word_1_233' title='bbox 1215 1865 1335 1902; x_wconf 91' lang='lat' dir='ltr'>nobis</span> <span class='ocrx_word' id='word_1_234' title='bbox 1362 1865 1484 1903; x_wconf 92' lang='lat' dir='ltr'>edito.</span> <span class='ocrx_word' id='word_1_235' title='bbox 1512 1865 1712 1903; x_wconf 77' lang='lat' dir='ltr'>Fortassis</span> <span class='ocrx_word' id='word_1_236' title='bbox 1738 1865 1839 1902; x_wconf 87' lang='lat' dir='ltr'>haec</span> <span class='ocrx_word' id='word_1_237' title='bbox 1859 1865 1923 1903; x_wconf 88' lang='lat' dir='ltr'>illa</span> 
     </span>
     <span class='ocr_line' id='line_1_24' title="bbox 289 1936 1923 1986; baseline 0 -12"><span class='ocrx_word' id='word_1_238' title='bbox 289 1949 382 1985; x_wconf 88' lang='lat' dir='ltr'>pars</span> <span class='ocrx_word' id='word_1_239' title='bbox 402 1942 477 1986; x_wconf 90' lang='lat' dir='ltr'>est,</span> <span class='ocrx_word' id='word_1_240' title='bbox 501 1937 552 1974; x_wconf 91' lang='lat' dir='ltr'>ad</span> <span class='ocrx_word' id='word_1_241' title='bbox 582 1948 705 1984; x_wconf 91' lang='lat' dir='ltr'>quam</span> <span class='ocrx_word' id='word_1_242' title='bbox 730 1937 958 1974; x_wconf 87' lang='lat' dir='ltr'>referuntur</span> <span class='ocrx_word' id='word_1_243' title='bbox 983 1936 1046 1973; x_wconf 92' lang='lat' dir='ltr'>illa</span> <span class='ocrx_word' id='word_1_244' title='bbox 1073 1936 1198 1973; x_wconf 83' lang='lat' dir='ltr'>verba</span> <span class='ocrx_word' id='word_1_245' title='bbox 1227 1937 1394 1983; x_wconf 89' lang='lat' dir='ltr'>Natalis,</span> <span class='ocrx_word' id='word_1_246' title='bbox 1420 1942 1447 1974; x_wconf 90' lang='lat' dir='ltr'>t.</span> <span class='ocrx_word' id='word_1_247' title='bbox 1475 1937 1525 1983; x_wconf 93' lang='grc' dir='ltr'>ΙΙ,</span> <span class='ocrx_word' id='word_1_248' title='bbox 1558 1948 1650 1986; x_wconf 87' lang='lat' dir='ltr'>pag.</span> <span class='ocrx_word' id='word_1_249' title='bbox 1684 1947 1715 1983; x_wconf 88' lang='lat'>1,</span> <span class='ocrx_word' id='word_1_250' title='bbox 1748 1937 1818 1974; x_wconf 92' lang='lat' dir='ltr'>ubi</span> <span class='ocrx_word' id='word_1_251' title='bbox 1846 1937 1923 1974; x_wconf 92' lang='lat' dir='ltr'>sub</span> 
     </span>
     <span class='ocr_line' id='line_1_25' title="bbox 289 2007 1923 2056; baseline 0.001 -12"><span class='ocrx_word' id='word_1_252' title='bbox 289 2008 445 2045; x_wconf 89' lang='lat' dir='ltr'>initium</span> <span class='ocrx_word' id='word_1_253' title='bbox 465 2008 559 2045; x_wconf 89' lang='lat' dir='ltr'>anni</span> <span class='ocrx_word' id='word_1_254' title='bbox 592 2008 691 2055; x_wconf 86' lang='lat'>1546</span> <span class='ocrx_word' id='word_1_255' title='bbox 718 2009 818 2045; x_wconf 89' lang='lat' dir='ltr'>haec</span> <span class='ocrx_word' id='word_1_256' title='bbox 847 2008 1060 2045; x_wconf 88' lang='lat' dir='ltr'>scribebat:</span> <span class='ocrx_word' id='word_1_257' title='bbox 1090 2007 1181 2044; x_wconf 86' lang='lat' dir='ltr'>«Ad</span> <span class='ocrx_word' id='word_1_258' title='bbox 1215 2009 1323 2046; x_wconf 92' lang='lat' dir='ltr'>hunc</span> <span class='ocrx_word' id='word_1_259' title='bbox 1357 2020 1488 2056; x_wconf 93' lang='lat' dir='ltr'>usque</span> <span class='ocrx_word' id='word_1_260' title='bbox 1521 2019 1672 2045; x_wconf 89' lang='lat' dir='ltr'>annum</span> <span class='ocrx_word' id='word_1_261' title='bbox 1698 2008 1851 2045; x_wconf 91' lang='lat' dir='ltr'>dictum</span> <span class='ocrx_word' id='word_1_262' title='bbox 1883 2009 1923 2045; x_wconf 91' lang='lat' dir='ltr'>in</span> 
     </span>
     <span class='ocr_line' id='line_1_26' title="bbox 290 2079 1924 2129; baseline 0.001 -13"><span class='ocrx_word' id='word_1_263' title='bbox 290 2079 480 2128; x_wconf 85' lang='lat' dir='ltr'>apologia</span> <span class='ocrx_word' id='word_1_264' title='bbox 499 2079 551 2116; x_wconf 90' lang='lat' dir='ltr'>ad</span> <span class='ocrx_word' id='word_1_265' title='bbox 572 2079 762 2116; x_wconf 91' lang='lat' dir='ltr'>doctores</span> <span class='ocrx_word' id='word_1_266' title='bbox 783 2079 1065 2116; x_wconf 75' lang='lat' dir='ltr'>Parisienses.»</span> <span class='ocrx_word' id='word_1_267' title='bbox 1089 2079 1174 2116; x_wconf 88' lang='lat' dir='ltr'>Fol.</span> <span class='ocrx_word' id='word_1_268' title='bbox 1203 2089 1316 2126; x_wconf 82' lang='lat' dir='ltr'>194v‚</span> <span class='ocrx_word' id='word_1_269' title='bbox 1337 2079 1490 2117; x_wconf 90' lang='lat' dir='ltr'>Natalis</span> <span class='ocrx_word' id='word_1_270' title='bbox 1515 2091 1638 2116; x_wconf 91' lang='lat' dir='ltr'>manu</span> <span class='ocrx_word' id='word_1_271' title='bbox 1657 2080 1758 2117; x_wconf 91' lang='lat' dir='ltr'>haec</span> <span class='ocrx_word' id='word_1_272' title='bbox 1778 2090 1924 2129; x_wconf 87' lang='lat' dir='ltr'>graeca</span> 
     </span>
     <span class='ocr_line' id='line_1_27' title="bbox 291 2149 1923 2201; baseline 0.001 -15"><span class='ocrx_word' id='word_1_273' title='bbox 291 2150 497 2198; x_wconf 89' lang='lat' dir='ltr'>inscriptio</span> <span class='ocrx_word' id='word_1_274' title='bbox 523 2149 705 2188; x_wconf 91' lang='lat' dir='ltr'>habetur:</span> <span class='ocrx_word' id='word_1_275' title='bbox 729 2155 834 2201; x_wconf 66' lang='grc' dir='ltr'>«πρὸς</span> <span class='ocrx_word' id='word_1_276' title='bbox 859 2152 1081 2200; x_wconf 75' lang='grc' dir='ltr'>διαλόγους.»</span> <span class='ocrx_word' id='word_1_277' title='bbox 1110 2162 1190 2197; x_wconf 88' lang='lat' dir='ltr'>qua</span> <span class='ocrx_word' id='word_1_278' title='bbox 1216 2151 1397 2188; x_wconf 88' lang='lat' dir='ltr'>fortassis</span> <span class='ocrx_word' id='word_1_279' title='bbox 1423 2162 1575 2199; x_wconf 90' lang='lat' dir='ltr'>scopus</span> <span class='ocrx_word' id='word_1_280' title='bbox 1593 2150 1746 2188; x_wconf 87' lang='lat' dir='ltr'>Natalis</span> <span class='ocrx_word' id='word_1_281' title='bbox 1770 2150 1923 2188; x_wconf 87' lang='lat' dir='ltr'>indica-</span> 
     </span>
     <span class='ocr_line' id='line_1_28' title="bbox 289 2221 1922 2271; baseline 0 -13"><span class='ocrx_word' id='word_1_282' title='bbox 289 2226 354 2259; x_wconf 91' lang='lat' dir='ltr'>tur</span> <span class='ocrx_word' id='word_1_283' title='bbox 377 2222 417 2258; x_wconf 92' lang='lat' dir='ltr'>in</span> <span class='ocrx_word' id='word_1_284' title='bbox 443 2222 522 2258; x_wconf 90' lang='lat' dir='ltr'>hoc</span> <span class='ocrx_word' id='word_1_285' title='bbox 549 2222 742 2258; x_wconf 92' lang='lat' dir='ltr'>chronico</span> <span class='ocrx_word' id='word_1_286' title='bbox 770 2221 1038 2267; x_wconf 86' lang='lat' dir='ltr'>conficiendo,</span> <span class='ocrx_word' id='word_1_287' title='bbox 1073 2233 1240 2270; x_wconf 88' lang='lat' dir='ltr'>nempe,</span> <span class='ocrx_word' id='word_1_288' title='bbox 1273 2227 1318 2259; x_wconf 89' lang='lat' dir='ltr'>ut</span> <span class='ocrx_word' id='word_1_289' title='bbox 1350 2233 1400 2259; x_wconf 95' lang='lat' dir='ltr'>eo</span> <span class='ocrx_word' id='word_1_290' title='bbox 1436 2222 1475 2259; x_wconf 93' lang='lat' dir='ltr'>in</span> <span class='ocrx_word' id='word_1_291' title='bbox 1508 2221 1679 2271; x_wconf 86' lang='lat' dir='ltr'>dialogis</span> <span class='ocrx_word' id='word_1_292' title='bbox 1709 2221 1922 2259; x_wconf 89' lang='lat' dir='ltr'>Societatis</span> 
     </span>
    </p>
   </div>
   <div class='ocr_carea' id='block_1_3' title="bbox 219 2291 1634 2343">
    <p class='ocr_par' dir='ltr' id='par_1_4' title="bbox 219 2291 1634 2343">
     <span class='ocr_line' id='line_1_29' title="bbox 219 2291 1634 2343; baseline 0.001 -14"><span class='ocrx_word' id='word_1_293' title='bbox 219 2341 221 2343; x_wconf 14' lang='lat' dir='ltr'>q</span> <span class='ocrx_word' id='word_1_294' title='bbox 290 2292 556 2341; x_wconf 88' lang='lat' dir='ltr'>apologeticis</span> <span class='ocrx_word' id='word_1_295' title='bbox 575 2291 839 2329; x_wconf 88' lang='lat' dir='ltr'>lucubrandis</span> <span class='ocrx_word' id='word_1_296' title='bbox 859 2297 1048 2330; x_wconf 91' lang='lat' dir='ltr'>uteretur.</span> <span class='ocrx_word' id='word_1_297' title='bbox 1071 2293 1156 2329; x_wconf 91' lang='lat' dir='ltr'>Fol.</span> <span class='ocrx_word' id='word_1_298' title='bbox 1179 2303 1252 2330; x_wconf 86' lang='lat'>221</span> <span class='ocrx_word' id='word_1_299' title='bbox 1276 2305 1422 2341; x_wconf 91' lang='lat' dir='ltr'>purum</span> <span class='ocrx_word' id='word_1_300' title='bbox 1441 2297 1634 2330; x_wconf 85' lang='lat' dir='ltr'>remanet.</span> 
     </span>
    </p>
   </div>
   <div class='ocr_carea' id='block_1_4' title="bbox 283 2362 1981 3122">
    <p class='ocr_par' dir='ltr' id='par_1_5' title="bbox 283 2362 1981 3122">
     <span class='ocr_line' id='line_1_30' title="bbox 369 2362 1922 2413; baseline 0 -13"><span class='ocrx_word' id='word_1_301' title='bbox 369 2363 456 2401; x_wconf 85' lang='lat' dir='ltr'>Fol.</span> <span class='ocrx_word' id='word_1_302' title='bbox 479 2373 717 2412; x_wconf 83' lang='lat' dir='ltr'>222r-237v,</span> <span class='ocrx_word' id='word_1_303' title='bbox 738 2364 777 2400; x_wconf 92' lang='lat' dir='ltr'>in</span> <span class='ocrx_word' id='word_1_304' title='bbox 799 2364 1064 2410; x_wconf 90' lang='lat' dir='ltr'>quaternione</span> <span class='ocrx_word' id='word_1_305' title='bbox 1085 2364 1218 2401; x_wconf 89' lang='lat' dir='ltr'>soluto</span> <span class='ocrx_word' id='word_1_306' title='bbox 1240 2363 1413 2401; x_wconf 91' lang='lat' dir='ltr'>habetur</span> <span class='ocrx_word' id='word_1_307' title='bbox 1430 2364 1724 2413; x_wconf 90' lang='lat' dir='ltr'>apographum,</span> <span class='ocrx_word' id='word_1_308' title='bbox 1744 2362 1922 2410; x_wconf 89' lang='lat' dir='ltr'>Jimenez</span> 
     </span>
     <span class='ocr_line' id='line_1_31' title="bbox 290 2434 1922 2482; baseline 0 -11"><span class='ocrx_word' id='word_1_309' title='bbox 290 2445 412 2471; x_wconf 84' lang='lat' dir='ltr'>manu</span> <span class='ocrx_word' id='word_1_310' title='bbox 437 2439 661 2480; x_wconf 85' lang='lat' dir='ltr'>exaratum,</span> <span class='ocrx_word' id='word_1_311' title='bbox 688 2434 883 2482; x_wconf 91' lang='lat' dir='ltr'>epistolae</span> <span class='ocrx_word' id='word_1_312' title='bbox 918 2434 958 2471; x_wconf 90' lang='lat' dir='ltr'>P.</span> <span class='ocrx_word' id='word_1_313' title='bbox 994 2435 1123 2472; x_wconf 88' lang='lat' dir='ltr'>Lainii</span> <span class='ocrx_word' id='word_1_314' title='bbox 1159 2436 1264 2472; x_wconf 88' lang='lat' dir='ltr'>Patri</span> <span class='ocrx_word' id='word_1_315' title='bbox 1297 2435 1522 2472; x_wconf 88' lang='lat' dir='ltr'>Salmeroni</span> <span class='ocrx_word' id='word_1_316' title='bbox 1556 2434 1743 2480; x_wconf 90' lang='lat' dir='ltr'>dictatae,</span> <span class='ocrx_word' id='word_1_317' title='bbox 1772 2434 1812 2471; x_wconf 92' lang='lat' dir='ltr'>in</span> <span class='ocrx_word' id='word_1_318' title='bbox 1841 2445 1922 2482; x_wconf 87' lang='lat' dir='ltr'>qua</span> 
     </span>
     <span class='ocr_line' id='line_1_32' title="bbox 291 2505 1919 2555; baseline 0 -13"><span class='ocrx_word' id='word_1_319' title='bbox 291 2506 424 2542; x_wconf 91' lang='lat' dir='ltr'>brevis</span> <span class='ocrx_word' id='word_1_320' title='bbox 445 2505 518 2542; x_wconf 91' lang='lat' dir='ltr'>sed</span> <span class='ocrx_word' id='word_1_321' title='bbox 538 2510 725 2542; x_wconf 89' lang='lat' dir='ltr'>accurata</span> <span class='ocrx_word' id='word_1_322' title='bbox 745 2505 918 2542; x_wconf 86' lang='lat' dir='ltr'>narratio</span> <span class='ocrx_word' id='word_1_323' title='bbox 935 2506 1164 2543; x_wconf 88' lang='lat' dir='ltr'>continetur</span> <span class='ocrx_word' id='word_1_324' title='bbox 1179 2511 1363 2543; x_wconf 89' lang='lat' dir='ltr'>actorum</span> <span class='ocrx_word' id='word_1_325' title='bbox 1378 2505 1448 2543; x_wconf 90' lang='lat' dir='ltr'>Sti.</span> <span class='ocrx_word' id='word_1_326' title='bbox 1465 2505 1620 2555; x_wconf 89' lang='lat' dir='ltr'>Ignatii,</span> <span class='ocrx_word' id='word_1_327' title='bbox 1637 2505 1689 2542; x_wconf 87' lang='lat' dir='ltr'>ab</span> <span class='ocrx_word' id='word_1_328' title='bbox 1705 2516 1919 2554; x_wconf 84' lang='lat' dir='ltr'>expugna-</span> 
     </span>
     <span class='ocr_line' id='line_1_33' title="bbox 288 2575 1920 2625; baseline 0 -12"><span class='ocrx_word' id='word_1_329' title='bbox 288 2578 398 2613; x_wconf 91' lang='lat' dir='ltr'>tione</span> <span class='ocrx_word' id='word_1_330' title='bbox 418 2576 714 2624; x_wconf 88' lang='lat' dir='ltr'>pampilonensi</span> <span class='ocrx_word' id='word_1_331' title='bbox 740 2587 871 2623; x_wconf 90' lang='lat' dir='ltr'>usque</span> <span class='ocrx_word' id='word_1_332' title='bbox 906 2576 957 2612; x_wconf 92' lang='lat' dir='ltr'>ad</span> <span class='ocrx_word' id='word_1_333' title='bbox 992 2577 1340 2614; x_wconf 89' lang='lat' dir='ltr'>confirmationem</span> <span class='ocrx_word' id='word_1_334' title='bbox 1372 2577 1542 2625; x_wconf 91' lang='lat' dir='ltr'>primam</span> <span class='ocrx_word' id='word_1_335' title='bbox 1574 2575 1788 2614; x_wconf 91' lang='lat' dir='ltr'>Societatis</span> <span class='ocrx_word' id='word_1_336' title='bbox 1811 2575 1920 2624; x_wconf 79' lang='lat' dir='ltr'>jesu,</span> 
     </span>
     <span class='ocr_line' id='line_1_34' title="bbox 290 2646 1920 2696; baseline -0.001 -12"><span class='ocrx_word' id='word_1_337' title='bbox 290 2648 437 2695; x_wconf 89' lang='lat' dir='ltr'>quibus</span> <span class='ocrx_word' id='word_1_338' title='bbox 457 2647 534 2684; x_wconf 90' lang='lat' dir='ltr'>alia</span> <span class='ocrx_word' id='word_1_339' title='bbox 554 2648 659 2684; x_wconf 86' lang='lat' dir='ltr'>facta</span> <span class='ocrx_word' id='word_1_340' title='bbox 687 2648 796 2695; x_wconf 89' lang='lat' dir='ltr'>prius</span> <span class='ocrx_word' id='word_1_341' title='bbox 823 2648 1103 2695; x_wconf 88' lang='lat' dir='ltr'>praetermissa</span> <span class='ocrx_word' id='word_1_342' title='bbox 1131 2653 1171 2684; x_wconf 90' lang='lat' dir='ltr'>et</span> <span class='ocrx_word' id='word_1_343' title='bbox 1197 2648 1409 2696; x_wconf 90' lang='lat' dir='ltr'>epistolam</span> <span class='ocrx_word' id='word_1_344' title='bbox 1434 2647 1476 2684; x_wconf 90' lang='lat' dir='ltr'>B.</span> <span class='ocrx_word' id='word_1_345' title='bbox 1505 2647 1609 2684; x_wconf 90' lang='lat' dir='ltr'>Petri</span> <span class='ocrx_word' id='word_1_346' title='bbox 1638 2646 1772 2693; x_wconf 89' lang='lat' dir='ltr'>Fabri,</span> <span class='ocrx_word' id='word_1_347' title='bbox 1798 2658 1920 2694; x_wconf 90' lang='lat' dir='ltr'>quam</span> 
     </span>
     <span class='ocr_line' id='line_1_35' title="bbox 291 2717 1919 2767; baseline -0.001 -12"><span class='ocrx_word' id='word_1_348' title='bbox 291 2718 560 2756; x_wconf 88' lang='lat' dir='ltr'>Ribadeneira</span> <span class='ocrx_word' id='word_1_349' title='bbox 593 2717 701 2755; x_wconf 80' lang='lat' dir='ltr'>Vitae</span> <span class='ocrx_word' id='word_1_350' title='bbox 722 2717 795 2755; x_wconf 76' lang='lat' dir='ltr'>Sti.</span> <span class='ocrx_word' id='word_1_351' title='bbox 817 2717 975 2766; x_wconf 73' lang='lat' dir='ltr'>Ignatii</span> <span class='ocrx_word' id='word_1_352' title='bbox 993 2718 1170 2764; x_wconf 89' lang='lat' dir='ltr'>inseruit,</span> <span class='ocrx_word' id='word_1_353' title='bbox 1187 2731 1260 2766; x_wconf 90' lang='lat' dir='ltr'>pro</span> <span class='ocrx_word' id='word_1_354' title='bbox 1277 2718 1472 2767; x_wconf 89' lang='lat' dir='ltr'>epistolae</span> <span class='ocrx_word' id='word_1_355' title='bbox 1487 2717 1682 2755; x_wconf 89' lang='lat' dir='ltr'>coronide</span> <span class='ocrx_word' id='word_1_356' title='bbox 1698 2717 1919 2755; x_wconf 84' lang='lat' dir='ltr'>subtexuit.</span> 
     </span>
     <span class='ocr_line' id='line_1_36' title="bbox 288 2788 1920 2838; baseline -0.001 -12"><span class='ocrx_word' id='word_1_357' title='bbox 288 2789 444 2838; x_wconf 90' lang='lat' dir='ltr'>Incipit,</span> <span class='ocrx_word' id='word_1_358' title='bbox 466 2789 533 2827; x_wconf 89' lang='lat' dir='ltr'>fol.</span> <span class='ocrx_word' id='word_1_359' title='bbox 555 2799 664 2826; x_wconf 89' lang='lat' dir='ltr'>222r:</span> <span class='ocrx_word' id='word_1_360' title='bbox 683 2789 815 2837; x_wconf 83' lang='lat' dir='ltr'>«Jhus.</span> <span class='ocrx_word' id='word_1_361' title='bbox 838 2788 965 2836; x_wconf 90' lang='lat' dir='ltr'>Copia</span> <span class='ocrx_word' id='word_1_362' title='bbox 986 2789 1037 2825; x_wconf 90' lang='lat' dir='ltr'>de</span> <span class='ocrx_word' id='word_1_363' title='bbox 1058 2801 1137 2826; x_wconf 90' lang='lat' dir='ltr'>vna</span> <span class='ocrx_word' id='word_1_364' title='bbox 1164 2795 1310 2827; x_wconf 88' lang='lat' dir='ltr'>carta...</span> <span class='ocrx_word' id='word_1_365' title='bbox 1338 2789 1400 2826; x_wconf 89' lang='lat' dir='ltr'>En</span> <span class='ocrx_word' id='word_1_366' title='bbox 1427 2793 1580 2836; x_wconf 89' lang='lat' dir='ltr'>quanto</span> <span class='ocrx_word' id='word_1_367' title='bbox 1606 2800 1671 2825; x_wconf 89' lang='lat' dir='ltr'>me</span> <span class='ocrx_word' id='word_1_368' title='bbox 1704 2788 1855 2826; x_wconf 76' lang='lat' dir='ltr'>seruira</span> <span class='ocrx_word' id='word_1_369' title='bbox 1882 2788 1920 2825; x_wconf 89' lang='lat' dir='ltr'>la</span> 
     </span>
     <span class='ocr_line' id='line_1_37' title="bbox 287 2859 1919 2908; baseline -0.001 -10"><span class='ocrx_word' id='word_1_370' title='bbox 287 2861 544 2899; x_wconf 87' lang='lat' dir='ltr'>memoria...»</span> <span class='ocrx_word' id='word_1_371' title='bbox 566 2861 662 2898; x_wconf 90' lang='lat' dir='ltr'>Des.</span> <span class='ocrx_word' id='word_1_372' title='bbox 683 2860 749 2898; x_wconf 86' lang='lat' dir='ltr'>fol.</span> <span class='ocrx_word' id='word_1_373' title='bbox 773 2860 888 2908; x_wconf 86' lang='lat' dir='ltr'><strong>236v:</strong></span> <span class='ocrx_word' id='word_1_374' title='bbox 912 2875 972 2897; x_wconf 85' lang='grc'><strong>.....</strong></span> <span class='ocrx_word' id='word_1_375' title='bbox 995 2860 1176 2897; x_wconf 81' lang='lat' dir='ltr'>sedicion</span> <span class='ocrx_word' id='word_1_376' title='bbox 1197 2873 1222 2908; x_wconf 85' lang='lat' dir='ltr'>y</span> <span class='ocrx_word' id='word_1_377' title='bbox 1243 2860 1436 2898; x_wconf 90' lang='lat' dir='ltr'>rebuelta.</span> <span class='ocrx_word' id='word_1_378' title='bbox 1458 2860 1521 2896; x_wconf 94' lang='lat' dir='ltr'>De</span> <span class='ocrx_word' id='word_1_379' title='bbox 1541 2859 1722 2906; x_wconf 89' lang='lat' dir='ltr'>Bolonia,</span> <span class='ocrx_word' id='word_1_380' title='bbox 1748 2859 1771 2896; x_wconf 76' lang='lat' dir='ltr'>a</span> <span class='ocrx_word' id='word_1_381' title='bbox 1796 2859 1842 2896; x_wconf 89' lang='lat'>16</span> <span class='ocrx_word' id='word_1_382' title='bbox 1867 2859 1919 2896; x_wconf 91' lang='lat' dir='ltr'>de</span> 
     </span>
     <span class='ocr_line' id='line_1_38' title="bbox 283 2916 1981 2981; baseline -0.002 -12"><span class='ocrx_word' id='word_1_383' title='bbox 283 2932 401 2980; x_wconf 90' lang='lat' dir='ltr'>Junio</span> <span class='ocrx_word' id='word_1_384' title='bbox 427 2939 538 2981; x_wconf 86' lang='lat'>1547.</span> <span class='ocrx_word' id='word_1_385' title='bbox 559 2932 699 2969; x_wconf 86' lang='lat' dir='ltr'>Sieruo</span> <span class='ocrx_word' id='word_1_386' title='bbox 720 2943 770 2968; x_wconf 92' lang='lat' dir='ltr'>en</span> <span class='ocrx_word' id='word_1_387' title='bbox 791 2931 897 2978; x_wconf 89' lang='lat' dir='ltr'>Xpo.</span> <span class='ocrx_word' id='word_1_388' title='bbox 914 2930 1113 2979; x_wconf 87' lang='lat' dir='ltr'>Laynez.»</span> <span class='ocrx_word' id='word_1_389' title='bbox 1138 2931 1233 2968; x_wconf 88' lang='lat' dir='ltr'>Post</span> <span class='ocrx_word' id='word_1_390' title='bbox 1249 2931 1444 2979; x_wconf 89' lang='lat' dir='ltr'>epistolae</span> <span class='ocrx_word' id='word_1_391' title='bbox 1458 2931 1617 2968; x_wconf 87' lang='lat' dir='ltr'>titulum</span> <span class='ocrx_word' id='word_1_392' title='bbox 1637 2931 1738 2968; x_wconf 91' lang='lat' dir='ltr'>haec</span> <span class='ocrx_word' id='word_1_393' title='bbox 1754 2931 1918 2978; x_wconf 89' lang='lat' dir='ltr'>antiqua</span> <span class='ocrx_word' id='word_1_394' title='bbox 1979 2916 1981 2918; x_wconf 68' lang='lat'>,</span> 
     </span>
     <span class='ocr_line' id='line_1_39' title="bbox 287 3001 1919 3052; baseline -0.001 -13"><span class='ocrx_word' id='word_1_395' title='bbox 287 3003 437 3040; x_wconf 87' lang='lat' dir='ltr'>archivi</span> <span class='ocrx_word' id='word_1_396' title='bbox 458 3003 665 3052; x_wconf 87' lang='lat' dir='ltr'>signatura</span> <span class='ocrx_word' id='word_1_397' title='bbox 683 3002 821 3039; x_wconf 90' lang='lat' dir='ltr'>addita</span> <span class='ocrx_word' id='word_1_398' title='bbox 841 3001 892 3038; x_wconf 90' lang='lat' dir='ltr'>ab</span> <span class='ocrx_word' id='word_1_399' title='bbox 914 3002 1052 3050; x_wconf 82' lang='lat' dir='ltr'>ignota</span> <span class='ocrx_word' id='word_1_400' title='bbox 1068 3013 1190 3038; x_wconf 89' lang='lat' dir='ltr'>manu</span> <span class='ocrx_word' id='word_1_401' title='bbox 1211 3002 1294 3038; x_wconf 89' lang='lat' dir='ltr'>fuit:</span> <span class='ocrx_word' id='word_1_402' title='bbox 1319 3001 1391 3040; x_wconf 88' lang='lat' dir='ltr'>«G.</span> <span class='ocrx_word' id='word_1_403' title='bbox 1411 3001 1604 3039; x_wconf 91' lang='lat' dir='ltr'>XXXIX.</span> <span class='ocrx_word' id='word_1_404' title='bbox 1625 3012 1684 3048; x_wconf 84' lang='lat'>4.»</span> <span class='ocrx_word' id='word_1_405' title='bbox 1718 3001 1838 3038; x_wconf 90' lang='lat' dir='ltr'>Edita</span> <span class='ocrx_word' id='word_1_406' title='bbox 1858 3005 1919 3037; x_wconf 91' lang='lat' dir='ltr'>est</span> 
     </span>
     <span class='ocr_line' id='line_1_40' title="bbox 288 3071 1918 3122; baseline -0.001 -12"><span class='ocrx_word' id='word_1_407' title='bbox 288 3074 390 3111; x_wconf 82' lang='lat' dir='ltr'>haec&#39;</span> <span class='ocrx_word' id='word_1_408' title='bbox 409 3073 578 3121; x_wconf 91' lang='lat' dir='ltr'>epistola</span> <span class='ocrx_word' id='word_1_409' title='bbox 599 3074 701 3110; x_wconf 92' lang='lat' dir='ltr'>inter</span> <span class='ocrx_word' id='word_1_410' title='bbox 721 3071 899 3110; x_wconf 72' lang='lat' dir='ltr'>Alonum.</span> <span class='ocrx_word' id='word_1_411' title='bbox 921 3071 1068 3120; x_wconf 67' lang='lat' dir='ltr'>Ignat„</span> <span class='ocrx_word' id='word_1_412' title='bbox 1091 3073 1192 3109; x_wconf 90' lang='lat' dir='ltr'>serie</span> <span class='ocrx_word' id='word_1_413' title='bbox 1213 3072 1282 3118; x_wconf 89' lang='lat' dir='ltr'>lV,</span> <span class='ocrx_word' id='word_1_414' title='bbox 1301 3077 1328 3110; x_wconf 92' lang='lat' dir='ltr'>t.</span> <span class='ocrx_word' id='word_1_415' title='bbox 1351 3073 1380 3119; x_wconf 94' lang='lat' dir='ltr'>I,</span> <span class='ocrx_word' id='word_1_416' title='bbox 1401 3084 1493 3122; x_wconf 90' lang='lat' dir='ltr'>pag.</span> <span class='ocrx_word' id='word_1_417' title='bbox 1526 3082 1609 3118; x_wconf 89' lang='lat'>129.</span> <span class='ocrx_word' id='word_1_418' title='bbox 1631 3071 1717 3110; x_wconf 92' lang='lat' dir='ltr'>Fol.</span> <span class='ocrx_word' id='word_1_419' title='bbox 1744 3081 1821 3121; x_wconf 86' lang='lat'>237</span> <span class='ocrx_word' id='word_1_420' title='bbox 1849 3083 1918 3108; x_wconf 91' lang='lat' dir='ltr'>va-</span> 
     </span>
    </p>
   </div>
  </div>
 </body>
</html>
