2098 3470
280 301 349 337 326
754 305 908 341 PA‘rms
935 305 1178 341 HrERONvm
1203 305 1356 342 NAoAr.

233 404 365 446 cedat
394 403 439 446 in
463 418 572 448 cura
600 405 780 462 collegii
803 408 859 450 D.
888 406 1173 462 Hieronymi.
1206 406 1281 450 Sic
1316 408 1367 450 P.
1395 407 1638 452 Rauestein
1663 414 1762 464 post
1787 423 1872 464 pa-

230 482 342 523 scha
362 481 513 525 ueniet
537 482 836 539 Herbipolim,
863 491 912 526 ut
936 483 1178 539 episcopus
1201 491 1326 540 optat
1350 486 1660 538 uehementer,
1686 499 1739 528 ac
1763 500 1869 542 par·

234 558 311 600 tim
335 558 699 612 concionabitur,
726 560 887 616 partim
911 560 1086 617 parabit
1109 560 1365 604 necessaria
1382 561 1591 618 collegio.

322 637 426 679 Non
449 636 534 680 erit
563 636 760 690 difficile,
802 638 924 681 iuxta
963 638 1083 693 quod
1123 644 1350 693 postremo
1387 638 1499 681 dixit
1527 638 1786 695 episcopus,
1813 647 1867 682 ut

231 712 349 756 idem
372 713 631 756 subscribat
654 714 918 771 scripturae,
946 730 1079 771 quam
1102 714 1164 756 illi
1183 714 1487 759 exhibuimus.
1510 715 1653 771 Igitur
1674 715 1863 772 diligen-

231 797 298 832 ter
320 792 441 846 apud
459 805 562 834 eum
587 798 695 847 agat
716 791 1021 848 prouincialis‚
1049 798 1098 834 ut
1116 791 1260 848 primo
1289 806 1470 848 quoque
1490 799 1692 848 tempore
1715 793 1865 835 mittat

229 867 325 923 ipse
347 867 565 923 scriptum
590 869 677 911 hoc
700 869 755 912 ad
781 870 961 912 Patrem
985 868 1262 924 generalem;
1284 868 1369 912 nisi
1399 868 1518 912 enirn
1541 869 1751 912 videatur
1773 870 1868 912 hoc

228 944 447 1000 scriptum
470 946 657 999 Romae,
687 960 781 988 non
810 953 916 1001 aget
941 947 1075 989 Pater
1103 945 1220 988 serio
1241 946 1299 989 de
1321 945 1501 1002 collegii
1520 945 1788 990 fundatione
1816 954 1863 990 et

228 1020 502 1077 prouisione‚
530 1036 646 1076 quae
669 1021 875 1066 facienda
898 1028 965 1066 est
988 1021 1033 1064 in
1058 1028 1274 1077 tempore.
1302 1023 1358 1064 Et
1380 1023 1468 1064 hoc
1487 1021 1704 1078 scriptum
1723 1037 1867 1065 manuz

226 1112 308 1141 sua
330 1097 527 1140 firmabit
550 1098 806 1155 episcopus,
826 1106 870 1142 et
894 1114 918 1141 a
937 1098 1119 1154 publico
1144 1098 1318 1142 notario
1340 1099 1700 1142 confirmandum
1724 1113 1855 1142 cura-

226 1174 292 1217 bit
317 1174 554 1231 legittime.
774 1214 776 1217 ,

312 1253 368 1294 Ire
393 1256 556 1308 quarto
569 1254 691 1311 folio
711 1254 811 1308 (70)
832 1258 1008 1295 tanturn
1031 1256 1263 1308 sequentes
1281 1254 1600 1310 inscriptiones
1617 1255 1852 1309 reperiun—

224 1333 316 1372 tur.
344 1331 504 1383 Prior,
528 1331 700 1386 abipso
724 1331 935 1387 Jimenez
957 1335 1162 1383 exarata,
1195 1332 1257 1372 ita
1288 1331 1430 1373 habet:
1467 1331 1600 1386 Quae
1622 1330 1865 1387 Herbipolf

222 1406 335 1449 dixit
359 1408 411 1450 P.
438 1407 614 1451 Natalis
638 1407 762 1450 Patri
785 1407 984 1451 Canisio.
1010 1408 1170 1450 Altera
1192 1411 1256 1450 est
1278 1407 1556 1463 hujusmodi:
1577 1408 1630 1451 C,
1657 1422 1717 1451 m.
1743 1423 1787 1464 p.
1814 1422 1862 1451 e-

997 1515 1076 1558 54

885 1594 1020 1649 Jesus
1048 1591 1191 1635 Maria

806 1689 827 1725 7
872 1689 1114 1723 JANUARII
1155 1679 1277 1725 1567.

430 1763 603 1820 QUAE
636 1765 814 1809 RDUS.
855 1767 909 1809 P.
951 1765 1343 1809 HIERONIMUS
1378 1742 1650 1831 NATALIS
1723 1763 1726 1766 ⁴

776 1868 913 1898 DIXIT
948 1867 1235 1902 MoGUNTIAE
1273 1855 1300 1896 ¹.

310 1949 530 2006 Magister
553 1949 749 1997 Iudocus
771 1948 975 1992 mittatur
997 1948 1248 2000 Coloniam,
1275 1956 1324 1991 vt
1347 1947 1584 2004 prouideat
1613 1947 1698 1991 sibi
1721 1947 1858 1991 viati-

219 2042 340 2079 cum,
367 2041 458 2082 quo
483 2029 675 2070 Romam
698 2027 755 2069 ad
773 2025 1013 2081 collegium
1039 2025 1353 2082 germanicum
1377 2025 1707 2080 proficiscatur.

308 2103 541 2160 Georgius
566 2103 838 2147 treuerensis
861 2102 1105 2159 recipiatur
1125 2102 1343 2154 nouitius‚
1364 2109 1409 2146 et
1426 2108 1662 2158 separetur
1679 2103 1735 2144 ab
1754 2100 1862 2144 aliis

219 2181 453 2235 fratribus,
479 2180 606 2223 iuxta
634 2194 807 2224 morem
836 2179 1080 2223 Societatis
1109 2180 1141 2222 ²:
1167 2186 1216 2221 vt
1240 2186 1392 2223 autem
1415 2178 1461 2221 id
1489 2179 1567 2221 fiat
1589 2178 1747 2230 breue,
1772 2192 1850 2222 ve*

218 2258 313 2301 niet
335 2257 553 2314 magister
576 2240 850 2300 nouitiorum
875 2258 930 2299 ad
953 2258 1006 2299 R.
1038 2258 1087 2299 P.
1114 2256 1319 2299 Natalem
1351 2270 1376 2298 a
1404 2254 1591 2299 meridie
1620 2269 1724 2298 cum
1747 2269 1852 2310 pro-

219 2334 397 2378 uintiali
420 2342 466 2378 et
485 2341 660 2379 rectore
682 2333 863 2390 collegii
885 2335 915 2376 ⁵.

288 2466 298 2486 ¹
350 2466 407 2501 Ex
427 2465 649 2511 apographo
673 2474 830 2509 coaeve,
851 2475 872 2498 a
902 2463 1058 2498 duobus*
1080 2462 1247 2498 librariis
1266 2468 1439 2508 exarato,
1470 2462 1509 2497 in
1535 2461 1671 2497 codice
1703 2460 1851 2496 Natal..

215 2526 332 2561 instr.
357 2525 510 2565 Germ„
530 2528 695 2567 quatuor
718 2522 820 2558 foliis
843 2522 954 2567 75-78
981 2522 1135 2568 (89-92).
1166 2521 1275 2557 Prior
1305 2520 1484 2557 librarius
1504 2521 1576 2556 tria
1601 2520 1726 2567 priora
1742 2519 1850 2564 folia,

213 2585 312 2619 alter
332 2583 510 2619 ultimum
529 2582 703 2629 scripsit.
726 2581 877 2617 Natalis
895 2593 1031 2616 manus
1049 2580 1187 2616 nullibi
1206 2585 1379 2627 apparet.
1405 2581 1513 2615 Haec
1537 2579 1742 2615 instructio
1761 2578 1850 2614 data

213 2649 275 2679 est
291 2642 355 2678 die
372 2651 394 2687 7
414 2642 586 2688 Januarii
605 2641 696 2677 anni
718 2641 807 2685 1567
838 2639 1078 2686 Mogunfiae,
1111 2639 1176 2675 ubi
1208 2639 1358 2674 Natalis
1390 2645 1568 2674 versatus
1599 2643 1660 2674 est
1678 2649 1699 2673 a
1722 2637 1786 2673 die
1807 2646 1856 2682 17'

212 2702 443 2738 Decembris
461 2702 552 2737 anni
571 2701 660 2746 1566
679 2700 727 2736 ad
744 2699 847 2735 diem
868 2709 911 2734 20
929 2699 1085 2734 circiter
1102 2698 1305 2734 Februarii
1328 2698 1429 2742 1567.
1450 2697 1512 2733 Cf.
1534 2698 1664 2743 Epist.
1694 2697 1744 2732 P.
1769 2696 1855 2732 Na-

211 2762 296 2803 dal,
315 2761 377 2808 ΠΙ,
399 2760 483 2807 396,
502 2760 585 2805 785.
607 2759 668 2796 Cf.
689 2764 821 2795 nostra
839 2759 1020 2793 Monum.
1049 2759 1245 2805 Paedag„
1268 2768 1357 2804 pag.
1373 2765 1458 2803 795,
1477 2756 1544 2792 ubi
1565 2767 1688 2803 pauca
1706 2767 1755 2791 ex
1775 2756 1853 2791 hoc

214 2825 467 2856 monumento
485 2819 533 2855 ad
551 2819 682 2855 studia
701 2817 919 2865 spectantia
939 2817 1146 2852 edidimus.

281 2882 295 2901 ²
347 2880 391 2914 In
409 2880 587 2925 catalogo
605 2877 763 2923 collegii
782 2876 1014 2923 moguntini,
1034 2887 1135 2911 anno
1156 2875 1246 2922 1568
1265 2874 1423 2922 scripto,
1443 2875 1609 2911 habetur
1628 2873 1854 2920 «Georgius

210 2937 373 2982 Lanius,
392 2937 648 2983 treuerensis,
663 2935 808 2982 janitor
825 2934 1018 2980 collegii».

279 2997 293 3016 ⁵
343 2995 599 3032 Provincialis
615 3001 698 3031 erat
717 2995 763 3031 P.
789 2994 985 3030 Antonius
1005 2993 1147 3040 Vinck3
1167 2998 1294 3029 rector
1313 2993 1566 3038 moguntinus
1592 2992 1634 3030 P.
1663 2992 1850 3027 Lamber-

206 3061 269 3091 tus
290 3056 445 3091 Auerus
464 3055 605 3101 (Auer)
624 3060 663 3091 et
683 3053 869 3101 magister
894 3052 1129 3088 novitiorum
1149 3053 1192 3088 P.
1226 3052 1389 3088 Michael
1408 3051 1585 3089 Ruetius.
1620 3049 1682 3086 Cf.
1703 3051 1851 3086 catalo—

202 3126 298 3160 gum
318 3114 477 3160 collegii
497 3113 734 3160 moguntini,
752 3124 853 3148 anno
876 3113 964 3156 1567
984 3112 1189 3158 scriptum.
