2098 3470
291 209 359 254 584
761 211 917 248 PA'rms
943 212 1185 249 Humor-tun
1211 213 1362 248 NADAL

243 327 269 355 a
290 312 425 365 malo,
451 312 573 366 quod
593 311 767 355 habitat
788 312 833 355 in
863 327 998 358 carne
1031 321 1202 366 nostra,
1227 329 1253 356 a
1282 314 1651 371 concupiscentia
1681 316 1869 370 scilicet,

247 396 295 431 vt
316 388 428 431 nihil
450 388 580 432 nobis
602 395 767 434 noceat
789 388 877 434 578
899 404 1020 442 caro,
1047 389 1158 431 nihil
1187 397 1422 445 praeterea
1444 392 1626 444 demon,
1652 392 1764 435 nihil
1796 394 1873 437 ad-

245 465 501 518 uersitates,
526 466 614 518 ve'l,
640 480 756 522 quae
778 466 1054 523 proueniunt
1078 482 1102 509 a
1126 466 1311 518 mundo,
1337 469 1468 511 mala.
1492 468 1727 512 Castitatis
1744 484 1870 522 vero,

246 542 529 587 obedientiae
567 557 619 586 ac
656 544 952 600 paupertatis,
986 552 1080 586 tum
1115 542 1388 598 reliquarum
1421 544 1641 588 virtutum
1674 545 1874 589 omnium

246 619 634 678 imperfectionem
657 634 682 663 a
705 619 836 663 nobis
857 621 1072 676 depellas;
1099 635 1124 662 a
1154 619 1311 676 poenis
1342 621 1495 675 etiarn,
1521 636 1635 677 quas
1663 637 1743 679 pro
1766 636 1875 679 pec-

248 696 361 739 catis
385 711 626 751 meremur,
651 697 708 740 de
736 704 815 740 tua
846 697 1156 741 misericordia
1179 696 1359 753 eripias,
1386 713 1411 741 a
1441 697 1535 741 suis
1559 698 1695 742 etiam
1716 699 1877 756 poenis

249 787 342 826 eos,
363 772 441 828 qui
462 772 508 815 in
530 773 688 830 poenis
710 773 962 831 purgatorii
985 773 1265 818 detinentur.

342 851 558 893 «Amen.»
585 851 686 894 Hoc
718 852 960 907 respondet
990 850 1199 894 ecclesia.
1236 851 1351 894 Orat
1388 851 1508 895 enim
1546 851 1783 895 nobiscum
1806 866 1878 896 ec-

251 926 403 972 clesia.
432 928 656 972 Obsecrat
678 935 726 970 vt
748 942 865 983 quae
888 927 1083 983 petimus
1113 941 1424 983 assequamur,
1451 942 1503 971 ac
1541 929 1777 972 confirmat
1804 928 1879 972 illa

248 1018 332 1048 nos
354 1019 453 1049 esse
477 1012 802 1061 assequuturos
825 1004 871 1046 in
895 1004 1096 1047 Christo.
1123 1004 1269 1048 Simul
1286 1019 1372 1048 nos
1389 1005 1435 1048 in
1453 1006 1640 1049 Christo
1662 1015 1708 1049 et
1730 1006 1879 1050 eccle-

250 1081 317 1124 sia
338 1081 546 1124 dicimus:
576 1082 767 1125 «Amen.
782 1102 798 1119 »
824 1082 1030 1137 Angelos
1053 1088 1098 1124 et
1121 1088 1304 1124 sanctos
1326 1096 1523 1135 oramus,
1548 1089 1597 1124 vt
1618 1082 1772 1129 dicant
1793 1097 1880 1126 no-

249 1158 447 1203 biscum:
475 1159 696 1202 «Amen.»

271 1273 273 1275 ι
339 1293 402 1323 AD
425 1291 654 1322 FRUCTUM
673 1291 890 1329 ALIQUEM
916 1284 1488 1321 SPIRITUS'ACCIPIENDUM
1512 1291 1793 1330 SEQUENTES

635 1367 1001 1434 RIIEDITATIONES
1026 1367 1241 1397 POSSUNT
1265 1368 1505 1398 EXERCERI

344 1469 497 1512 Primo
520 1467 595 1512 die
611 1467 888 1518 ,meditemur
910 1467 1030 1510 circa
1049 1468 1136 1512 579
1159 1466 1569 1522 circumcisionem,
1594 1467 1883 1511 consideran-

254 1554 324 1591 tes
345 1547 511 1589 deuote
533 1545 737 1588 dolorem
761 1544 947 1596 Christi,
974 1544 1211 1600 sanguinis
1240 1544 1508 1589 effusionem
1535 1552 1581 1588 et
1608 1544 1885 1601 compassio-
1927 1564 1935 1572 ·

254 1638 358 1668 nem
382 1625 507 1668 33¹¹ae
530 1621 721 1678 virginis
744 1622 927 1665 Mariae.

343 1700 556 1745 Secundo
577 1699 666 1751 die,
693 1698 813 1741 circa
835 1698 1085 1742 orationem
1114 1698 1286 1742 Christi
1314 1698 1360 1741 in
1389 1700 1522 1741 horto
1546 1698 1886 1746 consideremus

255 1785 461 1829 mortem,
488 1790 605 1832 quae
628 1775 810 1819 Christo
842 1777 1285 1832 repraesentabatur,
1310 1790 1449 1820 saeua
1485 1775 1619 1818 nimis
1654 1783 1700 1820 et
1729 1782 1886 1819 trucu-
1914 1770 1917 1772 ³

254 1855 394 1907 lenta,
420 1861 507 1898 etc.
550 1854 705 1908 Atque
734 1852 840 1895 hinc
870 1852 1039 1895 Christi
1078 1852 1332 1906 tristiciam,
1357 1851 1574 1904 taedium,
1607 1852 1809 1896 dolorem
1839 1861 1885 1897 et

252 1931 482 1989 lagoniam.
507 1930 686 1974 Deinde
708 1929 1014 1986 sanguineum
1038 1930 1250 1972 sudorem
1273 1944 1354 1986 per
1376 1936 1521 1972 toturn
1545 1942 1710 1985 corpus
1731 1928 1778 1971 in
1795 1936 1885 1972 ter-

254 2024 348 2052 ram
386 2009 717 2052 decurrentem.
758 2008 995 2050 Postremo
1027 2006 1219 2063 virginis
1257 2013 1574 2049 sacrosanctae
1611 2005 1887 2062 compassio-

255 2100 378 2138 nem,
404 2099 521 2140 quae
543 2083 719 2128 etiamsi
742 2098 958 2139 praesens
978 2098 1067 2126 non
1085 2091 1200 2137 erat,
1219 2085 1332 2126 haec
1351 2090 1502 2127 tamen
1525 2085 1690 2128 absens
1709 2097 1887 2127 summo

256 2177 360 2206 cum
382 2162 537 2204 dolore
559 2161 965 2216 contemplabatur.

346 2237 502 2283 Tertio
538 2237 610 2281 die
648 2237 1007 2292 contemplemur
1043 2236 1394 2293 flagellationem
1433 2236 1632 2290 Christi„
1650 2236 1889 2293 sanguinis

258 2315 565 2365 effussionem,
590 2313 791 2356 dolorem
815 2320 859 2356 et
883 2312 1240 2369 compassionem
1266 2314 1390 2356 Hmae
1417 2312 1608 2369 virginis
1638 2313 1824 2357 Mariae.

349 2393 526 2448 Quarto
548 2390 622 2433 die
644 2390 983 2434 consideremus
1006 2397 1159 2432 actum
1189 2389 1496 2454 coronationis
1518 2404 1574 2433 ex
1598 2389 1758 2446 spinis,
1783 2403 1890 2433 san-

260 2469 414 2526 guinis
436 2467 722 2519 effusionem,
748 2467 949 2510 dolorem
971 2473 1017 2509 et
1038 2466 1401 2522 compassionem
1424 2468 1549 2509 B.¹¹¹⁴'³¹e
1572 2466 1762 2523 virginis
1791 2467 1891 2509 Ma-

259 2547 367 2591 riae.

350 2622 541 2679 Quinto,
566 2620 644 2663 vbi
666 2633 907 2676 percussus
930 2628 999 2665 est
1021 2620 1259 2674 arundine,
1285 2627 1552 2664 coronatum
1575 2619 1717 2676 spinis
1733 2627 1889 2676 caput,

260 2716 317 2745 ex
338 2714 427 2755 qua
449 2698 742 2755 percussione
765 2712 912 2740 nouus
941 2699 1071 2741 dolor
1099 2697 1265 2750 extitit,
1291 2712 1413 2740 noua
1449 2696 1611 2740 effusio
1633 2695 1889 2753 sanguinis,

261 2785 306 2822 et
329 2791 450 2820 noua
473 2778 598 2819 13.¹¹²ae
620 2774 810 2831 virginis
833 2775 1003 2819 Mariae
1027 2775 1299 2831 compassio.

350 2853 438 2899 58⁰
471 2853 540 2897 6.⁰
603 2851 891 2896 Considerari
929 2851 1064 2895 etiam
1098 2859 1263 2909 potest,
1289 2866 1393 2895 cum
1422 2851 1632 2908 imposita
1668 2850 1754 2894 fuit
1781 2864 1893 2893 crux

262 2931 463 2984 Christo,
492 2938 542 2973 vt
569 2945 670 2973 eam
698 2928 934 2981 baiularet,
960 2930 1046 2971 sub
1075 2930 1207 2985 cujus
1229 2929 1430 2985 pondere
1459 2929 1580 2971 haud
1607 2926 1745 2970 dubie
1767 2940 1894 2969 com-

262 3016 386 3052 mota
410 3008 548 3070 fuisse
569 3007 668 3050 eius
689 3007 895 3058 vulnera,
920 3014 966 3048 et
988 3013 1289 3049 consecutum
1313 3005 1527 3050 maiorem
1554 3005 1772 3057 dolorem,
1796 3017 1893 3046 ma-

2085 1757 2098 1772 »
2084 1715 2098 1740 6„
2091 1304 2098 1698 -u-——xm-A-n—o...
2093 1277 2098 1290 -
2096 1257 2098 1262 Δ
2092 1234 2098 1241 ι
2096 1190 2098 1195 .
2093 1150 2098 1151 ,
2095 1116 2098 1118 ,
