2098 3470
332 297 404 336 286
809 296 964 339 Purus
990 303 1234 339 HOERONYMl
1260 303 1410 340 NADAL

277 403 549 455 efficiamus,
575 410 621 446 et
643 403 688 446 in
712 403 867 448 litibus
889 396 1327 450 ineundis'seruetur
1344 406 1576 451 decretum
1595 408 1923 465 congregatio-

279 480 354 523 nis
377 479 607 537 generalis
635 482 663 523 ¹.

370 558 520 601 Debet
542 557 834 613 prouincialis
857 560 913 602 ad
935 562 1022 603 hoc
1045 566 1252 616 spectare
1275 560 1382 616 quid
1405 568 1474 603 est
1491 561 1619 605 iuxta
1636 561 1914 621 institutum,

285 641 335 676 ut
368 633 718 677 confraternitas
746 636 978 679 charitatis
1008 636 1172 680 habeat
1201 637 1416 680 sacellum
1445 637 1642 693 aliquod,
1673 645 1719 682 et
1746 639 1913 692 locum,

279 710 329 753 in
355 725 446 766 quo
468 710 744 755 conueniant
765 712 811 754 in
835 713 928 755 suis
951 713 1404 769 congregationibus,
1430 729 1487 758 ne
1514 728 1735 770 cogamur
1757 730 1840 758 nos
1868 716 1915 758 id

281 794 512 843 praestare
535 787 583 829 in
614 795 770 832 nostro
802 790 1010 845 collegio.
1048 792 1308 842 Caeterum,
1346 798 1396 833 ut
1428 791 1774 836 confraternitas
1802 807 1917 836 con-

275 865 453 909 seruari
474 864 631 921 possit,
661 864 889 910 uideretur
918 867 1194 920 consultum,
1230 874 1280 909 ut
1311 874 1573 923 peterentur
1604 867 1916 925 indulgentiae

278 940 458 996 aliquae
487 957 512 984 a
541 956 717 985 summo
744 943 973 998 pontifice3
1006 950 1255 999 praeterea,
1287 951 1338 987 ut
1366 944 1732 989 examinarentur
1759 959 1915 989 eorum

278 1017 498 1074 capitula,
522 1025 568 1061 et
589 1019 954 1063 reformarentur.
982 1021 1031 1062 In
1054 1034 1144 1075 qua
1165 1020 1480 1064 reformatione
1503 1022 1560 1063 ad
1582 1005 1668 1064 hoc
1686 1029 1915 1077 spectare-

278 1101 355 1136 tur
377 1094 638 1151 praecipue,
658 1102 709 1138 ut
730 1096 880 1151 aliqua
902 1096 975 1152 pia
992 1096 1273 1153 obligatione
1291 1098 1364 1140 uel
1385 1097 1607 1153 spirituali
1629 1098 1790 1142 fierent
1804 1112 1914 1141 con-

280 1172 444 1215 fratres
472 1171 619 1228 magis
640 1172 827 1215 animati
854 1180 899 1216 et
922 1181 1183 1218 constantes
1205 1174 1261 1216 ad
1289 1189 1425 1230 opera
1446 1174 1532 1218 ista
1553 1174 1805 1219 charitatis.
1837 1176 1912 1218 I'n-

278 1248 410 1292 terim
432 1249 527 1301 fiat,
553 1256 603 1292 ut
625 1250 692 1304 fit,
723 1250 870 1293 donec
898 1250 1189 1306 prouincialis
1211 1251 1379 1294 scribat
1406 1252 1612 1304 Romam,
1643 1259 1699 1295 et.
1717 1251 1913 1308 accipiat

280 1340 606 1381 responsum...
650 1319 654 1322 ⁵

369 1404 419 1445 In
447 1402 679 1447 mittendis
712 1403 927 1447 fratribus
959 1406 1014 1448 ab
1050 1419 1141 1448 uno
1174 1405 1367 1461 collegio
1400 1406 1456 1447 ad
1493 1404 1632 1457 aliud,
1671 1412 1911 1448 seruentur

273 1493 396 1534 quae
418 1480 709 1537 praescripsit
732 1483 867 1525 Pater
889 1482 1117 1537 generalis
1138 1482 1196 1526 de
1212 1481 1505 1525 missionibus
1521 1488 1566 1525 et
1583 1481 1911 1538 peregrinatio-

272 1556 428 1610 nibus,
455 1564 502 1600 et
523 1558 714 1601 addatur
736 1558 974 1601 instructio
999 1561 1049 1602 P.
1078 1558 1251 1603 Natalis
1274 1559 1346 1603 ²...

368 1633 418 1675 In
443 1634 720 1678 recreatione
743 1634 932 1691 quilibet
953 1642 1104 1691 potest
1127 1650 1226 1680 esse
1248 1649 1352 1678 cum
1375 1635 1471 1678 solo
1499 1635 1775 1678 confessario
1805 1649 1908 1688 suo,

275 1711 432 1764 modo,
457 1711 638 1767 expleto
661 1711 870 1768 negocio,
894 1712 1083 1755 redeant
1105 1713 1161 1755 ad
1190 1711 1584 1756 conuersationem
1616 1711 1905 1756 ordinariam.

364 1788 529 1831 Nullus
551 1788 855 1832 confessarius
877 1788 1101 1832 eximatur
1123 1789 1233 1845 quin
1255 1790 1419 1833 debeat
1441 1789 1599 1832 adesse
1621 1787 1906 1833 recreationi.

366 1864 676 1926 Dispensabit‚
702 1873 837 1920 prout
860 1865 922 1907 illi
944 1865 1188 1918 uidebitur,
1214 1873 1377 1919 rector,
1403 1880 1460 1908 ne
1477 1879 1635 1908 omnes
1651 1864 1716 1909 ire
1733 1879 1905 1921 cogan-

272 1949 351 1984 tur
373 1943 431 1984 ad
455 1956 682 1998 vesperas,
699 1943 843 1984 'modo
866 1941 942 1985 illo
966 1950 1167 1998 tempore
1188 1943 1385 1986 habeant
1407 1941 1547 1985 seria's
1568 1941 1905 1998 occupationes.

365 2018 528 2061 Videat
550 2017 842 2074 prouincialis
863 2034 919 2061 an
943 2018 1085 2075 possit
1109 2019 1258 2063 facere
1279 2018 1597 2075 compendium
1621 2018 1781 2062 melius
1809 2017 1909 2061 eius

264 2095 501 2152 stipendii,
527 2096 649 2151 quod
671 2097 804 2138 datur
828 2096 1017 2148 medico,
1044 2095 1194 2151 aliqua
1216 2095 1445 2139 ratione...

361 2172 410 2216 Si
432 2172 722 2216 refectorium
745 2187 836 2215 non
859 2174 1038 2216 calefiat
1060 2172 1107 2215 in
1129 2174 1308 2228 hyeme,
1335 2187 1392 2214 ne
1415 2173 1527 2214 fiant
1548 2171 1611 2214 ibi
1635 2179 1744 2214 tunc
1772 2170 1909 2214 disci-

268 2248 420 2304 plinae
443 2249 672 2302 solennes,
698 2264 814 2305 quae
837 2249 933 2292 fieri
955 2250 1102 2293 solent
1125 2264 1180 2293 ex
1202 2249 1463 2301 deuotione,
1490 2249 1570 2292 sed
1594 2248 1744 2304 potius
1765 2247 1812 2290 in
1835 2247 1908 2290 hi-

266 2333 492 2382 pocausto
516 2340 700 2383 magno.

360 2403 479 2445 Cum
502 2404 732 2446 habentur
753 2403 1109 2456 exhortationes,
1134 2410 1180 2447 et
1202 2403 1372 2459 aliquid
1395 2403 1512 2447 inter
1535 2403 1697 2446 fratres
1728 2400 1908 2445 uidetur

263 2479 462 2536 dignum
486 2479 819 2531 emendatione,
846 2479 1131 2523 commodius
1155 2479 1336 2524 uidetur
1365 2480 1401 2523 si
1434 2495 1527 2523 non
1557 2477 1807 2536 attingatur
1835 2493 1907 2522 res

267 2556 369 2612 ipsa
391 2563 562 2612 aperte,
589 2556 668 2600 sed
691 2556 841 2612 potius
866 2556 1024 2599 uitium
1049 2557 1122 2600 uel
1150 2556 1448 2612 imperfectio,
1482 2557 1602 2600 unde
1629 2555 1740 2598 illud
1767 2555 1906 2612 profi-

264 2632 474 2686 ciscitur,
507 2640 602 2676 tum
633 2633 777 2676 virtus
805 2634 1107 2689 praedicetur,
1132 2641 1240 2686 etc.,
1273 2648 1389 2689 quae
1419 2633 1621 2677 subsidio
1642 2631 1784 2688 possit
1805 2646 1906 2676 esse

263 2710 327 2753 ad
349 2709 395 2751 id
413 2710 762 2754 emendandum.
785 2711 888 2753 Hoc
911 2710 1182 2766 intelligitur
1199 2717 1249 2752 ut
1271 2709 1533 2766 plurimum,
1554 2724 1657 2752 nam
1680 2707 1779 2753 fieri
1801 2715 1904 2764 pot-

263 2786 357 2829 -erit
388 2794 439 2829 ut
471 2786 528 2829 sit
566 2801 808 2830 necessum
844 2786 996 2842 aliqua
1024 2786 1252 2843 attingere
1284 2786 1330 2828 in
1358 2785 1635 2842 particulari,
1670 2785 1792 2840 quod
1819 2783 1905 2828 erit

261 2862 407 2906 situm
428 2863 475 2905 in
497 2863 666 2907 iudicio
686 2862 978 2920 prouincialis
1000 2872 1062 2917 et,
1087 2877 1144 2906 ex
1166 2863 1264 2907 eius
1286 2862 1619 2914 commissione,
1642 2860 1843 2905 rectoris.

358 2940 451 2996 Qui
475 2955 566 2983 non
589 2947 787 2996 surgunt
808 2939 951 2995 prima
975 2941 1086 2982 hora
1110 2939 1290 2997 (quibus
1313 2954 1406 2982 non
1424 2939 1715 2991 concedatur,
1744 2936 1827 2980 nisi
1844 2936 1904 2980 sit

340 3052 349 3072 ¹
402 3053 616 3087 Decretum
635 3051 786 3087 scilibet
804 3059 864 3097 55,
883 3061 958 3089 λᾶε
975 3050 1291 3097 congregationis
1308 3049 1518 3096 generalis,
1537 3060 1623 3085 can.
1643 3048 1702 3084 26.

336 3113 351 3132 ἓ
403 3111 484 3146 Has
503 3110 594 3146 vide
613 3110 728 3158 infra,
748 3110 849 3146 inter
867 3110 1017 3146 Natalis
1037 3110 1330 3147 instructiones.
