2098 3470
507 58 515 65 ,
598 47 625 53 ·⁴
681 51 718 67 s:
746 47 770 63 t*
830 52 850 62 ,¹
957 50 977 61 .·<
1009 46 1020 51 ““
1263 59 1266 63 ,

771 218 1112 263 Iusrnucr'iousss
1121 224 1204 258 -61
1689 232 1758 269 595

171 327 551 372 considerandum
574 327 833 384 diligenter,
857 340 968 369 num
990 323 1233 369 conueniat
1262 331 1440 368 nostros
1468 325 1589 368 solos
1616 340 1671 368 eo
1700 324 1807 369 mit-

175 413 288 458 tere,
320 419 431 448 num
459 412 508 447 vt
536 404 628 448 illic
663 387 949 448 continenter
984 401 1082 445 dies
1117 408 1164 445 et
1195 408 1354 445 noctes
1383 401 1490 453 sint,
1526 403 1598 444 vel
1635 402 1807 458 aliquot

175 483 311 525 horas
332 481 726 535 antemeridianas,
751 487 798 524 et
825 479 932 525 item
954 479 1126 534 aliquot
1146 477 1501 534 pomeridianas,
1526 493 1609 534 pro
1636 494 1803 532 rerum,

177 559 378 602 locorum
400 573 455 602 ac
475 572 772 614 personarum
789 556 1020 614 qualitate.
1046 557 1210 611 Neque
1227 554 1347 599 enim
1364 554 1411 597 in
1428 556 1807 600 consuetudinem

139 659 142 661 Δ
169 642 246 678 est
265 636 542 687 ducendum,
568 642 617 677 vt
638 635 746 678 illuc
767 649 860 679 non
880 632 1104 676 dormiant
1126 631 1288 684 nostri,
1313 622 1435 687 quod
1463 632 1510 674 in
1531 632 1682 687 aliqua
1705 647 1808 689 proe-

181 711 328 758 uincia
349 720 530 768 ceperat
553 711 665 764 fieri,
690 726 795 755 cum
818 710 929 754 illud
950 708 1092 766 possit
1113 723 1169 752 ex
1191 708 1400 752 instituto
1420 708 1534 761 fieri,
1562 709 1637 751 cui
1661 710 1807 752 fiden-

175 789 288 831 dum
310 795 381 831 est
401 787 448 830 in
470 788 682 831 Domino.

178 911 253 955 812
744 922 806 951 DE
838 910 1191 950 HOSPITALIRUS
1223 914 1242 930 ²

217 1032 219 1034 ·
269 1020 352 1084 Illi,
377 1020 455 1076 qui
477 1022 756 1076 deputantur
783 1020 839 1063 ad
868 1018 1214 1062 ministrandum
1242 1018 1553 1070 xenodochiis,
1585 1019 1708 1062 nulla
1736 1034 1808 1061 ra-

175 1098 305 1144 tione
326 1110 412 1140 nec
432 1097 683 1155 inseruiant
706 1095 991 1148 mulieribus,
1015 1109 1101 1138 nec
1126 1095 1303 1138 illarum
1333 1094 1651 1151 ingrediantur
1682 1096 1810 1139 habi--

177 1174 394 1227 >tationes
419 1188 505 1218 nec
532 1173 668 1217 etiam
696 1173 759 1216 ibi
787 1172 1097 1216 confessiones
1124 1171 1280 1216 audire
1302 1171 1494 1229 [aliquis]
1520 1172 1687 1228 poterit
1714 1173 1813 1215 sine

178 1251 443 1307 particulari
471 1251 702 1303 facultate,
728 1258 774 1295 et
811 1258 922 1293 tunc
961 1249 1134 1293 socium
1165 1248 1351 1292 habebit
1381 1249 1700 1302 domesticum,
1736 1250 1814 1305 qui
1872 1259 1875 1261 ’

181 1335 422 1383 Vtrumque
460 1327 611 1371 videat
638 1335 684 1371 et
709 1328 1005 1386 confitentem
1036 1325 1268 1371 mulierem
1305 1335 1350 1370 et
1388 1327 1732 1379 confessarium,
1766 1337 1814 1369 vt

180 1405 315 1450 s'olet.
1207 1444 1213 1448 .

220 1491 223 1492 ’
269 1482 551 1526 Aduertatur
588 1482 711 1536 quod
747 1482 805 1524 ad
837 1480 1126 1524 xenodochia
1155 1488 1371 1536 poterunt
1403 1481 1521 1523 mitti
1557 1480 1704 1537 primo
1737 1481 1814 1536 qui

160 1557 371 1602 'veniunt
391 1559 450 1601 ad
471 1558 763 1610 Societatem,
789 1558 925 1601 etiam
947 1550 1190 1613 antequam
1211 1558 1270 1600 ad
1291 1557 1479 1613 primam
1501 1547 1814 1614 probationem

115 1628 121 1637 ⁴
183 1635 473 1691 recipiantur,
499 1635 538 1677 si
559 1647 650 1677 non
678 1635 899 1678 habeatur
920 1648 1075 1678 eorum
1099 1640 1225 1677 tanta
1244 1633 1513 1687 satisfactio,
1544 1643 1715 1690 quanta
1745 1649 1815 1678 re-

173 1711 391 1769 ·quiritur,
414 1721 460 1756 et
482 1712 547 1755 sic
575 1727 632 1755 ex
664 1711 741 1755 tali
770 1711 985 1755 missione
1011 1712 1068 1754 ad
1096 1711 1376 1755 xenodochia
1404 1712 1650 1756 habebitur
1677 1727 1816 1768 expe-

180 1788 344 1833 rientia
364 1789 475 1845 quid
493 1789 548 1832 de
575 1788 665 1831 illis
692 1789 968 1844 sperandum
990 1788 1070 1832 sit:
1094 1795 1327 1844 praeterea
1354 1788 1599 1832 mittuntur
1625 1789 1713 1832 iam
1744 1805 1818 1833 re-

182 1865 303 1922 cepti
323 1866 381 1909 ad
397 1864 682 1908 xenodochia
700 1879 781 1921 pro
796 1864 1065 1921 probatione
1086 1865 1327 1909 ordinaria.
1354 1865 1446 1908 Alii
1468 1848 1659 1922 possunt
1682 1866 1815 1918 mitti,

184 1950 231 1985 vt
251 1942 468 1987 iuuentur
489 1943 535 1986 in
558 1943 736 1999 spiritu,
761 1942 938 1986 etiarnsi
961 1943 1127 1986 multos
1147 1958 1290 1987 annos
1312 1943 1575 2000 exegissent
1596 1944 1641 1986 in
1666 1944 1819 1989 Socie-

175 2026 301 2073 ⁴tate;
331 2024 403 2067 613
429 2020 520 2072 alii,
552 2020 658 2075 quia
684 2021 741 2064 de
770 2019 857 2063 illis
885 2020 1091 2078 superior
1121 2020 1300 2064 dubitat
1326 2037 1384 2065 an
1406 2030 1530 2065 recte
1552 2023 1817 2078 procedant,

180 2103 263 2140 aut
282 2097 418 2141 etiam
441 2105 488 2140 vt
514 2097 622 2147 inde
649 2097 936 2141 occasionem
958 2105 1106 2140 sumat
1127 2097 1232 2141 illos
1252 2113 1307 2142 ex
1336 2098 1564 2143 Societate
1586 2098 1820 2143 dimitten-

183 2172 251 2226 di;
275 2172 323 2216 in
345 2173 556 2217 omnibus
579 2188 685 2217 vero
707 2175 976 2230 procedatur
997 2188 1102 2217 cum
1123 2174 1246 2218 omni
1268 2175 1632 2220 consideratione
1656 2176 1699 2218 in
1722 2178 1819 2219 Do-

185 2249 322 2294 mino.
359 2251 556 2294 Possunt
589 2251 723 2294 etiam
758 2251 901 2294 nostri
938 2252 995 2294 ad
1027 2251 1267 2308 hospitalia
1298 2252 1416 2295 mitti
1453 2268 1535 2309 pro
1572 2252 1820 2296 ministerio

180 2325 414 2370 ordinario
436 2327 690 2371 Societatis.
996 2383 998 2385 Ι

275 2403 450 2455 Nostri,-
483 2404 559 2458 qui
594 2403 850 2448 inseruiunt
883 2404 1198 2460 hospitalibus,
1233 2407 1416 2465 vehqui
1452 2407 1498 2449 in
1532 2407 1626 2458 his,
1662 2407 1739 2462 qui
1774 2406 1818 2449 in

186 2495 367 2524 carcere
387 2480 666 2532 detinentur,
690 2480 902 2524 iuuandis
930 2490 1227 2538 occupantur,
1259 2466 1449 2540 possunt
1477 2484 1658 2539 quidem
1683 2498 1817 2525 cura-

183 2572 237 2601 re
257 2564 305 2600 vt
325 2558 641 2613 eleemosynae
662 2559 827 2600 dentur
854 2559 1131 2615 pauperibus
1158 2560 1262 2612 illis,
1293 2562 1374 2604 sed
1402 2562 1588 2603 omnino
1619 2576 1694 2604 eas
1723 2560 1818 2601 dari

186 2642 349 2679 curent
379 2634 514 2677 alicui
547 2634 719 2677 homini
752 2634 807 2678 ad
841 2637 928 2678 hoc
959 2636 1137 2680 delecto
1168 2637 1383 2693 probatae
1420 2638 1540 2681 fidei.
1580 2637 1665 2692 [psi
1699 2637 1817 2678 enim

188 2711 484 2755 eleemosinas
505 2727 563 2754 ne
585 2711 811 2767 accipiant
832 2712 1184 2766 distribuendas,
1209 2714 1295 2757 nisi
1317 2714 1355 2756 si
1371 2715 1553 2769 quando
1576 2714 1660 2756 erit
1676 2713 1819 2755 omni-

158 2796 163 2802 ·
189 2801 249 2830 no
277 2787 600 2840 necessarium,
631 2795 676 2831 et
704 2788 749 2830 id
778 2789 960 2843 quidem
984 2803 1088 2831 cum
1111 2790 1355 2846 superioris
1377 2790 1561 2846 speciali
1585 2790 1818 2834 facultate.

258 2981 276 2998 ²
324 2970 400 3007 Hic
427 2971 565 3007 titulus
591 2971 697 3018 prius
727 2971 896 3019 scriptus
925 2956 1051 3008 fuerat
1081 2978 1172 3009 ante
1201 2958 1499 3023 praecedentem
1520 2973 1819 3019 paragraphum.

188 3028 344 3066 Deinde
361 3031 436 3066 hue
454 3031 664 3067 translatus
682 3037 760 3067 est.
