2098 3470
790 271 1132 310 Suppnssussnwu
1144 281 1205 307 —2
1208 282 1229 317 5
1708 273 1780 321 835

192 377 537 428 confirmantur,
559 374 636 418 illo
656 374 921 427 adiuuante,
940 373 1197 416 subiturum
1221 388 1271 418 se
1293 384 1460 430 speret.
1486 377 1614 420 Haec
1636 391 1741 419 cum
1765 378 1829 420 ita

193 454 409 507 habeant,
447 451 688 497 consulere
718 453 891 508 Xpum.
922 449 1237 506 intelligimus,
1268 465 1384 506 quae
1413 453 1828 510 supererogationis

194 538 319 585 sunt3
346 530 419 576 183
439 531 521 575 sed
541 530 605 573 ita
626 530 880 582 consulere,
905 535 955 571 vt
975 541 1061 572 nec
1084 527 1348 584 praecipiat,
1380 543 1463 572 nec
1491 531 1697 574 consulat
1729 545 1828 576 esse

192 607 483 665 suscipienda
505 614 691 659 temere,
716 606 799 649 sed
818 620 923 649 cum
947 604 1209 648 maturitate
1230 605 1404 648 consilii
1427 615 1472 649 et
1489 606 1651 650 virium
1674 608 1828 664 explo-

193 684 442 728 rationein
470 683 631 740 spiritu
659 691 707 727 et
735 682 941 727 veritate.
983 683 1090 725 Huc
1125 681 1245 724 enim
1283 690 1505 738 spectant,
1546 699 1665 740 quae
1701 699 1827 728 com-

193 768 458 806 mentantur
478 761 593 805 sacri
615 761 826 804 doctores
846 759 892 802 in
920 773 1021 815 cap.
1059 771 1110 816 19
1140 758 1374 802 Matthaei.
1402 759 1624 803 Chrisost.
1661 761 1823 816 inquit:

196 839 334 882 «Non
351 852 510 882 omnes
531 837 717 893 capiunt
739 838 927 881 verbum
951 836 1089 887 istud,
1114 835 1161 878 id
1188 843 1273 887 est,
1306 850 1396 878 non
1420 851 1578 881 omnes
1606 839 1693 880 hoc
1721 853 1826 894 pos-

193 923 346 958 sunt.»
372 916 430 958 Et
452 914 777 970 Hieronymus:
806 913 925 972 «Qui
948 920 1097 969 potest
1119 926 1281 968 capere
1303 913 1467 969 capiat:
1493 914 1825 970 vnusquisque‚

190 991 357 1048 inquit,
376 992 632 1036 consideret
648 991 768 1034 vires
783 1005 906 1043 suas,
926 998 1078 1033 vtrum
1097 989 1239 1046 possit
1256 989 1494 1045 virginalia
1511 998 1557 1033 et
1579 990 1827 1046 pudicitiae

193 1069 379 1126 implere
400 1075 657 1125 praecepta;
684 1082 764 1124 per
785 1082 834 1111 se
854 1067 975 1111 enim
998 1066 1184 1110 castitas
1205 1067 1370 1109 blanda
1391 1074 1477 1120 est,
1504 1075 1550 1112 et
1573 1068 1827 1123 quemlibet

193 1146 252 1190 ad
271 1160 322 1190 se
343 1145 560 1198 alliciens;
584 1145 667 1189 sed
688 1136 1042 1188 considerandae
1059 1152 1167 1187 sunt
1182 1143 1318 1196 vires,
1339 1153 1388 1186 vt
1406 1145 1483 1199 qui
1500 1152 1647 1201 potest
1665 1159 1829 1202 capere

189 1223 384 1280 capiat.»
420 1223 560 1278 Quod
591 1228 638 1266 et
673 1222 845 1265 Paulus
876 1229 1047 1265 monet:
1077 1228 1084 1276 Ι
1114 1220 1306 1265 «Melius
1338 1229 1422 1273 est,
1459 1221 1619 1277 inquit,
1655 1223 1828 1267 nubere

192 1314 327 1356 quam
349 1299 419 1343 vri
451 1302 508 1345 ¹.»
542 1301 694 1357 (Tho.,
731 1312 768 1342 1.
801 1311 844 1351 2,
875 1313 919 1354 q.
960 1299 1057 1352 108,
1088 1314 1132 1344 a.
1164 1311 1228 1352 2.,
1262 1299 1320 1341 ad
1347 1299 1577 1355 primum.)
1617 1301 1675 1342 Et
1713 1301 1826 1344 haec

190 1376 374 1433 quidem
397 1384 504 1420 sunt
532 1376 578 1419 in
610 1375 810 1420 consiliis
837 1375 1066 1428 omnibus,
1106 1375 1151 1418 in
1190 1375 1277 1419 illis
1309 1376 1572 1432 praesertim
1606 1376 1828 1432 primariis

190 1453 428 1506 castitatis,
454 1453 749 1510 paupertatis,
775 1461 822 1496 et
843 1452 1145 1505 obedientiae,
1170 1454 1227 1496 ad
1245 1467 1362 1508 quae
1383 1453 1554 1508 reliqua
1572 1454 1665 1497 fere
1688 1454 1827 1498 redu—

190 1539 371 1574 cuntur.

281 1608 436 1663 Itaque
458 1607 806 1652 indifferentiam
828 1609 885 1651 ad
914 1623 967 1652 ea
995 1621 1194 1664 quoque,
1230 1621 1347 1662 quae
1379 1608 1436 1650 ad
1469 1607 1655 1651 consilia
1689 1607 1827 1664 perti-

192 1691 319 1738 nent,
345 1698 431 1727 nos
458 1685 685 1728 adducere
713 1685 881 1729 debere
908 1685 1144 1738 docemur,
1175 1692 1222 1727 et
1249 1699 1341 1727 non
1369 1684 1521 1727 subito
1553 1685 1610 1727 ad
1642 1699 1696 1729 ea
1727 1699 1828 1728 esse

189 1759 549 1817 irrumpendum,
573 1761 658 1804 nisi
683 1762 850 1806 selecta
882 1769 1036 1805 nostra
1057 1770 1178 1806 esset
1200 1761 1392 1814 vocatio,
1429 1770 1476 1804 et
1508 1761 1581 1805 cui
1617 1762 1828 1806 resistere

188 1837 264 1880 vix
286 1851 543 1895 possemus,
568 1838 724 1881 diuino
746 1838 966 1882 instinctu
989 1840 1213 1891 trahente3
1239 1853 1331 1895 quo
1353 1838 1398 1881 in
1428 1853 1599 1895 genere
1628 1853 1712 1882 nos
1735 1846 1851 1900 tra--

189 1914 342 1958 dimus
363 1914 559 1971 primum
582 1916 766 1958 modum
786 1915 1076 1968 electionum;
1102 1915 1149 1958 in
1171 1915 1270 1959 aliis
1291 1931 1416 1968 vero,
1441 1916 1517 1958 vbi
1540 1920 1645 1959 non*
1667 1916 1825 1971 liquet,

188 1991 331 2048 longe
345 1999 415 2036 est
433 1991 596 2036 melius
612 1992 666 2045 si,
681 1995 910 2049 proposita
921 1992 1238 2045 indifferentia,
1254 1994 1534 2037 voluntatem
1553 1993 1639 2037 Dei
1656 1992 1827 2048 disqui—

188 2083 356 2122 ramus;
381 2083 540 2114 verum
562 2084 617 2113 eo
638 2069 806 2123 animo,
832 2069 890 2116 181
919 2078 937 2095 ³
960 2077 1008 2112 vt
1036 2084 1331 2126 quocumque
1352 2070 1585 2113 vocauerit
1607 2072 1751 2122 Deus,
1772 2084 1828 2114 eo

189 2143 434 2203 sequamur
463 2161 706 2202 propense,
741 2146 852 2190 illud
883 2147 1086 2191 suauiter
1118 2162 1338 2191 amemus.
1375 2148 1530 2203 Atque
1563 2148 1676 2191 adeo
1714 2146 1827 2189 ratio

188 2221 365 2265 consilii
387 2221 434 2265 in
459 2222 723 2267 vniuersum
746 2223 980 2280 propositi,
1017 2224 1398 2279 quemadmodum
1431 2223 1698 2280 euangelica
1719 2237 1823 2279 pro-

188 2297 342 2354 posuit
363 2300 530 2355 Xpus.‚
555 2299 667 2343 illud
695 2300 836 2344 videri
866 2308 1014 2356 potest
1045 2300 1292 2353 insinuare,
1329 2287 1695 2356 quandoquidem
1733 2314 1823 2342 non

188 2375 406 2433 singulis,
447 2378 527 2420 sed
563 2377 608 2419 in
647 2377 911 2422 vniuersum
949 2378 1161 2421 omnibus
1198 2386 1527 2434 proponuntur,
1569 2384 1617 2418 vt
1655 2376 1825 2432 singuli

186 2454 431 2497 consulant
454 2453 649 2510 primum
673 2469 781 2498 num
805 2455 863 2499 ad
885 2469 966 2500 eos
988 2455 1225 2499 consilium
1250 2455 1456 2506 attineat,
1477 2454 1598 2508 quod
1617 2462 1686 2497 est
1703 2467 1825 2495 com-

189 2536 368 2585 pertum
392 2530 588 2587 singulis
609 2545 703 2574 non
721 2546 822 2576 esse
844 2531 1141 2588 propositum.

278 2607 355 2650 Ad
376 2608 507 2662 haec,
531 2607 570 2651 si
593 2607 673 2651 tibi
696 2622 791 2652 non
813 2608 1110 2662 satisfaciant,
1135 2623 1252 2664 quae
1274 2608 1366 2651 dixi
1398 2607 1432 2661 b,
1464 2607 1567 2649 vide
1599 2607 1657 2649 ad
1688 2606 1824 2648 finem

188 2683 471 2728 fundamenti
494 2684 605 2740 quid
626 2684 848 2737 dicamus,
873 2679 1254 2741 quemadmodum
1284 2700 1376 2728 rem
1408 2692 1547 2727 totam
1579 2682 1824 2725 concluda—

187 2773 307 2803 mus:
332 2773 388 2803 eo
410 2769 609 2805 nostram
632 2762 981 2806 indifferentiam
1010 2770 1233 2818 spectare,
1259 2771 1307 2804 vt
1330 2777 1382 2805 ea
1406 2762 1551 2803 solum
1581 2758 1820 2814 eligamus,

186 2849 243 2880 ea
263 2836 589 2891 desideremus,
615 2853 732 2895 quae
755 2841 1019 2883 conducunt
1035 2839 1183 2896 magis
1200 2840 1258 2882 ad
1274 2840 1409 2882 finem
1428 2844 1609 2880 nostrae
1628 2834 1822 2879 creatio-

258 2946 277 2965 ι
324 2936 583 2973 Emendatum
611 2949 634 2973 a
664 2939 753 2975 Nat.
787 2951 837 2974 ex
866 2951 969 2986 quae
991 2940 1039 2975 de
1068 2938 1250 2974 consiliis
1280 2939 1381 2974 dixi.
1434 2938 1499 2964 -b
1527 2934 1634 2970 Folia
1669 2932 1824 2968 181-183

185 2993 322 3031 ordine
338 3001 588 3042 praepostero
605 2997 645 3032 in
663 2996 800 3033 codice
818 2999 1025 3034 habentur.

259 3077 269 3098 ¹
324 3078 336 3112 1
356 3077 479 3125 Con„
496 3079 581 3125 Vll,
597 3090 634 3125 9.
