2098 3470
320 305 386 332 102
789 296 943 332 Pin-ms
969 296 1211 332 H1ERONYM1
1238 295 1388 332 NADAL

359 411 403 452 4,
430 412 560 442 corne
577 398 613 441 si
633 399 693 442 ha
706 399 789 441 ada
805 398 1093 443 comunicare
1110 399 1151 442 la
1168 413 1250 442 sua
1268 398 1493 442 authorita
1509 399 1566 442 ad
1582 399 1683 443 altri
1701 400 1900 445 officiali.

360 486 402 529 5,
428 475 532 518 delli
555 475 785 519 assistenti
806 476 877 518 del
901 475 1132 532 preposito
1155 477 1384 532 generale,
1417 475 1574 531 quanti
1603 491 1812 529 saranuo,
1843 478 1900 522 de

270 561 438 607 quante
460 551 659 605 natione,
685 559 854 607 quanta
875 552 1069 596 autorita
1086 554 1351 596 haueranno
1369 552 1505 608 quelli
1527 554 1611 596 che
1627 553 1902 609 elegeranno

270 644 297 671 o
319 629 598 684 deporanno.

359 706 402 757 6,
428 706 485 748 de
507 704 772 748 fundatione
794 705 1087 761 collegiorum
1110 713 1156 750 et
1178 705 1517 762 dispensatione
1538 707 1781 759 bonorum,
1802 713 1848 751 et
1865 707 1901 749 si

272 790 463 838 possunt
485 781 723 824 transmiti.

359 870 402 913 7,
427 859 484 901 de
507 858 785 914 expellendis
808 859 1038 914 professis,
1064 874 1204 915 quare
1226 867 1271 904 et
1294 860 1490 914 quando.

359 937 402 987 8,
428 937 485 979 de
508 935 641 978 modo
664 934 900 979 emittendi
924 942 1030 978 uota
1057 935 1102 978 in
1135 935 1328 992 singulis
1358 936 1489 979 annis
1522 936 1638 979 inter
1666 936 1903 980 missarum

273 1012 523 1056 sollemnia.

359 1104 402 1146 9,
429 1090 485 1132 de
508 1088 728 1132 uarietate
750 1089 1059 1144 professorum
1081 1097 1126 1132 et
1148 1103 1304 1132 eorum
1328 1089 1612 1132 auctoritate.

359 1182 404 1219 x,
430 1167 487 1210 de
509 1165 611 1217 illis,
630 1165 709 1220 qui
729 1166 946 1210 deserunt
966 1167 1086 1209 bona
1107 1181 1190 1209 sua
1211 1165 1416 1223 collegiis
1443 1175 1487 1210 et
1516 1166 1615 1209 aliis
1643 1165 1728 1222 piis
1756 1166 1905 1222 operi-

274 1245 375 1296 bus,
401 1241 593 1298 qualiter
611 1242 881 1297 expellendi.

359 1320 420 1376 xj,
446 1320 503 1363 de
533 1319 692 1364 eadem
720 1318 930 1363 doctrina
961 1319 1200 1364 Societatis
1232 1322 1477 1370 seruanda,
1517 1329 1562 1363 et
1593 1320 1719 1363 libris
1750 1319 1906 1376 impri-

276 1397 469 1442 mendis.
1258 1449 1268 1462 l

359 1475 437 1530 xij,
463 1475 519 1518 de
541 1475 783 1519 sufficienti
806 1475 1059 1519 litteratura
1080 1473 1099 1500 ¹³
1121 1475 1177 1518 ad
1199 1475 1498 1518 ordinandum
1522 1475 1568 1517 in
1591 1475 1834 1520 Societate.

360 1552 456 1607 xiij,
482 1553 539 1595 de
562 1567 652 1596 non
675 1553 985 1596 defraudanda
1006 1554 1113 1597 sede
1141 1551 1406 1610 apostolica,
1431 1552 1685 1595 ordinando
1708 1551 1806 1596 sine
1829 1553 1906 1595 be-

273 1629 435 1674 neficio
457 1638 502 1673 et
524 1629 795 1686 patrimonio
817 1631 903 1672 sub
926 1629 1057 1672 titulo
1081 1629 1336 1681 Societatis,
1365 1637 1410 1672 et
1432 1636 1589 1686 postea
1617 1629 1899 1685 expellendo.

360 1706 472 1762 xiiij,
503 1707 560 1750 de
591 1707 876 1750 absolutione
914 1714 1127 1750 uotorum
1165 1721 1245 1762 per
1281 1707 1432 1750 sedern
1470 1706 1763 1761 apostolicam
1801 1713 1908 1750 ante

276 1783 623 1838 professionem.

364 1875 439 1913 xv,
465 1861 527 1903 de
554 1859 764 1916 capitulis
794 1861 1084 1917 generalibus
1116 1868 1162 1904 et
1189 1859 1566 1917 prouincialibus,
1592 1874 1683 1914 quo
1706 1867 1908 1915 tempore

277 1939 446 1982 debent
468 1938 566 1982 fieri
587 1945 633 1981 et
654 1938 898 1993 quomodo.

364 2015 456 2070 xvj,
482 2016 540 2059 de
567 2014 799 2059 mittendis
829 2017 887 2058 ad
914 2015 1120 2059 infideles
1147 2015 1324 2068 iudeos,
1356 2022 1515 2058 contra
1543 2015 1825 2057 uoluntatem
1853 2012 1909 2056 il-

275 2093 437 2145 lorum,
462 2093 634 2147 absque
656 2092 773 2135 scitu
795 2100 841 2137 et
863 2099 988 2135 motu
1010 2092 1193 2149 proprio
1210 2107 1369 2148 papae,
1390 2099 1441 2134 ut
1457 2092 1504 2134 in
1522 2093 1592 2134 23]ι
1609 2091 1734 2134 bulla
1750 2095 1909 2133 contra

277 2168 465 2224 primam
488 2168 804 2212 intentionem.

365 2245 473 2300 xvij,
500 2247 683 2300 quando
705 2247 1058 2292 constitutiones
1080 2255 1126 2290 et
1149 2248 1271 2290 bulle
1293 2247 1568 2290 concordent
1591 2252 1608 2270 ⁰
1629 2281 1640 2290 .
1689 2274 1700 2286 ,

367 2321 492 2378 xviij,
523 2323 579 2366 de
609 2323 752 2366 forma
779 2324 1125 2379 gubernationis
1153 2325 1275 2380 apud
1296 2324 1468 2380 Judeos
1499 2323 1554 2378 [!]·
1583 2330 1629 2364 et
1662 2322 1782 2377 apud
1817 2321 1911 2363 col-

282 2400 416 2457 legia.

369 2476 509 2532 xviiij,
534 2474 591 2521 de
614 2478 760 2520 forma
782 2478 1006 2520 seruanda
1028 2477 1074 2531 in
1096 2477 1319 2534 collegiis,
1346 2476 1423 2519 ubi
1446 2475 1613 2519 fuerint
1636 2476 1788 2532 plures
1811 2489 1912 2531 pro-

281 2553 389 2598 fessi
411 2562 456 2598 et
478 2561 627 2598 rector
647 2561 694 2598 et
716 2554 944 2598 officiales

373 2643 446 2684 20,
472 2631 531 2673 de
560 2632 705 2673 forma
733 2631 987 2687 expellendi
1015 2638 1105 2674 tarn
1134 2633 1364 2687 professos
1393 2646 1528 2687 quam
1551 2645 1643 2674 non
1665 2631 1912 2686 professos,

284 2715 328 2751 et
358 2722 439 2763 per
470 2721 600 2763 quos,
627 2715 672 2751 et
701 2707 911 2764 qualiter,
941 2707 979 2750 si
1006 2707 1204 2764 poterint
1232 2708 1447 2764 appellari
1475 2709 1532 2751 ad
1561 2707 1808 2764 capitulum
1829 2694 1914 2762 ge—

284 2786 452 2828 nerale.

372 2863 446 2906 De
466 2861 756 2918 poenitentiis
776 2861 1070 2918 iniungendis
1091 2862 1348 2906 errantibus
1368 2862 1551 2918 publice
1574 2862 1648 2906 uel
1665 2868 1852 2905 secrete.

375 2940 445 2982 De
471 2939 612 2982 forma
629 2938 875 2995 recipiendi
895 2938 1198 3000 poenitentes,
1224 2940 1467 2996 redeuntes
1485 2940 1541 2982 ad
1563 2953 1659 2982 nos,

361 3121 379 3138 a
427 3123 472 3146 sa
487 3122 564 3147 ms.
620 3112 685 3138 —b
705 3110 944 3146 lieteratura
959 3121 1036 3145 ms.
1089 3118 1154 3136 -c
1178 3109 1259 3144 Sic.
