2098 3470
297 212 367 257 488
767 214 920 252 Parius
947 216 1189 253 Hissnotwm
1215 217 1365 253 NADAL

340 314 496 359 Fuerit
519 330 577 360 ne
599 318 757 360 sanus?

339 390 411 433 An
436 392 594 435 firmus
615 392 662 435 in
683 393 940 447 vocatione,
967 402 1011 438 et
1034 394 1184 438 animo
1213 401 1435 451 prompto,
1467 402 1515 437 vt
1543 394 1667 438 viuat
1695 409 1748 439 ac
1776 410 1876 440 mo-

251 466 390 510 riatur
411 467 457 510 in
480 467 720 513 Societatis
742 469 998 515 obedientia
1020 471 1192 526 absque
1214 470 1301 514 alio
1323 470 1460 513 animi
1482 470 1737 526 proposito?

336 548 420 591 358
448 546 569 589 Num
598 545 643 588 in
671 546 829 590 officiis
859 548 928 590 vel
957 546 1345 603 occupationibus,
1381 547 1426 590 in
1464 546 1629 603 quibus
1666 555 1874 592 versatus

249 628 333 673 est,
361 621 495 665 fuerit
516 622 664 666 animo
686 623 839 678 quieto
861 631 905 667 et
928 623 1179 679 composito
1201 631 1246 666 et
1267 637 1372 667 eum
1399 625 1573 667 fructu?

339 699 551 755 Quonam
573 707 706 755 pacto
728 715 776 744 se
804 700 995 758 gesserit
1023 700 1067 742 in
1097 700 1370 755 obedientia,
1400 700 1666 744 nominatim
1697 715 1802 745 vero
1828 700 1875 744 in

249 789 318 828 ea,
346 790 462 830 quae
485 783 554 820 est
575 775 852 821 intellectus?

339 853 735 908 Quemadmodum
773 853 836 896 illi
873 853 1145 898 successerit
1180 853 1227 896 in
1270 854 1475 897 oratione
1517 854 1590 898 vel
1621 854 1767 898 vocali
1803 853 1876 897 vel

248 929 449 982 mentali,
482 931 710 985 quomodo
737 930 783 973 in
812 931 960 974 missis
989 931 1061 975 vel
1089 930 1386 983 celebrandis,
1427 931 1500 973 vel
1536 930 1789 983 audiendis,
1828 930 1875 973 in

249 1005 548 1062 suscipiendis
585 1008 893 1060 sacramentis,
926 1006 1114 1063 aliisque
1153 1009 1304 1061 rebus,
1339 1022 1456 1063 quae
1492 1008 1548 1051 ad
1585 1007 1875 1052 deuotionem

250 1083 459 1136 attinent,
485 1090 530 1128 et
553 1098 687 1139 quem
710 1086 892 1128 modum
916 1084 1072 1127 orandi
1096 1085 1277 1136 habeat,
1298 1099 1407 1128 num
1429 1085 1742 1140 scrupulosus?

338 1161 412 1203 An
436 1155 763 1217 occupationes*
780 1169 1010 1213 externae,
1031 1161 1128 1204 siue
1151 1160 1419 1215 studiorum,
1444 1160 1542 1204 siue
1563 1160 1875 1216 cuiuscunque

250 1237 436 1282 alterius
458 1237 692 1281 ministerii
714 1237 1022 1283 imminuerint
1044 1237 1106 1280 illi
1128 1239 1202 1282 vel
1223 1237 1491 1282 imminuant
1521 1236 1706 1294 spiritus
1733 1238 1876 1282 deuo-

250 1314 435 1367 tionem,
463 1314 536 1356 vel
558 1314 724 1371 alioqui
747 1317 966 1371 augeant?

341 1392 570 1434 Passusne
592 1391 650 1434 sit
673 1393 947 1436 tentationes
970 1391 1167 1436 acriores
1184 1391 1230 1434 in
1253 1391 1507 1444 vocatione,
1532 1391 1605 1437 vel
1627 1390 1724 1435 aliis
1740 1392 1876 1436 rebus

250 1468 554 1524 grauioribus,
580 1483 692 1524 quas
716 1469 990 1513 tentationes
1012 1468 1087 1512 alii
1108 1468 1427 1520 intellexerint,
1463 1475 1508 1513 et
1538 1482 1646 1511 num
1674 1482 1751 1512 eas
1778 1467 1877 1511 aliis

249 1545 346 1601 ipse
369 1545 789 1598 communicauerit,
816 1546 913 1589 siue
936 1546 1124 1590 internis
1146 1546 1243 1589 siue
1261 1545 1478 1590 externis?

339 1623 461 1666 Num
483 1621 702 1668 iudicium
725 1622 935 1666 habuerit
958 1622 1187 1679 proprium
1210 1623 1282 1666 vel
1303 1620 1632 1665 dubitationem
1661 1621 1717 1665 de
1745 1620 1876 1664 insti-

253 1705 369 1753 tuto,
394 1698 796 1743 constitutionibus
817 1707 862 1743 et
885 1699 1055 1755 regulis
1076 1698 1336 1744 Societatis?

339 1777 416 1820 An
438 1777 495 1821 de
517 1776 653 1820 rebus
674 1776 760 1820 illis
783 1776 1100 1832 disputauerit,
1125 1776 1254 1831 quasi
1275 1776 1523 1820 dubitaret?

338 1857 422 1899 359
445 1854 567 1897 Num
591 1860 695 1896 vota
716 1853 956 1898 Societatis
985 1854 1164 1906 habeat,
1190 1860 1236 1897 et
1257 1868 1315 1896 an
1337 1852 1497 1897 melius
1519 1852 1685 1896 habeat
1714 1852 1760 1895 in
1783 1851 1876 1908 spi-

253 1930 344 1973 ritu
366 1937 607 1986 postquam
627 1930 702 1973 illa
723 1930 880 1984 edidit,
904 1938 950 1975 et
973 1945 1030 1974 an
1052 1929 1139 1973 alia
1161 1936 1266 1972 vota
1288 1930 1474 1974 habeat?

339 2008 462 2051 Num
482 2007 529 2050 in
550 2007 761 2051 omnibus
782 2007 1123 2050 difficultatibus
1145 2013 1190 2050 et
1207 2006 1372 2059 dubiis,
1393 2006 1490 2050 siue
1513 2021 1664 2051 rerum
1685 2005 1875 2051 interio-

253 2098 369 2136 rum,
390 2083 487 2128 siue
505 2083 795 2137 exteriorum,
816 2083 852 2126 si
876 2083 959 2139 ipsi
983 2083 1280 2135 occurrerint,
1302 2083 1372 2127 vel
1391 2069 1648 2135 occurrent,
1668 2081 1726 2125 sit
1746 2095 1876 2138 para-

253 2169 326 2203 tus
344 2167 463 2203 stare
481 2159 784 2205 conscientiae
801 2161 873 2202 vel
890 2159 1055 2203 iudicio
1070 2159 1324 2212 Societatis,
1338 2158 1518 2215 proprio
1535 2172 1671 2203 sensu
1689 2172 1742 2201 ac
1758 2157 1878 2202 iudi-

249 2236 324 2279 cio
342 2236 564 2292 deposito,
585 2244 704 2281 etan
722 2235 893 2291 aliquas
910 2236 1093 2279 omnino
1109 2236 1275 2280 habeat
1292 2234 1551 2279 huiusmodi
1568 2234 1878 2278 difficultates?

343 2314 419 2356 An
442 2314 499 2357 sit
521 2313 782 2357 indifferens
810 2314 867 2356 ad
889 2328 1046 2358 omnes
1067 2319 1212 2375 status
1234 2311 1487 2364 Societatis,
1513 2311 1589 2367 qui
1617 2312 1766 2354 adhuc
1787 2325 1877 2354 non

230 2374 323 2434 'est
345 2390 671 2435 determinatus
702 2390 759 2434 ad
790 2389 983 2445 aliquem
1012 2397 1195 2443 statum3
1226 2404 1285 2433 an
1313 2388 1486 2433 scilicet
1523 2388 1581 2431 sit
1617 2387 1880 2432 indifferens

254 2477 304 2511 vt
332 2468 390 2512 sit
417 2466 732 2520 scholasticus,
763 2467 996 2510 coadiutor
1035 2466 1308 2523 temporalis,
1347 2459 1581 2509 ceadiutor
1616 2464 1876 2521 spiritualis,

255 2546 330 2590 vel
351 2546 601 2602 professus?

345 2622 438 2678 Qui
459 2637 570 2667 vero
592 2629 661 2666 est
683 2620 995 2673 scholasticus,
1023 2636 1080 2664 an
1108 2620 1166 2664 sit
1194 2619 1453 2663 indifferens
1475 2626 1524 2661 vt
1545 2618 1603 2662 sit
1625 2618 1878 2671 coadiutor,

257 2700 332 2743 vel
354 2700 607 2756 professus?

345 2777 394 2822 Si
416 2776 678 2821 indifferens
706 2776 763 2819 sit
785 2776 849 2832 (vt
870 2776 1036 2818 debent
1063 2775 1251 2831 omnes),
1282 2775 1338 2818 ad
1367 2789 1501 2831 quem
1531 2782 1680 2818 tamen
1709 2779 1879 2831 statum

260 2853 473 2898 maiorem
497 2853 662 2898 sentiat
683 2852 1043 2896 inclinationem?

348 2932 424 2974 An
452 2930 511 2974 sit
537 2930 797 2975 indifferens
827 2930 884 2973 ad
913 2930 1062 2973 omnia
1089 2929 1236 2973 officia
1266 2929 1338 2972 vel
1366 2928 1613 2972 ministeria
1641 2926 1883 2973 Societatis

255 3009 333 3053 vel
356 3007 657 3052 obedientias?
