2098 3470
323 286 395 322 402
796 275 951 313 PA’rms
977 277 1222 312 Humomnn
1245 275 1395 312 NADAL

278 376 708 435 peregrinationem,
742 375 828 420 nisi
859 391 957 421 eam
990 377 1252 421 facultatem
1281 377 1470 434 accipiat
1492 393 1519 422 a
1540 364 1600 423 90
1621 378 1905 435 prouinciali,

275 455 348 499 vel
370 454 648 511 generalem,
672 455 745 497 vel
768 454 1099 511 particularem.

363 532 539 575 Curent
561 515 777 584 rectores,
803 545 959 574 omnes
982 531 1183 574 omnium
1207 545 1393 575 suorum
1415 531 1748 583 inclinationes,
1769 532 1907 575 facul-

275 615 392 651 tates
413 608 643 652 naturales
664 621 718 651 ac
738 607 874 651 etiam
899 608 1266 664 supernaturales
1287 610 1456 653 habere
1477 609 1750 665 exploratas,
1770 614 1815 652 et
1831 622 1908 652 eas

275 685 557 742 praesertim,
583 698 701 740 quae
729 685 786 728 ad
818 684 1066 729 ministeria
1097 684 1338 729 Societatis
1369 686 1580 729 obeunda
1611 692 1718 728 sunt
1748 699 1908 729 neces-

274 761 406 805 saria.

363 838 412 883 Si
430 838 507 893 qui
529 839 586 880 ab
605 836 964 894 inquisitoribus,
983 837 1240 882 haereticae
1256 837 1493 894 prauitatis
1510 837 1617 881 facti
1641 837 1727 891 rei,
1740 837 1788 882 in
1805 852 1908 882 car-

274 928 379 959 cere
401 914 679 968 detinentur,
704 929 762 958 ne
778 928 857 957 eos
875 913 1018 957 nostri
1033 914 1280 957 defendant
1296 914 1448 970 aliquo
1464 922 1614 971 pacto,
1635 914 1708 959 vel
1723 915 1781 959 de
1797 913 1908 971 ipsis

274 992 535 1048 loquantur,
561 990 624 1034 ita
645 998 695 1034 vt
716 990 957 1035 videantur
980 991 1149 1035 fauere.

365 1068 722 1112 Accuratissime
743 1069 852 1111 dent
875 1082 1058 1124 operam
1087 1074 1303 1121 rectores,
1333 1074 1383 1110 vt
1410 1067 1698 1111 celebrentur
1724 1067 1904 1120 missae,

275 1153 371 1189 tum
394 1160 475 1202 pro
505 1144 836 1198 fundatoribus,
863 1152 959 1187 tum
990 1159 1071 1201 pro
1093 1144 1322 1189 defunctis
1342 1143 1582 1189 Societatis
1613 1144 1825 1188 Patribus
1851 1159 1906 1187 ac

275 1222 508 1267 fratribus.

364 1300 532 1343 Curam
556 1305 718 1356 gerant
749 1306 949 1342 rectores
981 1297 1248 1354 diligentem
1283 1300 1470 1341 Patrum
1501 1312 1555 1342 ac
1586 1298 1793 1352 fratrum,
1829 1297 1906 1354 qui

274 1377 363 1420 iam
384 1375 556 1419 diutius
579 1376 624 1418 in
649 1375 876 1420 Societate
899 1381 1154 1429 versantur,
1185 1374 1223 1418 si
1244 1375 1356 1418 fiant
1386 1375 1502 1419 forte
1530 1374 1904 1432 negligentiores,

274 1455 347 1499 vel
368 1454 617 1506 liberiores,
643 1459 751 1505 etc.,
772 1459 817 1497 et
838 1458 999 1495 curent
1022 1451 1265 1508 diligenter
1286 1466 1339 1494 ac
1359 1451 1566 1508 prouide,
1586 1458 1636 1494 vt
1657 1451 1715 1494 ad
1736 1451 1906 1508 simpli-

273 1531 458 1575 citatem
481 1529 781 1582 obedientiae,
807 1536 851 1573 et
874 1529 931 1572 ad
952 1527 1278 1584 perfectionem
1296 1535 1587 1582 reuocentur;
1607 1528 1743 1584 idque
1761 1528 1906 1584 primo

275 1607 442 1651 facient
473 1605 659 1650 secretis
691 1605 1089 1657 admonitionibus,
1125 1605 1166 1650 91
1198 1604 1378 1658 deinde,
1414 1604 1451 1648 si
1483 1619 1598 1661 opus
1625 1604 1777 1658 fuerit,
1808 1604 1907 1648 aliis

273 1684 408 1727 etiam
433 1682 594 1726 modis.
1648 1674 1657 1678 ⁸

363 1761 487 1803 Inter
510 1760 596 1803 alia
617 1759 810 1803 maxime
832 1759 1045 1802 studeant
1076 1765 1276 1803 rectores
1306 1758 1701 1811 confessariorum,
1736 1773 1906 1815 procu-

274 1845 490 1891 ratorum,
526 1844 796 1893 emptorum,
831 1850 883 1878 ac
917 1850 1090 1887 eorum,
1125 1834 1203 1890 qui
1229 1834 1529 1879 communiter
1552 1835 1746 1892 negocia
1769 1835 1905 1880 colle-

273 1915 452 1972 giorum
477 1913 677 1958 exterius
700 1920 860 1970 agunt,
886 1919 1146 1968 perspectas
1163 1912 1336 1956 habere
1356 1911 1675 1966 conscientias,
1694 1919 1741 1956 et
1763 1910 1905 1957 eos'in

273 1992 423 2052 officio
446 1990 738 2048 perfectionis
759 1989 1010 2034 continere:
1037 2003 1195 2033 eorum
1218 1988 1354 2031 etiam
1371 1988 1682 2034 confessiones
1699 1988 1902 2042 audient,

272 2069 432 2112 saltem
456 2067 649 2124 singulis
670 2066 901 2111 mensibus
926 2067 954 2109 ¹.
981 2065 1198 2122 Deligant
1219 2065 1305 2108 sibi
1327 2065 1751 2121 quosdam,‹quibus
1768 2053 1904 2109 fidem

271 2145 506 2198 adhibere,
536 2158 709 2200 suaque
731 2144 1006 2187 concredere
1028 2149 1204 2185 secreta
1226 2149 1327 2185 tuto
1348 2141 1538 2198 possint,
1564 2156 1681 2198 quos
1707 2143 1905 2200 habeant

271 2221 671 2265 coniunctissimos
701 2234 754 2264 ac
785 2227 962 2264 secreto
994 2225 1180 2262 vtantur
1211 2233 1346 2275 opera
1377 2232 1554 2271 eorum,
1579 2233 1661 2275 pro
1682 2218 1905 2275 cuiusque

224 2313 228 2318 ·
273 2299 504 2351 facultate,
542 2299 728 2350 talento,
754 2303 891 2352 atque
912 2296 1161 2348 habilitate,
1187 2296 1244 2338 ad
1266 2295 1392 2348 alios,
1418 2295 1455 2338 si
1477 2295 1555 2352 qui
1579 2295 1807 2352 eguerint,
1831 2294 1901 2338 iu-

273 2375 462 2428 uandos,
482 2390 572 2430 qua
589 2375 635 2417 in
655 2389 705 2418 re
721 2374 968 2427 cauebunt,
989 2373 1139 2428 quoad
1154 2372 1252 2416 eius
1268 2372 1367 2416 fieri
1384 2372 1569 2429 poterit,
1589 2387 1647 2416 ne
1663 2372 1905 2416 videantur

269 2452 583 2509 exceptionem
606 2465 899 2508 personarum
923 2450 1102 2494 sectari.

357 2531 428 2573 Ne
450 2536 638 2585 rogetur
660 2527 959 2571 confessarius
982 2528 1038 2570 de
1059 2541 1215 2570 eorum
1234 2526 1341 2580 vita,
1362 2540 1558 2582 quorum
1576 2522 1904 2569 audit'confes-

269 2607 435 2651 siones.
461 2607 578 2649 Nam
602 2605 638 2648 si
661 2604 769 2660 quid
792 2603 888 2646 vitii
912 2603 1109 2660 attingat
1131 2604 1202 2647 vel
1225 2602 1450 2660 opinionis
1472 2602 1699 2655 sinistrae,
1725 2601 1902 2658 pericu-

270 2685 364 2727 lum
388 2691 458 2728 est
478 2697 537 2727 ne
558 2681 867 2739 integritatem
890 2681 1038 2725 laedat
1056 2680 1210 2737 sigilli,
1230 2681 1303 2725 vel
1323 2680 1452 2724 facile
1469 2694 1561 2723 non
1578 2678 1786 2735 aufugiet
1803 2678 1901 2722 illo-

345 2846 355 2866 ¹
406 2844 501 2879 Post
517 2843 719 2878 decretum
738 2839 954 2877 Clementis
974 2841 1081 2886 VIII,
1100 2840 1146 2875 26
1163 2839 1257 2886 Maji
1278 2838 1383 2886 1593,
1402 2838 1443 2874 in
1459 2850 1544 2886 cap.
1565 2848 1586 2884 5
1604 2836 1904 2876 Ordinationum

270 2902 525 2940 Generalium
554 2903 720 2938 relatum
732 2931 740 2947 ,
773 2911 879 2936 «non
910 2900 1003 2935 licet
1033 2899 1310 2946 Superioribus
1339 2898 1602 2944 Regularibus
1635 2897 1904 2933 confessiones

271 2962 515 2999 subditorum
534 2961 682 3005 audire,
707 2959 785 2996 nisi
808 2958 964 3006 quando
987 2963 1192 3004 peccatum
1216 2957 1372 3005 aliquod
1394 2962 1637 2993 reservatum
1660 2955 1901 3003 admiserintz,

270 3027 338 3058 aut
355 3022 513 3069 ipsimet
531 3020 679 3056 subditi
695 3021 831 3066 sponte
848 3030 896 3054 ac
909 3017 1079 3064 proprio
1096 3020 1207 3053 motu
1226 3016 1265 3053 id
1282 3018 1331 3053 ab
1349 3016 1407 3053 eis
1426 3016 1648 3064 petierint.»
1663 3014 1726 3052 Cf.
1741 3014 1906 3051 Institu-

270 3085 356 3116 tum
377 3081 466 3116 Soc.
481 3080 583 3127 Jesu
601 3079 712 3123 (edit.
733 3089 848 3125 supra
865 3077 963 3124 cit.)‚
987 3077 1017 3124 Ι,
1039 3085 1124 3123 550,
1144 3085 1226 3122 551.
