2098 3470
813 238 1250 278 lnsrnucnonzs-61
1731 231 1804 273 383

210 345 410 401 reliquas
435 344 558 401 apud
583 357 633 388 se
659 342 868 397 retineat;
897 340 1221 386 instructiones
1249 355 1374 393 vero,
1408 339 1446 383 si
1478 347 1612 394 erunt
1644 339 1848 384 conscri-

212 422 406 476 bendae,
429 427 559 466 curet
578 427 629 464 vt
650 434 731 477 per
750 434 873 472 eum,
903 433 1039 476 quem
1066 419 1232 462 habeat
1257 416 1644 475 probatissimum,
1675 415 1849 460 exscri-

207 500 400 544 bantur.

298 576 370 620 Ne
390 589 500 632 prae
520 589 570 620 se
592 575 737 618 ferant
758 572 1030 630 superiores,
1054 572 1093 615 si
1114 572 1261 615 sciant
1281 571 1355 616 vel
1376 570 1649 623 coniectent,
1676 585 1724 614 se
1747 562 1862 615 essev

207 653 385 698 delatos
405 653 464 695 ad
484 651 809 708 prouincialem
831 651 904 695 vel
925 649 1285 694 commissarium
1308 649 1381 692 vel
1399 648 1679 704 generalem,
1710 646 1849 691 animi

204 744 259 774 se
279 729 544 786 concepisse
564 727 859 772 offensionem
879 741 992 784 erga
1013 727 1130 779 illos,
1154 725 1232 782 qui
1254 725 1377 782 ipsos
1393 725 1655 768 detulerint:
1686 733 1849 768 curent

208 806 347 851 etiam
367 806 626 862 diligenter,
655 819 714 848 ne
739 804 862 848 illam
888 803 1165 860 concipiant,
1196 811 1243 846 et
1268 802 1414 849 sciant
1441 802 1487 845 id
1515 817 1607 845 non
1636 816 1736 846 esse
1765 804 1848 845 ho—

211 882 348 926 minis
368 882 587 940 religiosi,
611 883 693 927 sed
714 896 902 939 grauem
926 880 1241 926 tentationem.

299 959 437 1004 Nullo
458 966 592 1016 pacto
613 959 818 1016 aperiant
840 957 1115 1003 tentationes
1136 959 1326 1002 fratrum
1348 956 1607 1014 superiores
1628 956 1847 1008 externis;

0 1086 4 1100 ·.
208 1051 290 1081 eas
310 1036 431 1080 enim
453 1051 539 1080 nec
560 1035 822 1099 domesticis
842 1036 1028 1080 debent.

0 1114 21 1170 ὲκ
299 1113 360 1158 45
383 1113 695 1159 Prouinciales
716 1112 944 1169 duplicem
967 1112 1168 1156 animum
1190 1112 1383 1162 induant
1405 1125 1457 1155 ac
1479 1118 1711 1155 tueantur:
1746 1125 1851 1166 par-

0 1173 26 1190 „.
213 1190 463 1244 ticularem,
484 1205 574 1245 quo
590 1189 765 1247 prosint
786 1204 898 1234 suae
918 1189 1196 1246 prouinciae,
1220 1197 1267 1233 et
1290 1188 1608 1240 vniuersalem,
1633 1202 1725 1243 quo
1748 1187 1850 1230 vni·

180 1260 193 1274 ⁶
211 1281 374 1311 uersae
395 1266 632 1312 Societati.
1589 1324 1593 1328 ῃ

297 1344 349 1387 In
369 1343 589 1400 collegiis,
614 1343 691 1386 vbi
707 1343 848 1387 nostri
867 1358 960 1387 non
977 1351 1171 1400 possunt
1186 1343 1350 1387 studiis
1367 1342 1658 1400 grauioribus
1674 1341 1851 1385 incum-

211 1423 336 1474 bere,
365 1420 529 1464 nutriri
556 1427 771 1477 poterunt
798 1421 1051 1475 commode,
1082 1421 1218 1464 modo
1246 1420 1293 1464 in
1326 1419 1564 1477 disciplina
1602 1419 1851 1462 nouitiatus

207 1497 415 1543 exerceri
434 1498 611 1555 possint
633 1497 817 1542 vtiliter.
1512 1497 1518 1504 '

299 1575 395 1632 Qui
422 1574 471 1618 in
502 1574 764 1619 ministeriis
800 1575 1060 1620 domesticis
1096 1582 1390 1627 exercentur,
1430 1574 1594 1618 nouitii
1630 1574 1852 1631 proficere

204 1666 348 1710 aegre
373 1659 605 1709 poterunt,
634 1651 722 1695 nisi
749 1667 804 1697 eo
832 1652 924 1696 sint
950 1666 1158 1705 numero,
1188 1659 1237 1695 vt
1266 1652 1440 1708 possint
1468 1651 1605 1695 simul
1628 1658 1674 1696 et
1703 1651 1851 1694 officia

205 1729 458 1774 domestica
479 1729 621 1783 obire,
646 1737 692 1774 et
713 1730 897 1786 regulas
921 1729 1197 1773 nouitiorum
1218 1731 1481 1774 obseruare.

299 1807 563 1852 Obseruare
582 1805 766 1862 quidem
787 1805 969 1863 poterit,
995 1822 1053 1851 ne
1075 1806 1217 1851 nostri
1238 1806 1400 1850 diebus
1422 1805 1661 1850 dominicis
1682 1806 1755 1850 vel
1783 1807 1849 1850 fe-

205 1883 291 1928 stis
310 1883 396 1928 iter
416 1883 762 1940 aggrediantur:
787 1898 879 1927 non
901 1891 1054 1927 tamen
1075 1890 1146 1927 est
1161 1884 1485 1928 necessarium.
1507 1885 1646 1940 Quod
1662 1883 1700 1927 si
1718 1898 1850 1927 scan-

135 1978 137 1980 ·
202 1960 361 2004 dalum
379 1960 629 2014 timeretur,
648 1960 787 2004 huius
803 1960 867 2003 rei
884 1960 1102 2004 iudicium
1124 1960 1182 2004 sit
1198 1975 1339 2018 penes
1355 1961 1680 2018 prouincialem
1698 1961 1850 2004 cuius-

212 2035 282 2080 uis
301 2036 578 2093 prouinciae,
602 2037 738 2093 idque
758 2038 1012 2082 rectoribus
1034 2037 1358 2082 committetur.

297 2114 440 2158 Curet
461 2114 768 2170 prouincialis,
794 2121 842 2156 vt
863 2114 1161 2158 admittantur
1181 2129 1338 2158 omnes
1360 2115 1418 2158 ad
1446 2114 1739 2166 Societatem,
1772 2115 1851 2170 qui

203 2191 300 2248 apti
320 2190 613 2244 videbuntur,
637 2191 814 2236 etiamsi
834 2191 1099 2248 collegium,
1124 2192 1181 2235 ad
1202 2192 1328 2247 quod
1344 2192 1404 2237 45
1422 2193 1666 2245 accedunt,
1687 2207 1849 2234 nume-

188 2271 309 2312 ·rurn
330 2269 518 2312 haberet
538 2283 673 2312 suum
703 2269 892 2312 fratrum
919 2269 1210 2325 completum.
1242 2270 1360 2312 Nam
1389 2277 1605 2325 tanquam
1637 2270 1683 2311 in
1712 2270 1849 2324 depo-

174 2370 177 2372 ·
203 2344 345 2388 situm
366 2344 428 2388 ibi
450 2352 667 2402 poterunt
688 2345 951 2402 aliquandiu
973 2345 1128 2402 recipi,
1153 2346 1299 2390 donec
1321 2346 1612 2403 prouincialis
1635 2347 1708 2390 vel
1726 2360 1847 2389 com-

208 2421 441 2466 missarius
467 2422 733 2475 constituat,
764 2437 856 2478 quo
886 2431 1021 2466 erunt
1052 2423 1277 2477 mittendi3
1313 2424 1435 2479 quod
1467 2423 1505 2466 si
1538 2439 1629 2467 non
1662 2425 1851 2468 haberet

205 2498 451 2555 collegium
473 2499 602 2553 illud,
625 2500 746 2543 vnde
766 2514 843 2543 eas
865 2514 1087 2557 expensas
1108 2500 1333 2545 sustinere
1349 2509 1519 2557 posset,
1540 2501 1735 2557 collegia
1754 2500 1844 2551 illa,

210 2589 301 2631 quo
317 2574 570 2629 mittentur,
589 2577 770 2620 soluent
785 2591 1008 2634 expensas
1023 2585 1070 2621 et
1084 2577 1317 2622 viaticum.
1340 2579 1388 2621 Id
1406 2578 1443 2620 si
1462 2593 1517 2620 ne
1537 2579 1646 2620 haec
1665 2577 1848 2633 quidem

209 2651 401 2708 collegia
422 2652 611 2708 possint,
636 2653 818 2697 aliunde
840 2661 991 2698 tamen
1012 2655 1190 2698 curabit
1218 2655 1507 2711 prouincialis
1535 2654 1740 2705 dissolui,
1775 2653 1846 2697 vel

203 2743 268 2773 ex
302 2729 617 2785 eleemosynis3
657 2738 885 2786 postremo
917 2731 995 2774 vbi
1025 2731 1112 2775 alia
1144 2731 1290 2790 [ratio]
1323 2731 1515 2774 inueniri
1551 2747 1641 2773 non
1675 2739 1847 2786 posset,

206 2805 472 2849 contribuat
503 2813 598 2850 tota
629 2807 878 2864 prouincia.
920 2809 1023 2851 Hoc
1060 2808 1202 2864 igitur
1238 2809 1480 2864 diligenter
1518 2808 1849 2852 animaduertat

164 2905 170 2909 -
208 2881 515 2938 prouincialis,
539 2891 585 2928 et
605 2891 734 2928 curet
756 2899 814 2929 ne
835 2893 1036 2930 rectores
1063 2886 1175 2928 fiant
1204 2886 1446 2942 tepidiores
1474 2885 1531 2927 ad
1564 2884 1849 2940 recipiendos

182 3016 183 3019 Ἴ
211 2958 427 3002 nouitios.
461 2960 590 3003 Haec
620 2961 741 3004 dicta
768 2969 896 3004 erant
926 2970 1168 3018 antequam
1197 2971 1349 3006 essent
1378 2963 1539 3004 domus
1570 2961 1847 3017 probationis

210 3034 462 3080 institutae.
481 3037 615 3080 Nunc
632 3037 769 3093 igitur
785 3038 922 3095 longe
939 3038 1023 3082 erit
1043 3038 1215 3082 facilior
1232 3038 1306 3082 illa
1329 3039 1457 3091 ratio;
1484 3039 1605 3094 quod
1628 3038 1665 3081 si
1687 3039 1850 3082 domus
