2098 3470
308 249 378 287 704
778 244 936 282 PATms
961 245 1207 282 Hnmoiwm
1233 244 1384 281 NADAL

249 358 321 403 ⁴no
362 345 400 384 ¹»
433 351 520 388 etc.
554 345 612 388 Et
641 345 762 389 alibi:
798 348 1039 403 «Regnum
1074 346 1158 391 Dei
1190 346 1365 404 (inquit)
1403 345 1598 399 iusticia,
1630 355 1676 393 et
1703 362 1809 404 pax,
1849 357 1896 394 et

259 421 480 478 gaudium
504 421 549 464 in
570 430 729 466 sancto
747 423 920 480 Spiritu
938 425 1000 467 ².»
1023 425 1079 467 Et
1098 438 1295 476 rursum,
1315 423 1512 480 Spiritus
1531 424 1705 469 fructus
1727 425 1897 481 primos

260 498 370 541 dicit
398 498 682 554 charitatem,
714 507 810 544 tum
838 501 1075 557 gaudium,
1107 500 1271 545 deinde
1298 514 1456 556 pacem
1489 502 1523 545 ³.
1555 501 1677 545 Hinc
1714 501 1759 544 in
1796 501 1897 546 aliis

261 574 486 618 fructibus
509 581 818 633 temperantur
840 579 1030 621 affectus
1054 577 1098 619 in
1123 577 1356 633 patientia,
1381 584 1470 621 etc.

348 651 439 696 2⁰6
457 653 575 696 Cum
598 653 802 696 auditum
826 661 946 699 esset
969 661 1151 710 propter
1168 653 1439 698 delationem
1462 654 1698 698 cuiusdam
1715 654 1897 699 dedisse

259 728 626 774 commissionem
647 745 808 787 papam
838 730 1055 774 cardinali
1078 732 1309 774 Reomano
1331 738 1376 774 et
1401 731 1622 775 Tranensi
1645 739 1694 774 vt
1722 730 1895 775 vicario

262 805 388 848 Patri
410 807 594 862 Laynez
614 806 867 852 indicerent
890 807 1072 850 nomine
1095 821 1195 860 suo,
1215 814 1264 850 vt
1280 807 1388 863 ipsis
1406 807 1640 852 exhiberet
1655 807 1806 852 omnia
1822 822 1895 851 re-

262 882 431 938 scripta
453 883 700 940 apostolica
727 892 773 927 et
801 884 1166 937 constitutiones,
1191 892 1237 927 et
1265 880 1448 927 nomina
1478 883 1646 934 omnia,
1672 891 1896 940 quotquot

261 973 422 1002 sumus
445 961 630 1014 Romae;
654 968 905 1018 praeterea,
933 976 989 1004 ne
1011 961 1112 1016 quis
1135 962 1280 1004 Roma
1301 960 1399 1004 sine
1421 961 1604 1005 licentia
1622 960 1733 1007 Srni.
1759 975 1893 1018 egre—

262 1036 464 1090 deretur;
490 1036 691 1093 quidam,
716 1052 820 1080 cum
844 1045 976 1081 antea
1000 1038 1231 1081 desolatus
1260 1037 1436 1090 fuisset,
1462 1044 1606 1080 totum
1629 1051 1733 1081 eum
1756 1037 1894 1090 diem,

221 1168 224 1170 .
264 1113 342 1169 qui
365 1113 451 1157 fuit
479 1115 529 1157 18
545 1114 656 1172 J'ulii
686 1125 812 1169 1557,
839 1122 884 1158 et
906 1115 1020 1158 duos
1043 1122 1121 1157 aut
1145 1128 1169 1169 3
1192 1121 1436 1170 sequentes
1459 1114 1570 1168 dies,
1598 1122 1769 1158 tantam
1792 1128 1894 1157 sen-

263 1191 322 1234 sit
366 1190 722 1235 consolationem
761 1191 946 1247 spiritus
983 1198 1028 1235 et
1070 1191 1289 1247 gaudium
1332 1199 1377 1236 et
1413 1198 1596 1235 sensum
1634 1191 1893 1243 Societatis,

263 1266 530 1324 praesertim
551 1282 661 1312 vero
681 1268 786 1310 finis
809 1267 1049 1312 Societatis
1071 1275 1117 1311 et
1138 1268 1419 1312 substantiae
1439 1268 1582 1324 ipsius
1609 1267 1822 1320 instituti,
1847 1276 1897 1310 vt

264 1360 356 1388 non
379 1344 522 1400 possit
545 1359 727 1388 sensum
752 1345 1019 1400 exprimere,
1039 1359 1173 1400 quem
1197 1352 1442 1401 Vtcumque
1463 1346 1723 1401 lachrymae
1743 1344 1896 1401 expri-

265 1423 465 1465 mebant:
492 1422 549 1465 ad
570 1423 699 1474 haec,
724 1422 893 1464 nullam
917 1421 1066 1478 potuit
1094 1422 1140 1465 in
1162 1437 1215 1465 ea
1237 1436 1285 1464 re
1307 1421 1618 1465 difficultatem
1641 1420 1824 1474 sentire,
1850 1429 1898 1465 et

264 1513 324 1543 ne
347 1498 582 1542 minimum
605 1499 786 1554 quidem
814 1513 997 1542 sensum
1022 1499 1195 1542 timoris
1223 1499 1476 1555 concipere.
1508 1500 1625 1542 Nam
1648 1498 1685 1541 si
1714 1498 1897 1554 quando

264 1577 323 1619 ad
344 1575 634 1620 difficultates
661 1583 707 1620 et
728 1576 928 1632 pericula
949 1583 995 1619 et
1018 1576 1224 1620 timorem
1250 1576 1452 1620 animum
1481 1576 1619 1620 vellet
1640 1575 1894 1628 intendere,

266 1652 379 1696 nihil
400 1654 563 1696 horum
588 1660 766 1709 poterat
797 1668 1052 1706 occurrere,
1077 1654 1157 1696 sed
1194 1660 1350 1696 contra
1386 1654 1463 1695 lux
1488 1653 1790 1707 quaedam-et
1811 1657 1895 1699 2⁰7

265 1731 403 1773 decor
425 1729 596 1783 suauis;
622 1737 667 1773 et
705 1729 943 1774 videbatur
970 1729 1218 1773 similitudo
1240 1731 1478 1785 quaedam,
1505 1730 1634 1785 quasi
1661 1729 1895 1773 cuiusdam

230 1855 235 1860 ⁴
264 1806 459 1851 aedificii
483 1807 723 1851 marmorei
745 1806 1063 1863 speciosissimi
1086 1821 1138 1850 ac
1160 1806 1467 1850 candidissimi
1490 1815 1523 1859 ³,
1549 1805 1682 1849 cuius
1714 1820 1798 1849 nec
1828 1805 1895 1848 vi-

262 1884 458 1928 debatur
479 1883 768 1940 principium,
794 1897 878 1927 nec
902 1883 1021 1936 finis,
1047 1897 1131 1927 nec
1154 1883 1328 1940 species
1350 1883 1567 1926 declarari
1583 1882 1783 1927 definite.
1805 1883 1895 1927 Sed

262 1963 376 2004 haec
399 1961 484 2004 tria
505 1960 731 2005 sentiebat
752 1962 890 2003 corde
918 1975 1018 2004 esse
1040 1960 1308 2003 abscondita
1337 1974 1440 2003 cum
1463 1961 1584 2016 Xp0.
1613 1959 1659 2002 in
1681 1961 1796 2011 Deo,
1820 1959 1895 2002 cui

262 2038 322 2081 sit
345 2037 489 2095 gloria
510 2036 687 2080 infinita
704 2037 749 2079 in
772 2044 1022 2080 aeternum.
1049 2044 1150 2089 ἀμὴν.
1170 2022 1320 2080 Amen
1340 2036 1374 2079 b.

352 2114 541 2171 Recepit
562 2122 579 2140 ⁰
600 2114 719 2158 idem
742 2113 817 2156 illo
839 2113 979 2156 biduo
1000 2129 1191 2171 magnas
1213 2114 1375 2158 mentis
1397 2113 1734 2166 illustrationes;
1759 2127 1893 2156 vnam

262 2192 447 2248 quidem
469 2192 526 2235 de
547 2191 922 2248 productionibus
939 2191 1120 2244 diuinis,
1142 2205 1276 2246 quam
1299 2190 1523 2247 explicare
1539 2205 1630 2233 non
1652 2196 1817 2246 potest3
1838 2205 1894 2234 ex

263 2283 354 2325 qua
380 2275 532 2314 tamen
563 2276 733 2311 tantam
761 2267 903 2311 sensit
931 2268 976 2310 in
1005 2282 1060 2312 eo
1087 2267 1278 2311 articulo
1309 2266 1712 2319 confirmationem,
1739 2272 1786 2308 vt
1807 2264 1893 2309 sibi

262 2345 493 2390 videretur
521 2351 725 2402 apertum
754 2344 927 2387 donum
965 2344 1239 2389 intellectus.
1271 2345 1398 2396 Item,
1431 2343 1572 2386 sensit
1600 2343 1893 2399 quemadmo-

262 2423 372 2466 dum
395 2429 441 2467 et
462 2429 532 2466 est
553 2421 682 2465 cibus
704 2421 880 2465 animae
893 2421 1190 2473 eucharistia,
1215 2428 1260 2464 et
1281 2419 1388 2463 vnio
1410 2420 1626 2472 fidelium,
1647 2426 1734 2462 etc.
1762 2419 1890 2471 Item,

262 2499 575 2556 cognitionem
603 2497 836 2541 clariorem
866 2498 1040 2554 accepit
1079 2511 1266 2540 suorum
1292 2503 1602 2553 peccatorum,
1627 2495 1892 2552 praesertim

260 2576 307 2619 in
331 2575 594 2632 accipienda
615 2573 894 2631 poenitentia
917 2589 996 2630 pro
1018 2573 1120 2627 illis,
1147 2589 1264 2629 quae
1292 2573 1378 2616 sibi
1407 2573 1644 2615 videbatur
1671 2571 1884 2615 suauissi·
1907 2580 1913 2583 ’

261 2668 350 2707 ma;
375 2652 591 2697 breuiter:
616 2666 829 2708 magnam
850 2651 998 2694 lucem
1020 2650 1067 2693 in
1089 2651 1226 2694 rebus
1247 2649 1459 2694 omnibus
1480 2657 1526 2693 et
1547 2650 1725 2693 fortem.

351 2729 443 2774 2⁰8
475 2731 546 2774 De
581 2728 724 2772 Paulo
747 2736 910 2783 quarto
933 2727 1044 2770 nihil
1073 2726 1221 2783 potuit
1248 2726 1428 2769 sinistre
1455 2725 1674 2782 cogitare,
1701 2724 1813 2767 nihil
1836 2724 1892 2768 ab

261 2807 339 2850 illo
363 2807 539 2859 timere,
566 2806 645 2854 sed
667 2804 822 2847 nescio
844 2818 934 2859 quo
957 2811 1154 2847 attractu
1177 2802 1408 2860 super-iore
1431 2808 1725 2858 praeuentus,
1749 2800 1795 2843 in
1819 2800 1893 2845 re-

331 2952 350 2969 a
399 2940 679 2977 condidissimi
697 2951 768 2977 ms.
820 2941 887 2967 —b
914 2939 992 2974 Sic.
1043 2948 1109 2966 —0
1135 2937 1291 2985 Recipit
1315 2949 1387 2973 ms.

338 3054 345 3072 ¹
398 3051 571 3094 Pfflmp„
593 3049 660 3094 1V,
679 3058 714 3093 4.
910 3048 923 3068 ²
973 3048 1099 3093 Rom„
1124 3047 1227 3091 XIV,
1251 3054 1305 3090 17.
1500 3046 1515 3067 ⁵
1565 3046 1744 3090 GALAT„
1765 3045 1813 3090 V,
1831 3053 1888 3082 22..
