2098 3470
862 261 1297 300 lxsrnuenonzs-61
1781 270 1852 306 475

264 365 438 410 acedia.
467 367 539 410 De
558 379 750 410 excessu
777 364 826 408 in
845 363 949 409 cibo
974 371 1021 408 et
1041 370 1153 420 potu
1182 363 1253 407 vel
1275 362 1638 419 intemperantla.
1663 363 1739 406 An
1762 362 1902 406 fuerit

263 441 312 486 in
338 441 554 487 conuiuio
581 441 751 498 aliquo,
776 449 869 496 etc.
899 445 983 488 297
1002 441 1075 484 De
1102 440 1368 497 imperfecta
1395 439 1716 484 obseruatione
1743 439 1901 483 ieiunii

261 525 312 564 et
330 518 647 564 abstinentiae.
673 521 743 563 De
763 518 1108 575 ingratitudine,
1137 532 1231 560 non
1257 518 1405 560 solum
1433 531 1544 573 erga
1567 517 1792 567 homines,
1818 518 1900 561 sed

263 595 401 640 etiarn
420 610 532 654 erga
552 597 703 641 Deum
724 604 771 639 et
790 603 986 640 sanctos.
1008 597 1079 639 De
1100 594 1400 651 impatientia.
1418 594 1489 637 De
1511 594 1900 650 pusillanimitate.

264 674 336 716 De
361 672 599 716 mendacio
625 672 761 716 etiam
785 673 956 725 iocoso,
979 673 1054 716 vel
1080 671 1304 715 officioso.
1330 673 1402 715 De
1427 671 1593 714 debitis
1621 671 1667 713 in
1699 672 1898 715 saeculo.

264 750 342 794 An
368 749 552 793 missam
580 749 774 794 audierit
793 749 954 793 diebus
975 748 1119 801 festis,
1148 748 1285 792 etiam
1314 762 1420 791 cum
1448 756 1519 791 est
1547 748 1592 790 in
1616 748 1792 792 itinere.
1826 749 1900 791 An

263 826 519 872 comederit·
534 826 662 870 cibos
682 826 953 883 prohibitos.
977 826 1226 882 Quomodo
1254 826 1371 868 festa
1396 825 1689 882 transegerit.
1720 826 1796 869 An
1818 826 1901 868 ali-

265 903 375 959 quid
395 903 460 946 illi
481 903 727 960 contigerit
747 903 795 946 in
824 903 1092 960 probatione
1117 902 1371 959 hospitalis,
1395 910 1476 946 aut
1502 901 1901 959 peregrinationis,

265 981 393 1036 quod
412 981 577 1024 bonam
608 980 968 1025 aedificationem
995 994 1088 1023 non
1109 979 1287 1023 dederit
1313 979 1537 1036 proximo,
1568 987 1614 1022 et
1643 979 1687 1022 in
1715 978 1902 1022 vniuer—

263 1071 383 1110 sum,
407 1071 468 1100 an
489 1057 615 1100 domi
634 1058 708 1100 vel
723 1056 834 1101 foris
848 1057 1034 1113 aliquod
1047 1057 1315 1101 scandalum
1336 1056 1528 1101 dederit.
1551 1058 1627 1100 An
1645 1070 1725 1112 per
1742 1057 1901 1100 horam

265 1135 338 1178 vel
358 1133 559 1177 notabile
580 1142 762 1190 tempus
783 1134 830 1177 in
850 1133 1034 1190 aliquod
1060 1141 1298 1191 peccatum
1326 1133 1625 1178 consenserit.
1655 1134 1726 1177 De
1755 1140 1901 1176 tenta-

265 1210 463 1254 tionibus
491 1211 538 1254 in
565 1210 731 1267 quouis
758 1225 928 1268 genere
954 1210 1146 1268 peccati,
1181 1218 1228 1254 et
1255 1211 1640 1266 quemadmodum
1661 1210 1708 1253 in
1732 1197 1822 1253 illis
1852 1225 1903 1254 se

265 1287 476 1344 gesserit.

679 1414 743 1444 DE
774 1414 1071 1445 REGULARUM
1103 1415 1480 1446 OBSERUATIONE

355 1519 423 1561 Ex
454 1517 510 1562 iis
536 1518 714 1575 aliquae
749 1519 946 1564 attinent
974 1521 1033 1564 ad
1068 1519 1267 1563 fructum
1305 1520 1586 1576 spiritualem
1622 1520 1900 1572 immediate,

263 1594 379 1639 aliae
400 1596 458 1638 ad
474 1609 652 1639 morum
674 1595 1090 1652 compositionem.-

353 1718 440 1762 298
752 1717 824 1758 De
838 1717 996 1772 priori
1011 1730 1185 1774 genere
1198 1721 1407 1772 petatur:

353 1828 426 1871 De
447 1827 671 1873 oratione.
689 1829 760 1872 De
774 1828 997 1873 examine.
1019 1831 1090 1873 De
1105 1828 1256 1873 missa.
1277 1831 1349 1874 De
1365 1829 1670 1874 confessione.
1689 1830 1759 1873 De
1775 1844 1901 1873 com—

260 1904 497 1948 munione.
523 1906 595 1948 De
631 1905 864 1949 auditione
900 1905 1173 1949 concionum
1208 1914 1255 1950 et
1275 1906 1523 1950 lec-tionum
1553 1920 1800 1950 sacrarum.
1833 1908 1903 1950 De

263 1981 521 2038 expletione
547 1981 869 2038 poenitentiae.
895 1983 952 2025 Et
987 1982 1033 2025 in
1055 1982 1127 2026 his
1152 1983 1544 2040 interrogandum,
1577 1999 1635 2028 an
1664 1984 1902 2027 omiserint

265 2058 357 2111 illa,
381 2059 456 2102 vel
490 2058 793 2116 neglexerint,
833 2074 890 2103 an
913 2059 1049 2104 etiam
1084 2075 1140 2104 ea
1174 2060 1481 2113 adhibuerint,
1521 2076 1639 2117 quae
1668 2062 1903 2118 postulant

263 2135 342 2178 illa
362 2135 591 2180 exercitia.
615 2135 691 2179 An
713 2136 884 2180 orarint
911 2137 986 2181 vel
1006 2137 1278 2183 celebrarint
1298 2153 1381 2195 pro
1402 2138 1472 2190 iis,
1497 2139 1665 2194 quibus
1686 2139 1905 2182 iubentur

263 2211 366 2257 fieri
388 2212 714 2269 applicationes
736 2213 956 2257 orationis
976 2215 1051 2259 vel
1077 2214 1257 2260 missae.

560 2332 619 2374 In
640 2333 732 2375 alio
748 2346 922 2389 genere
943 2333 1218 2390 regularum
1240 2335 1605 2391 interrogentur:

353 2443 424 2487 De
451 2443 716 2500 acceptione
748 2445 821 2489 vel
849 2444 1063 2488 missione
1092 2445 1324 2490 literarum
1362 2448 1535 2503 absque
1569 2448 1802 2492 facultate.
1833 2449 1901 2490 De

266 2518 477 2576 ingressu
499 2519 547 2563 in
568 2521 781 2564 cubicula
809 2522 1015 2566 aliorum.
1039 2524 1111 2566 De
1136 2523 1399 2579 egressione
1430 2538 1456 2566 e
1483 2525 1618 2567 domo
1647 2526 1819 2580 absque
1844 2524 1900 2565 li·

266 2595 434 2649 centia,
456 2604 504 2641 et
525 2612 584 2640 an
599 2597 687 2641 alio
705 2598 913 2643 venerint
927 2613 1064 2654 quam
1086 2614 1169 2656 pro
1192 2601 1423 2643 facultate.
1445 2603 1515 2644 De
1536 2601 1795 2645 visitatione
1818 2600 1901 2642 ali-

264 2672 399 2717 cuius
414 2674 587 2729 absque
602 2674 801 2720 licentia.
820 2677 890 2719 De
906 2690 964 2721 eo
980 2691 1037 2719 an
1055 2676 1249 2732 gesserit
1264 2677 1507 2733 negocium
1531 2677 1712 2732 aliquod
1729 2678 1902 2731 absque

265 2750 501 2802 facultate,
521 2751 595 2795 vel
612 2751 840 2807 pollicitus
861 2767 1043 2808 operam
1064 2752 1201 2797 fuerit
1222 2754 1279 2797 ad
1297 2754 1478 2808 aliquod
1495 2754 1808 2797 ministerium.
1831 2755 1902 2796 De

267 2826 526 2883 sumptione
548 2828 640 2871 cibi
660 2829 785 2872 foris.
811 2833 894 2876 299
915 2831 987 2893 De
1007 2829 1187 2874 silentio
1203 2845 1308 2874 cum
1332 2830 1513 2885 quibus,
1540 2839 1584 2874 et
1602 2830 1767 2886 quibus
1786 2838 1902 2873 tem-

269 2902 456 2958 poribus
477 2911 547 2949 est
564 2905 856 2950 interdictum
873 2906 1165 2962 colloquium.
1185 2909 1261 2951 An
1279 2908 1495 2962 loquutus
1510 2907 1567 2949 sit
1584 2921 1687 2949 curn
1702 2906 1903 2949 externis

268 2980 442 3036 absque
461 2979 659 3034 licentia,
680 2989 726 3027 et
741 2982 907 3038 quibus
922 2984 980 3027 de
996 2984 1149 3028 rebus.
1174 2986 1245 3027 De
1266 2983 1478 3038 ingressu
1495 2985 1553 3026 ad
1570 2984 1685 3034 loca,
1710 2983 1768 3026 ad
1784 2997 1902 3037 quae

267 3055 529 3111 prohibitus
543 3065 627 3102 -est
662 3058 915 3115 ingressus.
955 3062 1026 3104 De
1061 3068 1187 3104 tactu
1226 3061 1414 3103 fratrum
1444 3060 1672 3115 prohibito
1696 3067 1742 3103 et
1763 3060 1901 3104 nimia
