2098 3470
301 221 370 264 506
771 224 926 263 PATms
952 227 1195 263 Hnmonnn
1221 225 1372 262 NADAL

252 336 370 377 quae
393 325 463 369 2.⁸
486 331 614 380 parte
636 326 1011 371 constitutionum
1042 328 1252 371 habetur:
1278 337 1463 383 possent
1493 333 1646 372 tamen
1667 327 1883 374 adiuuare

251 399 310 442 ad
331 401 663 456 executionem,
687 410 732 446 et
755 404 812 447 ad
834 404 973 448 dubia
997 404 1210 456 tollenda,
1242 404 1428 460 regulae
1456 402 1574 455 illae,
1607 418 1723 460 quae
1753 405 1883 448 addi-

251 483 323 520 tae
345 485 452 520 sunt
474 477 520 521 in
542 479 728 536 antiquo
752 481 938 524 rectoris
960 480 1130 533 officio,
1156 488 1201 524 et
1223 479 1480 533 instructio,
1507 495 1623 535 quae
1651 481 1878 536 superius,

251 553 326 596 fol.
349 565 404 608 77
433 556 460 607 ¹,
480 559 562 601 397
578 555 683 599 data
704 565 772 601 est
793 557 1119 614 superioribus,
1139 558 1196 599 de
1218 571 1273 600 eo
1289 558 1667 612 quemadmodum
1686 558 1881 602 debeant

248 644 353 674 cum
376 631 571 675 subditis
593 647 643 678 se
665 648 840 690 gerere,
866 642 911 679 et
933 634 1043 678 illud
1066 641 1316 689 praeterea,
1342 634 1466 690 quod
1494 634 1557 686 hi,
1589 634 1665 690 qui
1690 649 1780 678 non
1809 649 1883 678 sa-

249 707 496 760 tisfaciunt,
525 723 614 753 non
635 709 898 767 simpliciter
920 711 1020 755 eiici
1042 712 1225 762 debent,
1247 710 1354 766 quia
1370 725 1462 753 non
1479 711 1780 764 satisfaciunt,
1800 712 1881 756 sed

245 785 353 840 quia
379 786 575 831 finaliter
603 802 694 830 non
722 788 1023 840 satisfaciunt,
1055 790 1142 830 hoc
1170 796 1256 841 est,
1287 788 1458 830 nullam
1486 802 1612 843 spem
1644 789 1877 844 praebent,

246 869 325 905 aut
346 876 445 906 eam
470 863 780 920 perexiguam,
805 866 929 920 quod
950 864 1156 908 adiuuari
1179 864 1369 920 possint,
1394 864 1480 908 nisi
1509 879 1614 907 cum
1639 879 1803 921 magna
1832 871 1878 908 et

245 940 601 984 extraordinaria
621 940 908 986 difficultate.
930 941 1089 984 Maiori
1107 948 1258 984 autem
1277 941 1491 985 facilitate
1508 940 1671 996 expelli
1689 947 1879 997 possunt

243 1023 289 1059 et
325 1016 494 1061 debent
531 1017 583 1071 ii,
624 1018 701 1074 qui
737 1027 845 1062 sunt
882 1018 1135 1062 scandalosi
1174 1031 1259 1062 nec
1295 1019 1610 1071 emendantur3
1649 1017 1878 1062 difficilius

243 1104 397 1138 autem
419 1093 565 1150 pueri,
591 1109 725 1151 quam
749 1096 948 1152 grandes
979 1102 1142 1148 aetate,
1169 1094 1275 1151 quia
1298 1094 1449 1138 minus
1475 1094 1645 1138 iudicio
1666 1094 1878 1139 videntur

241 1170 409 1223 valere,
435 1178 481 1215 et
503 1172 611 1215 dum
635 1173 904 1225 tolerantur,
931 1179 975 1217 et
998 1172 1307 1228 poenitentiae
1336 1171 1424 1215 illis
1445 1171 1765 1227 iniunguntur,
1796 1186 1876 1215 eos

241 1247 454 1291 lucrifieri
476 1263 611 1305 saepe
633 1257 912 1306 compertum
936 1256 1021 1302 est,
1047 1263 1131 1292 nec
1154 1263 1256 1292 raro
1278 1247 1522 1305 contingit,
1548 1248 1711 1304 vt,'qui
1732 1248 1875 1292 maio-

241 1323 302 1368 ris
323 1324 414 1368 sint
441 1325 691 1369 habilitatis
718 1326 863 1383 pueri,
896 1326 1045 1382 magis
1076 1333 1335 1370 transuerse
1361 1332 1518 1382 agant,
1543 1331 1681 1381 atque
1708 1324 1739 1367 ii
1766 1332 1874 1369 sunt

239 1401 386 1458 magis
407 1402 670 1460 adiuuandi,
696 1418 780 1447 nec
803 1403 1155 1458 despondendus
1178 1402 1357 1445 animus
1379 1403 1435 1445 de
1458 1402 1544 1445 illis
1566 1408 1636 1445 est
1660 1401 1805 1444 facile.

329 1479 422 1535 Qui
444 1480 502 1522 ad
523 1479 798 1524 Societatem
821 1480 1116 1536 recipiuntur,
1149 1486 1195 1522 et
1224 1486 1489 1522 constantes
1516 1485 1624 1521 sunt
1654 1477 1701 1520 in
1733 1491 1872 1522 voca-

239 1555 378 1608 tione,
403 1555 610 1599 nituntur
632 1571 743 1601 vero
766 1564 813 1599 vt
836 1556 881 1598 in
903 1555 1114 1599 omnibus
1136 1571 1185 1600 se
1206 1557 1548 1599 accommodent
1564 1559 1647 1601 398
1663 1554 1872 1599 instituto

235 1632 478 1677 Societatis
499 1641 546 1677 et
567 1633 868 1687 obedientiae,
894 1634 930 1676 si
954 1633 1149 1689 aliquam
1173 1633 1490 1677 difficultatem
1518 1631 1767 1689 patiantur,
1798 1633 1872 1675 vel

237 1709 407 1762 iudicii,
432 1711 506 1754 vel
527 1710 889 1763 consuetudinis,
917 1725 1051 1766 quarn
1075 1710 1319 1754 habuerint
1340 1709 1387 1752 in
1410 1710 1582 1763 seculo,
1613 1710 1736 1765 quod
1757 1709 1872 1753 solet

237 1786 292 1830 iis
314 1787 515 1840 euenire,
536 1787 614 1844 qui
635 1787 777 1836 adulti
800 1788 857 1830 ad
880 1802 962 1831 nos
985 1794 1225 1840 venerunt;
1251 1788 1309 1831 de
1331 1787 1404 1829 his
1426 1801 1517 1830 non
1535 1793 1774 1842 propterea
1789 1786 1863 1830 de-

236 1865 533 1920 spondendus
554 1871 624 1909 est
645 1864 837 1917 animus,
863 1872 909 1909 et
931 1879 1092 1921 parum
1114 1865 1388 1920 sperandum
1411 1864 1468 1908 de
1496 1862 1606 1919 ipsis
1635 1861 1865 1906 iuuandis.

238 1940 341 1985 Sint
357 1954 524 1997 magna
541 1940 777 1994 charitate,
799 1948 843 1985 et
861 1940 1236 1998 magnanimitate
1253 1939 1524 1996 superiores;
1540 1954 1697 1982 verum
1713 1953 1869 1994 quam-

237 2017 315 2061 diu
338 2017 429 2061 sint
451 2018 705 2061 sustinendi
727 2017 772 2060 in
795 2018 1040 2070 Societate,
1066 2017 1111 2060 id
1133 2016 1351 2060 iudicabit
1373 2017 1593 2073 superior,
1618 2015 1696 2072 qui
1723 2016 1869 2059 facul-

236 2101 375 2138 tatem
399 2094 655 2139 dimittendi
675 2095 901 2147 habuerit3
927 2102 972 2138 et
994 2095 1051 2139 de
1073 2094 1144 2137 his
1165 2093 1365 2149 quidem,
1391 2093 1469 2148 qui
1490 2091 1750 2136 huiusmodi
1779 2091 1867 2136 dif-

235 2172 464 2215 ficultates
479 2171 729 2228 patiuntur,
750 2185 927 2227 semper
944 2178 1063 2215 esset
1081 2171 1389 2214 consulendus
1406 2169 1712 2226 prouincialis,
1732 2168 1868 2212 etiam

236 2247 274 2291 si
296 2249 540 2293 haberetur
561 2247 728 2304 alioqui
752 2249 944 2291 facultas
966 2247 1237 2292 dimittendi.

325 2326 374 2371 Si
396 2326 685 2382 contingeret
706 2325 899 2381 aliquem
922 2327 1070 2370 bonae
1092 2325 1205 2381 spei,
1230 2332 1276 2368 et
1298 2324 1375 2381 qui
1398 2324 1508 2367 satis
1531 2324 1762 2368 videretur
1784 2337 1866 2366 no-

236 2410 329 2446 stro
351 2402 559 2446 instituto
581 2410 731 2460 aptus,
751 2402 894 2445 inscio
911 2402 1146 2458 superiore
1161 2402 1412 2454 discedere,
1433 2402 1692 2453 reducatur,
1713 2400 1751 2443 si
1769 2399 1866 2444 fieri

236 2479 417 2535 poterit,
442 2481 500 2522 ad
521 2479 782 2535 collegium,
806 2485 851 2522 et
873 2479 1111 2535 pristinum
1135 2478 1376 2522 obediendi
1404 2485 1591 2530 statum,
1622 2478 1760 2533 idque
1787 2477 1866 2520 fiat

236 2556 361 2600 omni
384 2556 535 2600 studio
557 2564 603 2600 et
623 2555 875 2612 diligentia,
903 2555 946 2598 vi
968 2556 1102 2600 etiam
1126 2556 1343 2608 adhibita,
1369 2555 1406 2599 si
1429 2570 1543 2611 opus
1565 2554 1639 2607 sit,
1665 2568 1864 2611 praeser-

238 2633 315 2676 tim
338 2633 377 2677 si
400 2635 574 2690 absque
596 2633 809 2677 scandalo
837 2633 905 2675 vis
926 2637 1006 2679 399
1030 2616 1236 2678 adhiberi
1265 2647 1398 2689 posse
1426 2632 1670 2676 videretur.
1705 2633 1866 2675 Posset

235 2710 389 2767 itaque
409 2712 484 2755 vel
505 2725 585 2767 per
607 2717 802 2763 nostrOS,
826 2710 898 2753 vel
921 2710 1054 2753 etiam
1078 2725 1158 2766 per
1175 2710 1403 2753 seculares
1420 2709 1521 2766 capi
1538 2716 1585 2752 et
1600 2708 1722 2762 duci3
1743 2709 1864 2763 quod

234 2788 269 2831 si
293 2787 511 2832 reductus
532 2788 734 2843 domum,
759 2801 850 2829 non
873 2786 1004 2830 facile
1026 2787 1083 2830 ad
1105 2786 1408 2831 obediendum
1439 2786 1758 2837 adduceretur,
1790 2799 1863 2828 se-

234 2872 474 2909 moueatur
496 2866 553 2908 ab
575 2860 765 2908 aliorum
793 2863 1037 2916 consortio,
1074 2878 1126 2907 ac
1158 2863 1203 2906 in
1235 2863 1450 2906 cubiculo
1482 2862 1633 2917 aliquo
1665 2868 1859 2914 maneat,

306 3034 315 3053 ¹
367 3033 462 3078 Pag.
481 3031 565 3077 397.
