2098 3470
726 295 728 299 >
782 275 1213 314 Iumucnomzs—61
1692 284 1764 322 419

179 381 283 425 fieri
304 395 436 438 posse
457 380 677 437 videbunt
701 379 972 436 superiores,
1003 385 1235 435 comperto
1261 391 1495 430 successu,
1516 379 1812 423 ‘committent

179 457 428 514 aliquibus,
453 457 531 514 qui
551 456 773 514 singulari
794 456 885 500 sint
903 455 1088 512 spiritus
1107 455 1292 508 virtute,
1325 462 1463 511 atque
1490 455 1628 498 animi
1658 456 1812 499 mode-

187 534 274 578 stia
294 549 349 578 ac
371 534 613 579 suauitate.
639 535 891 578 Taurorum
912 540 1066 577 autem
1087 531 1418 589 exagitationes
1439 533 1636 588 publice,
1657 533 1813 588 quales

188 611 236 654 in
257 611 476 667 Hispania
504 611 603 654 fieri
628 611 795 664 solent,
818 609 857 653 si
885 609 1060 667 possint
1087 624 1168 665 per
1198 608 1424 666 principes
1449 616 1495 652 et
1524 609 1815 665 magistratus

188 687 412 744 impediri,
436 689 482 731 id
503 695 719 745 poterunt
745 701 903 743 curare
924 686 1082 739 nostri,
1107 686 1155 730 in
1175 701 1365 731 caueam
1394 700 1520 738 vero,
1554 687 1623 728 vel
1646 686 1811 741 forum,

189 772 270 808 aut
296 765 342 808 in
364 766 582 822 populum
615 767 704 808 n‘on
731 779 783 809 se
811 765 984 808 dabunt
1015 777 1119 807 cum
1146 763 1451 820 poenitentiis,
1476 771 1527 806 vt
1558 778 1637 807 eos
1665 765 1816 807 deter-

189 849 336 894 reant,
361 843 484 898 quod
505 841 671 886 alicubi
688 856 715 885 a
735 841 902 885 nostris
922 842 1093 884 factum
1114 840 1299 885 scimus.

281 920 331 962 Id
352 921 474 975 quod
495 902 674 964 dicetur
700 917 884 962 nomine
914 917 1162 961 comissarii
1186 918 1260 961 vel
1290 918 1424 962 etiam
1455 917 1748 973 prouincialis
1775 925 1820 962 et

191 1011 285 1040 non
310 997 561 1053 reperiatur
591 996 636 1039 in
659 1010 816 1039 eorum
846 995 1041 1051 scriptis,
1066 996 1308 1040 aduertant
1334 996 1591 1057 superiores
1622 1010 1680 1038 an
1708 1009 1821 1037 con—

196 1073 348 1117 ueniat
370 1087 531 1125 necne,
556 1081 602 1117 et
623 1073 750 1116 iuxta
771 1073 832 1125 id,
853 1073 975 1128 quod
990 1072 1100 1128 ipsis
1115 1072 1264 1115 visum
1285 1080 1304 1097 ²
1324 1071 1478 1124 fuerit,
1499 1072 1681 1115 faciant.
1704 1073 1821 1114 Nam

195 1149 307 1194 nihil
337 1157 424 1203 est,
457 1151 581 1206 quod
605 1151 664 1193 ad
691 1148 1070 1206 gubernationem
1103 1149 1310 1202 attineat,
1339 1150 1462 1205 quod
1488 1163 1582 1192 non
1611 1149 1824 1205 redigant

191 1226 259 1270 illi
278 1226 328 1269 in
347 1226 582 1283 scriptum,
606 1233 652 1270 et
668 1227 778 1271 dent
799 1225 1124 1283 superioribus,
1148 1234 1195 1269 et
1215 1226 1346 1270 cuius
1367 1227 1624 1283 exemplum
1646 1240 1738 1268 non
1755 1240 1824 1268 re-

195 1302 391 1348 tineant.

285 1379 358 1425 133
378 1379 476 1423 Etsi
497 1395 555 1423 ex
576 1379 728 1423 officio
749 1387 1019 1436 procurator
1038 1380 1203 1424 debeat
1222 1381 1482 1433 obseruare,
1508 1394 1599 1435 quo
1622 1387 1827 1436 ternpore

191 1455 290 1500 sint
316 1471 400 1510 res
420 1457 523 1501 illae
551 1457 787 1509 emendae,
813 1470 926 1512 quas
946 1455 964 1482 b
985 1456 1119 1500 simul
1139 1456 1291 1512 aliqua
1310 1457 1442 1514 copia
1462 1457 1589 1510 emit,
1614 1457 1715 1500 illas
1737 1471 1828 1500 non

192 1539 318 1578 emet
348 1541 367 1560 ⁰
395 1541 548 1578 tamen
585 1533 672 1576 nisi
710 1533 931 1590 superiori
957 1533 1206 1590 significet,
1237 1533 1315 1590 qui
1342 1549 1435 1577 non
1468 1534 1676 1591 negliget
1711 1534 1828 1577 idem

193 1611 444 1656 obseruare
465 1618 512 1653 et
539 1623 620 1666 per
641 1610 913 1673 ministrum,

289 1686 479 1731 Etiamsi
499 1687 559 1730 sit
580 1687 814 1744 proprium
837 1687 1024 1731 rectoris
1045 1688 1266 1732 rationem
1287 1689 1382 1732 dati
1402 1696 1447 1733 et
1468 1689 1646 1745 accepti
1673 1705 1700 1732 a
1721 1704 1830 1745 pro-

199 1771 416 1808 curatore
443 1764 667 1820 accipere,
698 1764 865 1820 poterit
899 1771 1050 1808 tamen
1081 1765 1193 1808 illud
1222 1766 1503 1810 committere
1534 1766 1756 1819 ministro,
1796 1766 1835 1808 si

203 1841 318 1886 adeo
345 1841 520 1898 peritus
547 1843 708 1885 harum
740 1841 966 1885 rationum
999 1841 1152 1895 fuerit,
1185 1850 1232 1886 et
1266 1843 1380 1887 adeo
1414 1844 1650 1900 probatus,
1690 1851 1739 1886 vt
1772 1843 1835 1885 illi

204 1918 410 1962 fortassis
431 1919 506 1961 vel
527 1918 676 1975 magis
696 1920 770 1962 vel
791 1933 907 1974 eque
928 1919 975 1961 in
1007 1933 1060 1962 ea
1092 1935 1157 1972 re,
1181 1934 1319 1976 quarn
1349 1919 1451 1973 sibi,
1475 1921 1662 1965 credere
1692 1920 1836 1977 possit

199 2002 370 2048 rector,
396 2001 443 2040 et
466 2002 618 2039 tamen
641 2009 877 2051 nunquam
899 1996 1076 2039 omittat
1092 1997 1350 2053 exploratas
1371 1999 1539 2041 habere
1560 1998 1773 2041 rationes.

292 2071 480 2116 Etiamsi
521 2087 579 2116 ex
614 2072 824 2129 collegiis
860 2073 1026 2116 nostris
1069 2074 1166 2117 dari
1206 2089 1302 2118 non
1342 2075 1484 2118 soleat
1527 2076 1832 2131 eleemosyna,

200 2150 575 2206 quandoquidem
598 2164 669 2203 ea,
690 2165 807 2206 quae
823 2151 976 2202 habet,
996 2151 1115 2194 bona
1135 2151 1393 2208 collegium,
1413 2153 1645 2209 eroganda
1654 2142 1769 2195 'sunt
1790 2152 1836 2195 in

205 2240 319 2270 vsus
345 2226 546 2284 collegii,
577 2234 624 2271 et
651 2228 746 2272 fere
775 2227 927 2270 omnia
958 2227 1167 2284 collegia,
1202 2228 1338 2273 etiam
1375 2244 1492 2285 quae
1528 2231 1682 2273 dotata
1710 2238 1833 2282 sunt,

201 2317 346 2359 egere
377 2304 568 2356 soleant,
604 2311 651 2348 et
686 2312 847 2347 mutuo
884 2303 1091 2360 accipere
1126 2305 1344 2361 pecunias
1382 2308 1658 2362 frequenter,
1699 2315 1744 2349 et
1781 2322 1835 2349 ex

204 2379 487 2424 abundantia
510 2380 563 2438 (si
583 2381 769 2437 quando
791 2381 1092 2438 contingeret)
1114 2382 1268 2439 potius
1287 2384 1441 2440 plures
1463 2392 1616 2428 essent
1639 2383 1713 2428 134
1747 2384 1836 2426 fra-

209 2465 302 2502 tres
323 2457 472 2501 alendi
497 2458 543 2500 in
567 2457 789 2514 collegiis,
814 2459 887 2502 vel
908 2459 1084 2502 externi
1111 2459 1247 2504 etiam
1273 2461 1530 2504 scholastici
1559 2460 1834 2511 assumendi,

206 2533 339 2577 iuxta
366 2543 555 2589 quartae
586 2535 727 2591 partis
758 2536 1125 2590 declarationem3
1166 2544 1317 2582 tamen
1354 2539 1596 2594 aliquando
1634 2537 1837 2580 nonnihil

205 2611 528 2667 eleemosynae
548 2613 658 2656 dare
679 2612 814 2656 alicui
835 2613 1039 2669 pauperi,
1065 2614 1142 2669 qui
1171 2615 1229 2658 ad
1255 2630 1342 2659 nos
1370 2616 1510 2667 venit,
1542 2630 1632 2658 non
1659 2614 1838 2656 videtur

208 2687 572 2739 interdicendum
611 2680 885 2741 rectoribus,
925 2691 1061 2734 modo
1098 2692 1197 2735 eius
1233 2692 1298 2737 rei
1334 2692 1708 2736 consuetudinem
1747 2705 1838 2733 non

211 2763 396 2817 faciant,
419 2766 493 2809 vel
516 2766 799 2822 frequentem
826 2781 972 2810 vsum.
1006 2766 1260 2812 Censemus
1290 2770 1408 2812 enim
1440 2770 1607 2811 nullam
1637 2782 1719 2810 nos
1746 2768 1839 2810 ele-

94 2839 114 2862 *
175 2872 177 2874 -
211 2854 476 2897 emosynam
499 2842 721 2898 potiorem
743 2843 892 2887 facere
913 2859 1062 2900 posse,
1088 2859 1224 2900 quam
1246 2845 1301 2890 iis
1322 2845 1612 2902 pauperibus,
1639 2845 1716 2899 qui
1740 2852 1840 2886 tan—

213 2923 312 2960 tum
339 2919 398 2961 ad
425 2933 530 2962 eum
562 2919 700 2964 finem
733 2919 1016 2973 nutriuntur,
1051 2929 1101 2963 vt
1132 2922 1304 2965 animas
1340 2930 1583 2978 pereuntes
1615 2935 1670 2964 ex
1703 2935 1841 2963 manu

286 3094 305 3111 a
352 3084 449 3120 visis
467 3096 538 3122 ms,
591 3087 656 3113 ——b
682 3097 783 3131 quae
801 3097 872 3122 ms.
925 3095 987 3114 -c
1014 3087 1259 3124 illasemere‘
1273 3099 1350 3123 non
1369 3090 1468 3123 emet
1486 3099 1557 3122 ms.
