2098 3470
800 197 1231 236 Insrnucnouns-bx
1717 205 1785 243 575

284 305 369 349 557
391 301 605 346 Materies
627 300 858 358 petitionis
879 300 927 343 in
948 299 1152 344 oratione
1172 301 1286 344 haec
1308 312 1409 343 esse
1427 305 1593 354 potest.

285 378 468 434 Septem
491 378 736 434 petitiones
763 377 978 421 orationis
1005 375 1276 429 dominicae,
1301 376 1359 418 ad
1387 389 1500 432 quas
1529 366 1686 419 omnes
1721 375 1833 420 aliae

195 455 500 499 reducuntur.

239 526 253 529 “
286 531 536 576 Petitiones
573 531 774 575 omnium
812 531 1068 575 orationum
1106 530 1271 573 missae
1308 537 1354 574 et
1389 531 1602 572 horarum
1646 529 1833 572 canoni-

191 622 370 653 carum.

282 683 373 727 Pro
394 685 588 728 ecclesia
609 692 768 729 sancta
789 684 1013 729 catholica
1034 698 1236 727 romana.

282 760 373 804 Pro
395 776 573 805 summo
590 761 822 818 pontifice.
936 752 947 762 ⁷
1136 741 1154 758 Ο

283 840 374 882 Pro
395 838 692 882 cardinalium
716 838 924 896 collegio.

265 916 374 980 §Pro
395 915 608 958 omnibus
624 915 864 972 episcopis,
885 923 931 960 et
945 914 1236 972 peculiariter
1253 928 1335 971 pro
1351 928 1421 966 eo,
1442 913 1490 956 in
1507 913 1637 957 cuius
1656 914 1832 970 episco-

192 998 304 1048 patu
326 1005 674 1036 commoramur.
1219 981 1229 993 ’

283 1070 375 1121 Pro
396 1068 608 1112 omnibus
630 1069 857 1126 parochis.

282 1146 372 1188 Pro
393 1145 603 1189 omnibus
627 1145 924 1202 religionibus
946 1153 991 1190 et
1013 1145 1324 1202 superioribus
1342 1153 1387 1190 et
1409 1145 1635 1202 religiosis
1658 1160 1833 1189 earum·

192 1223 314 1266 dem.

280 1301 372 1342 Pro
392 1299 620 1344 Societate
642 1299 947 1355 peculiariter;
972 1307 1018 1343 et
1038 1315 1129 1357 pro
1144 1299 1402 1356 praeposito
1425 1299 1648 1356 generali.

280 1376 370 1420 Pro
392 1363 605 1420 omnibus
627 1377 867 1421 Societatis
889 1377 1245 1433 prouincialibus
1266 1385 1312 1422 et
1339 1376 1669 1433 superioribus,
1702 1390 1831 1432 prae-

186 1452 324 1509 cipue
341 1467 424 1509 pro
442 1457 528 1500 558
546 1453 813 1509 prouinciali
830 1454 928 1498 eius
943 1453 1220 1510 prouinciae,
1236 1461 1281 1498 et
1295 1453 1605 1510 superioribus
1622 1453 1828 1497 eiusdem

189 1529 371 1586 collegii
394 1537 472 1573 aut
494 1531 673 1582 domus,
699 1530 744 1573 in
768 1545 858 1586 qua
880 1538 989 1574 tunc
1011 1545 1184 1574 sumus.
1520 1590 1523 1593 v

279 1608 368 1650 Pro
390 1606 601 1650 omnibus
622 1607 868 1663 prouinciis
890 1607 1148 1660 Societatis,
1169 1608 1431 1664 praesertim
1451 1622 1532 1663 pro
1549 1607 1676 1650 India
1693 1614 1739 1650 et
1758 1621 1827 1650 re-

134 1695 138 1705 “
190 1681 409 1739 gionibus
431 1683 878 1740 septentrionalibus.

280 1762 370 1804 Pro
392 1760 653 1804 ministeriis
676 1761 932 1813 Societatis,
964 1776 1135 1817 proque
1163 1775 1319 1804 eorum
1349 1761 1581 1814 ministris,
1615 1769 1661 1806 et
1691 1775 1827 1818 pecu-

188 1835 356 1881 liariter
378 1852 459 1894 pro
481 1838 645 1880 domus
668 1846 747 1880 aut
769 1838 951 1894 collegii
972 1838 1019 1880 in
1042 1853 1134 1894 quo
1157 1853 1332 1882 sumus.

277 1914 367 1957 Pro
388 1914 600 1957 omnibus
625 1914 839 1958 Patribus
860 1922 905 1958 et
927 1915 1143 1959 fratribus
1164 1915 1422 1960 Societatis,

282 1992 373 2034 Pro
394 1991 696 2035 Conuersione
718 1991 1067 2036 haereticorum.

281 2069 371 2111 Pro
393 2067 692 2112 conuersione
715 2068 982 2112 infidelium.

282 2146 371 2188 Pro
394 2144 479 2196 his,
506 2144 583 2200 qui
605 2152 714 2187 sunt
735 2144 784 2187 in
805 2153 995 2200 peccato
1017 2146 1212 2189 mortali.

279 2218 372 2264 Pro
394 2221 632 2264 animabus
654 2221 924 2278 purgatorii.

278 2299 369 2341 Pro
405 2298 554 2342 salute
590 2306 636 2341 et
674 2298 957 2354 perfectione
985 2299 1299 2344 vniuersarum
1326 2300 1596 2353 animarum,
1630 2310 1673 2344 et
1704 2316 1830 2358 prae-

185 2373 322 2431 cipue
367 2388 545 2426 eorum,
596 2389 788 2430 quorum
840 2389 996 2418 curam
1044 2383 1089 2418 et
1136 2376 1572 2422 administrationem
1623 2378 1828 2422 Societas

187 2451 327 2507 gerit.

276 2529 365 2571 Pro
388 2527 602 2571 vniuerso
624 2536 747 2571 statu
769 2528 1081 2573 ecclesiastico
1102 2530 1289 2586 suisque
1310 2531 1543 2574 ministris.

219 2632 223 2638 -
274 2605 366 2648 Pro
388 2604 601 2647 omnibus
623 2605 809 2661 regibus
825 2613 872 2648 et
889 2605 1168 2662 principibus
1186 2607 1462 2660 christianis,
1484 2609 1728 2665 praecipue
1747 2624 1828 2664 pro

185 2678 289 2734 inis,
315 2684 399 2728 559
422 2695 615 2736 quorum
640 2681 922 2737 prouinciam
946 2682 1203 2728 incolimus.

273 2757 363 2800 Pro
386 2757 491 2809 illis,
514 2757 593 2812 qui
615 2758 824 2801 laborant
847 2759 893 2802 in
910 2759 1142 2804 extremis.

275 2835 366 2877 Pro
390 2833 601 2877 omnibus
626 2836 829 2880 tentatis.

277 2913 364 2954 Pro
386 2910 473 2964 his,
498 2911 576 2966 qui
598 2911 643 2954 in
668 2912 873 2968 periculo
896 2915 1118 2970 peccandi
1141 2924 1266 2961 sunt.

278 2989 366 3030 Pro
391 2988 670 3043 protectione
704 2989 806 3044 Dei,
833 2991 1117 3036 beatissimae
1142 2993 1343 3049 Virginis
1367 2993 1534 3043 matris,
1561 3000 1603 3035 et
1628 2993 1828 3036 omnium
