2098 3470
301 279 370 317 570
773 272 928 310 Pau-ms
951 274 1196 310 Hmnouvm
1221 273 1372 310 NADAL

341 372 434 427 Qui
458 379 677 428 tempore,
701 387 792 429 quo
815 374 864 416 fit
894 374 1038 418 oratio
1069 375 1141 417 uel
1170 389 1380 428 examen,
1411 383 1695 432 occupantur
1724 391 1884 423 neces-

254 448 389 501 sario,
414 448 469 491 iis
491 452 577 495 545
607 456 785 506 tempus
812 458 1118 507 opportunum
1157 450 1279 494 aliud
1317 451 1594 509 assignetur,
1635 468 1726 510 quo
1756 468 1884 499 suam

253 524 508 569 orationem
530 527 729 570 habeant
751 533 796 571 et
819 542 1025 572 examen.

281 621 286 626 ·
340 603 477 657 Quod
499 602 696 658 legimus
716 602 761 646 in
781 604 940 660 regula
961 604 1208 657 communi,
1234 619 1325 648 non
1342 606 1510 650 debere
1529 621 1627 659 nos,
1648 607 1757 651 dum
1779 621 1882 652 ora-

251 670 366 730 mus,
391 686 569 735 praeter
591 680 799 723 decorem
821 680 1017 724 scamnis
1040 679 1318 734 incumbere,
1351 681 1621 738 intelligitur
1647 683 1725 726 vbi
1749 697 1880 727 com·

250 755 446 799 muniter
468 770 664 808 oramus,
690 765 739 800 vt
761 757 807 799 in
830 757 982 806 missa,
1004 758 1075 800 vel
1098 757 1315 814 vesperis.
1341 759 1457 802 Nam
1475 759 1688 815 priuatim
1711 760 1882 817 singuli

248 832 385 874 situm
409 833 735 886 obseruabunt,
762 833 838 889 qui
861 833 947 876 illis
969 833 1053 876 erit
1075 835 1371 888 commodior,
1391 835 1518 878 iuxta
1540 837 1782 891 quamdam
1799 839 1881 880 ad-

247 909 463 953 ditionem
488 909 656 965 primae
674 911 989 954 hebdomadae
1010 910 1344 955 exercitiorum.
1372 913 1510 967 Quod
1531 913 1569 955 si
1592 913 1776 967 fuerint,
1797 914 1877 970 qui

249 994 496 1030 causentur
524 988 729 1044 regulam
763 989 1006 1031 obseruare
1044 1003 1135 1031 non
1173 1003 1322 1050 posse,
1363 989 1630 1032 indicabunt
1657 990 1878 1046 superiori

246 1078 447 1115 causam,
473 1072 746 1121 quapropter
768 1065 830 1107 ita
852 1065 1021 1116 dicant,
1061 1066 1118 1109 de
1141 1080 1229 1121 qua
1265 1065 1483 1109 iudicabit
1517 1066 1739 1122 superior,
1765 1082 1876 1111 con-

245 1141 366 1183 sulto
387 1140 523 1184 etiam
546 1141 738 1194 medico,
763 1141 800 1184 si
824 1146 938 1197 opus
961 1140 1111 1193 fuerit;
1137 1156 1254 1198 quae
1276 1142 1314 1184 si
1334 1143 1570 1198 probetur,
1595 1143 1871 1200 significabi-
1897 1132 1899 1134 ¹

247 1225 321 1260 tur
344 1217 574 1271 fratribus,
599 1233 657 1263 ne
679 1218 898 1261 mirentur
921 1219 1045 1272 quod
1073 1218 1276 1261 similiter
1304 1233 1461 1263 omnes
1489 1234 1581 1262 non
1611 1219 1801 1265 faciunt.
1825 1221 1875 1266 Si

244 1309 353 1338 vero
376 1309 513 1337 causa
535 1309 626 1337 non
649 1296 933 1360 probaretur,
964 1302 1083 1339 esset
1112 1296 1471 1357 confirmandum
1499 1303 1548 1339 vt
1577 1311 1736 1340 omnes
1766 1311 1872 1340 ean-

243 1372 346 1415 dem
369 1371 589 1416 rationem
612 1373 924 1424 obseruarent;
950 1379 996 1415 et
1019 1379 1171 1415 tamen
1194 1371 1372 1415 curabit
1393 1372 1614 1428 superior,
1639 1380 1689 1415 vt
1709 1373 1787 1428 qui
1805 1388 1872 1416 re-

242 1449 397 1504 gulam
419 1448 540 1491 illam
563 1449 807 1493 obseruare
829 1463 919 1491 non
943 1456 1107 1504 potest,
1132 1448 1355 1504 priuatam
1379 1449 1563 1492 missam
1592 1449 1761 1493 audiat.

331 1530 418 1573 546
457 1527 855 1581 Quemadmodum
899 1525 944 1567 in
991 1525 1348 1582 congregatione
1391 1525 1595 1583 generali
1629 1527 1876 1574 ‚decretum

240 1610 310 1647 est
337 1605 365 1655 ¹,
387 1617 471 1646 nec
494 1604 689 1646 orabunt
713 1603 872 1646 fratres
901 1616 985 1646 nec
1013 1617 1204 1647 examen
1227 1602 1395 1647 facient
1423 1603 1739 1656 communiter,
1775 1603 1875 1648 siue

239 1681 285 1722 in
308 1681 468 1724 eodem
491 1681 606 1734 loco,
633 1685 947 1736 praeterquam
979 1695 1082 1723 curn
1115 1679 1306 1722 audiunt
1335 1680 1518 1724 missam
1547 1681 1619 1724 vel
1642 1695 1871 1736 vesperas,

241 1758 310 1800 vel
331 1758 513 1813 quando
535 1756 685 1812 aliqua
712 1757 966 1800 communis
994 1757 1137 1799 oratio
1165 1756 1377 1800 indicitur
1405 1757 1543 1810 domi,
1575 1759 1866 1814 quemadmo-

235 1835 345 1877 dum
367 1835 515 1879 solent
550 1834 749 1886 litaniae,
790 1835 863 1878 vel
885 1849 1024 1877 vnum
1061 1834 1360 1889 quadrantem
1383 1842 1515 1877 orant
1552 1836 1716 1878 fratres
1743 1842 1873 1891 post-

239 1925 374 1966 quam
398 1911 763 1955 communionem
788 1910 1063 1967 acceperint.
1735 1910 1737 1913 ’

325 1988 640 2040 Ceremoniae,
665 2003 781 2043 quae
803 1987 1034 2032 obseruari
1057 1988 1205 2031 solent
1227 1988 1274 2030 in
1303 1987 1456 2031 offitiis
1485 1994 1671 2032 sanctae
1693 1989 1871 2032 hebdo-

239 2067 412 2118 madae,
438 2073 655 2122 petentur
685 2080 741 2108 ex
777 2065 960 2107 Missalz'
997 2066 1218 2107 Romano.
1245 2064 1294 2109 Si
1317 2079 1432 2121 quae
1455 2071 1606 2109 tamen
1635 2065 1866 2109 obseruari

172 2189 176 2192 ,
237 2144 432 2188 debeant
459 2141 812 2186 consuetudines
840 2156 1104 2185 communes
1133 2141 1413 2197 prouinciae,
1446 2148 1493 2184 et
1522 2155 1581 2184 an
1603 2142 1775 2197 absque
1796 2143 1864 2186 of-

237 2220 440 2264 fensione
476 2218 707 2276 praeteriri
746 2226 991 2274 nequeant,
1016 2218 1062 2261 id
1083 2218 1167 2261 erit
1189 2218 1385 2274 positum
1415 2218 1461 2260 in
1489 2217 1659 2261 iudicio
1679 2218 1870 2274 prouin-

236 2297 376 2350 cialis,
402 2297 782 2352 quemadmodum
806 2296 1005 2339 iudicare
1026 2310 1083 2339 an
1106 2295 1152 2337 in
1175 2295 1248 2338 die
1270 2302 1559 2351 pentecostes
1580 2295 1790 2338 columba
1806 2295 1866 2339 sit

233 2375 495 2419 emittenda.
517 2376 634 2418 Nam
652 2373 690 2417 si
706 2388 864 2418 omnes
881 2373 1100 2417 ecclesiae
1115 2372 1236 2416 illam
1254 2373 1452 2415 habeant
1469 2372 1864 2427 consuetudinem,

236 2459 283 2494 vt
305 2451 537 2496 emittatur
558 2451 767 2494 columba
789 2450 835 2492 in
858 2450 1163 2495 celebratione
1194 2448 1447 2492 officiorum
1469 2448 1568 2492 eius
1595 2448 1701 2502 diei,
1725 2449 1867 2492 nostri

234 2528 281 2571 in
303 2529 462 2572 eadem
485 2527 793 2572 celebratione
821 2527 1027 2571 emittere
1049 2533 1241 2583 possunt
1265 2527 1296 2569 ².

323 2610 409 2652 547
443 2607 668 2649 Poterunt
705 2604 848 2662 nostri
871 2604 1062 2648 recitare
1089 2606 1223 2647 horas
1250 2618 1356 2646 suas
1384 2602 1626 2646 canonicas
1646 2602 1865 2646 deambu-

234 2683 386 2735 lando,
413 2682 499 2725 nisi
520 2682 640 2725 forte
662 2696 715 2725 ea
736 2681 1044 2725 deambulatio
1066 2682 1236 2725 faceret
1257 2688 1307 2723 vt
1328 2679 1518 2724 attentio
1549 2678 1862 2736 impediretur:

234 2766 391 2816 posset
412 2759 547 2802 etiam
571 2757 809 2802 intermitti
832 2758 906 2801 illa
929 2757 1250 2810 deambulatio,
1282 2757 1320 2800 si
1355 2758 1473 2800 forte
1503 2757 1683 2800 adesset
1703 2755 1867 2812 aliquis

233 2836 466 2891 secularis,
507 2836 585 2892 qui
623 2835 852 2880 videretur
889 2836 1190 2879 offendendus
1204 2869 1215 2889 ,
1253 2834 1637 2889 quemadmodum
1674 2833 1864 2877 fortasse

231 2913 504 2969 contingere
526 2921 679 2970 posset
701 2913 748 2955 in
770 2912 1007 2968 Hispania.

305 3022 315 3041 ¹
366 3019 632 3065 Congregatio
652 3019 720 3063 1.¹,
737 3017 847 3054 decr.
871 3017 935 3063 98.
960 3017 1022 3054 Cf.
1045 3017 1174 3058 Instit.
1209 3018 1295 3055 Soc.
1307 3017 1408 3064 Jesu
1438 3015 1550 3062 (edit.
1580 3015 1680 3061 eit.),
1699 3015 1750 3060 ΙΙ,
1780 3022 1860 3061 177.
1919 2990 1923 2991 ⁷
1978 2999 1981 3001 Α

301 3079 316 3098 ²
365 3078 466 3114 Vide
486 3090 616 3126 supra,
635 3089 725 3126 pag.
745 3086 828 3114 202.
