2098 3470
298 11 316 21 ..
376 0 398 22 1⁵
409 0 446 22 ‘cf‘
459 0 523 18 urs·
544 0 603 13 ·-··
618 0 646 8 -νπ
667 0 741 12 ···-
762 0 807 10 -v

795 231 1182 269 Surprunxrma-
1190 240 1235 278 25
1716 234 1788 281 859

175 337 715 390 ,Heautontimorumeno
736 332 956 385 Terentii,
981 333 1054 378 vel
1076 347 1160 389 pro
1180 333 1412 390 primitiuo
1440 335 1642 391 ponitur,
1672 350 1833 392 quem-

139 446 141 450 Α
195 413 441 458 admodum
463 412 583 469 apud
605 410 884 463 Lucretium,
915 411 987 455 vel
1016 407 1169 466 p'otius
1195 410 1559 456 imminutionem
1588 414 1831 468 quamdam

195 489 423 548 significat
461 497 509 532 et
534 488 887 540 inchoationem;
927 501 1063 543 quem
1100 502 1285 531 sensum
1322 490 1558 546 eleganter
1596 498 1832 534 mutuatus

162 610 168 614 .
192 574 284 620 est,
308 565 387 623 qui
408 566 548 610 latina
568 565 679 610 fecit
701 572 857 608 nostra
878 563 1110 609 exercitia.

285 642 723 700 Intelligis'tandem,
743 641 812 684 vir
827 642 961 685 docte
976 639 1082 693 224,
1102 655 1239 696 quam
1256 642 1394 699 longe
1418 643 1555 688 distet
1573 659 1680 687 vera
1702 643 1830 688 verbi

195 719 474 778 significatio
493 734 521 763 a
542 726 622 762 tua
648 718 1042 775 interpretatione?
1071 719 1169 762 Vae
1202 726 1308 763 tuae
1335 720 1675 776 grammaticae,
1700 721 1738 763 si
1769 720 1831 764 ita

195 811 377 854 semper
408 795 787 854 grammaticaris!
811 796 904 841 Sed
929 795 1084 839 nescio
1115 795 1225 852 quid
1249 796 1328 838 tibi
1346 796 1394 839 in
1416 806 1613 841 mentem
1635 797 1826 848 venerit,

148 858 153 862 ¹
194 882 246 918 vt
267 874 482 919 crederes
501 874 642 917 verba
667 873 715 915 in
737 887 810 916 sco
830 886 933 916 esse
954 872 1305 927 frequentatiua.
1333 874 1517 926 Errasti,
1556 877 1706 918 Pater:
1738 889 1830 918 non

195 958 305 995 sunt
331 952 472 995 verba
493 950 540 993 in
557 965 630 993 sco
647 949 1000 1005 frequentatiua,
1019 950 1100 994 sed
1118 964 1238 1005 quae
1260 950 1474 994 desinunt
1491 951 1536 993 in
1561 953 1632 1003 ito,
1651 966 1705 996 ea
1722 960 1829 994 sunt

199 1028 553 1085 frequentatiua3
585 1035 636 1071 vt
669 1029 824 1080 lusito,
856 1028 1019 1080 lectito,
1053 1035 1100 1071 et
1127 1041 1245 1082 quae
1277 1042 1303 1070 a
1326 1028 1500 1084 supinis
1531 1028 1578 1071 in
1601 1043 1706 1073 eum
1730 1043 1828 1071 mo-

193 1106 306 1148 dum
326 1109 596 1149 formantur.
617 1106 682 1149 At
699 1111 751 1147 tu
771 1104 1004 1148 credidisti
1025 1105 1166 1148 verbo
1186 1118 1259 1147 sco
1280 1104 1326 1147 in
1344 1106 1404 1147 ito
1421 1105 1652 1150 terminari
1668 1113 1702 1157 ει;
1722 1119 1827 1148 nam

196 1181 308 1238 quid
327 1181 398 1226 vis
426 1182 509 1226 tibi
536 1181 705 1225 dicam?
726 1182 904 1238 Lapsus
926 1195 992 1234 es3
1018 1182 1100 1226 sed
1126 1188 1285 1238 postea
1322 1182 1379 1224 ad
1408 1190 1452 1226 te
1481 1181 1666 1226 rediisti:
1692 1182 1828 1224 credo

194 1259 424 1316 equidem,
456 1259 608 1303 Pater.
640 1258 732 1303 Sed
770 1260 883 1302 haec
910 1258 1049 1302 missa
1085 1258 1192 1302 sint.
1224 1260 1291 1301 Ita
1326 1258 1468 1316 igitur
1495 1259 1665 1315 accipe,
1692 1260 1827 1302 Pater

192 1337 470 1381 venerande:
509 1337 702 1379 verbum
732 1337 1094 1391 praesentiscere
1124 1335 1190 1379 sic
1227 1350 1312 1379 nos
1348 1336 1569 1392 accipere,
1600 1344 1649 1378 vt
1677 1344 1727 1378 tu
1755 1336 1825 1377 lu-

193 1413 403 1456 culenter
423 1428 480 1458 ex
501 1412 747 1468 exemplari
769 1411 1004 1469 hispanico
1026 1420 1156 1469 potes
1181 1413 1429 1469 percipere.
1461 1413 1510 1457 Si
1533 1412 1726 1469 amplius
1747 1412 1828 1456 de-

192 1488 396 1546 sidelras,
408 1490 773 1545 praesentiscere
795 1504 879 1533 nos
899 1489 1198 1547 intelligimus
1227 1497 1277 1532 vt
1304 1490 1560 1534 Terentius.
1589 1490 1639 1534 Si
1661 1505 1719 1533 ne
1742 1491 1828 1532 hoc

191 1564 378 1623 quidem
408 1566 491 1609 tibi
521 1573 592 1610 sat
618 1574 705 1619 est,
731 1566 962 1611 hominem
990 1574 1216 1619 nostrum,
1240 1574 1484 1623 antequam
1507 1566 1662 1622 eligat,
1687 1567 1826 1610 velle-

192 1657 297 1686 mus
317 1642 383 1688 ita
403 1643 450 1686 in
471 1642 693 1687 charitate
713 1643 801 1687 Dei
822 1651 960 1700 atque
988 1643 1034 1687 in
1056 1644 1156 1688 eius
1177 1643 1355 1688 actibus
1381 1658 1482 1687 esse
1508 1643 1825 1695 exercitatum,

135 1711 146 1722 ⁰
191 1719 256 1764 ita
291 1720 554 1777 profecisse,
586 1728 636 1764 vt
663 1721 870 1764 nonnihil
903 1721 1040 1766 etiam
1071 1721 1376 1765 inchoationis
1408 1721 1551 1764 diuini
1580 1728 1745 1777 gustus
1775 1734 1828 1763 ac

191 1811 358 1842 sensus
377 1797 565 1854 spiritus
583 1805 904 1854 assequeretur
925 1813 980 1841 ac
1012 1798 1219 1853 sentiret,
1243 1799 1364 1842 vnde
1396 1798 1593 1854 paratior
1621 1798 1750 1842 fieret
1771 1798 1828 1839 ad

190 1873 459 1920 electionem
482 1874 569 1918 rite
588 1889 642 1918 ac
663 1875 736 1932 pie
757 1875 1116 1932 concipiendam.
1149 1877 1319 1920 Verum
1342 1877 1399 1920 de
1437 1875 1510 1919 his
1536 1876 1637 1918 fuse
1674 1874 1719 1916 in
1748 1882 1827 1917 tuo

191 1949 466 2005 vadimonio;
491 1966 596 1995 nam
618 1959 873 1996 contestata
893 1968 919 1996 a
941 1960 987 1997 te
1008 1952 1097 1996 iam
1119 1953 1175 1996 lis
1190 1961 1275 1996 est.
1296 1954 1388 1997 Sed
1405 1952 1585 1997 interim
1602 1967 1660 1996 ne
1677 1951 1827 1994 ociose

155 2089 157 2091 ι
189 2034 500 2085 expectemus,
525 2028 818 2074 intercalares
841 2036 944 2073 tuas
964 2043 1183 2073 censuras
1199 2043 1228 2084 4
1249 2029 1494 2074 diluamuS.
1519 2030 1660 2085 Lege.

844 2108 926 2150 Fo.
948 2119 1021 2161 72,
1042 2108 1103 2153 fa.
1133 2119 1171 2151 1.

282 2182 612 2228 «Considerate
634 2184 847 2227 eumdem
862 2186 1014 2227 Deum
1034 2198 1087 2227 ac
1104 2184 1351 2227 Dominum
1374 2191 1562 2240 propter
1580 2198 1651 2226 me
1670 2183 1715 2225 in
1738 2181 1822 2223 225

189 2259 411 2304 creaturis
430 2259 711 2305 laborantem
734 2261 1116 2317 quodammodo.»

278 2335 404 2392 Quid
427 2343 477 2380 tu
504 2335 580 2379 hic
609 2338 792 2381 censes?
817 2338 981 2382 «Certe
1002 2353 1121 2381 vana
1142 2353 1244 2383 esse
1265 2338 1470 2382 videtur»
1503 2339 1530 2388 ¹,
1557 2345 1641 2380 etc.
1671 2341 1821 2376 Μάτων

188 2418 320 2460 fanon»
342 2420 466 2457 tuam
489 2427 727 2458 censuram
757 2429 850 2458 non
886 2415 1050 2468 dicam,
1085 2416 1165 2459 sed
1201 2416 1346 2458 ausim
1381 2416 1513 2470 ‹kbona
1547 2422 1622 2456 tua
1661 2413 1819 2469 gratia)

187 2487 341 2534 dicere
361 2489 530 2542 leuem,
556 2498 694 2546 atque
715 2492 831 2534 adeo
859 2506 977 2547 quae
1005 2491 1238 2536 leuissima
1268 2506 1378 2535 aura
1406 2490 1642 2546 apologiae
1680 2489 1820 2545 possit

188 2564 236 2608 in
255 2564 277 2590 ι’
297 2569 447 2610 aerem
470 2566 603 2610 facile
623 2567 853 2624 dissipari.
888 2569 981 2613 Sed
1002 2569 1343 2625 audiprimum,
1379 2570 1514 2611 Pater
1547 2566 1620 2609 mi:
1656 2580 1739 2609 cur
1772 2574 1820 2608 tu

188 2641 286 2699 ipse
314 2649 495 2686 tuarum
522 2657 818 2688 censurarum
847 2646 1003 2690 eleuas
1031 2645 1349 2689 auctoritatem
1384 2652 1519 2699 atque
1549 2642 1819 2698 corrumpis?

175 2802 182 2805 ,
256 2771 276 2790 ⁸
324 2761 390 2797 Sic
404 2772 477 2806 ms;
496 2767 536 2798 at
554 2762 765 2809 legendum
783 2763 940 2799 videtur
958 2764 1123 2800 verbum
1141 2765 1185 2799 in
1209 2775 1317 2799 «sco»
1338 2763 1534 2805 desinens,
1555 2763 1596 2796 in
1624 2761 1725 2796 «ito»
1745 2763 1819 2795 ter-

187 2820 358 2858 minari.
410 2822 475 2849 ——b
500 2822 546 2858 in
562 2822 607 2857 in
624 2833 699 2858 ms.

187 2920 422 2958 schendorfii
460 2922 690 2960 recensione
731 2924 917 2959 adornata
932 2953 941 2969 ,
967 2924 1020 2960 ita
1049 2925 1236 2959 habetur:
1279 2923 1299 2957 ὁ
1329 2922 1475 2969 ῥυπαρὸς
1514 2921 1717 2968 ῥυπανθήτω
1752 2920 1813 2954 ἔτι.

185 2980 336 3026 Aroe„
355 2981 484 3028 XXII,
503 2990 562 3018 11.
581 2983 751 3018 Dubiam
770 2989 902 3019 tamen
915 2979 1032 3019 aliam
1051 2983 1260 3019 lectionem
1278 2981 1516 3029 ρυπιρευθητω
1536 2979 1664 3015 affert-

258 3039 270 3061 ¹
319 3039 421 3076 Vide
437 3041 537 3077 hanc
554 3041 759 3078 Pedrochii
777 3053 998 3086 censuram,
1017 3043 1091 3078 loc.
1110 3042 1192 3087 cit.,
1215 3053 1303 3088 pag.
1325 3040 1406 3085 518.
