2098 3470
278 213 346 248 504
751 205 908 242 PATms
934 206 1178 242 H1ERONYM1
1204 206 1354 242 NADAL

233 320 370 361 quam
393 306 633 362 supremis;
660 307 822 350 harum
844 307 963 351 enim
986 309 1101 360 loco,
1123 322 1263 364 parua
1281 308 1416 364 pallia
1433 307 1529 351 dari
1547 309 1710 361 solent,
1730 323 1864 365 prae-

231 383 386 427 sertim
415 385 595 439 hyeme;
627 391 672 426 et
700 383 738 427 si
769 384 952 441 longius
980 385 1233 436 mittantur,
1259 398 1393 439 quam
1432 384 1591 428 itinere
1620 385 1754 429 vnius
1780 390 1863 433 392

230 460 543 513 hebdomadis,
575 461 622 504 in
649 475 741 516 quo
767 461 929 506 itinere
957 477 1046 505 non
1079 469 1325 505 occurrunt
1353 462 1562 518 collegia,
1595 470 1748 507 essent
1777 462 1864 507 illis

230 539 378 582 danda
406 539 497 580 duo
533 537 728 591 indusia,
761 539 968 591 alterum,
994 553 1083 594 quo
1120 538 1431 591 induerentur,
1459 539 1647 583 alterum
1677 540 1734 583 ad
1762 553 1863 583 mu-

232 615 436 658 tandum:
463 622 508 659 et
529 616 619 658 hoc
651 615 833 671 quidem
865 615 901 659 si
939 616 1025 659 iter
1054 616 1253 658 facerent
1289 615 1560 671 singulares:
1593 615 1661 659 sin
1691 617 1862 672 plures,

230 706 371 734 vnum
394 691 623 735 indusium
647 693 855 737 sufficere
877 699 1046 748 posset,
1072 707 1154 748 pro
1176 691 1442 736 mutatione:
1466 692 1645 735 dandus
1666 700 1735 737 est
1752 692 1860 738 item

232 768 432 825 galerus,
465 776 697 825 praeterea
723 770 815 813 duo
848 769 1110 825 strophiola,
1141 778 1186 812 et
1223 768 1364 813 calcei
1394 770 1522 821 tales,
1547 769 1625 825 qui
1656 770 1866 814 sufficere

230 845 405 901 possint
422 846 478 888 ad
500 845 585 889 iter
606 847 932 903 peragendum,
953 847 1086 888 datur
1104 854 1336 902 praeterea
1356 845 1592 898 rosarium,
1613 853 1659 891 et
1676 861 1864 902 praeces

233 923 396 967 beatae
413 922 633 980 Virginis.
1786 922 1795 930 ⁹

323 1000 521 1055 Quando
544 1000 785 1044 mittuntur
807 1001 967 1043 fratres
989 1000 1046 1042 ad
1068 999 1190 1042 aliud
1212 999 1472 1056 collegium,
1492 1001 1565 1043 vel
1581 1000 1765 1043 domum
1778 1001 1866 1046 So-

231 1076 424 1128 cietatis,
460 1077 539 1133 qui
565 1077 667 1121 illos
697 1077 849 1130 mittit,
881 1077 1123 1133 diligenter
1150 1090 1229 1132 per
1265 1076 1418 1121 literas
1454 1087 1616 1121 causas
1648 1084 1862 1134 exponat,

232 1161 507 1210 quapropter
538 1154 789 1206 mittantur,
815 1162 861 1199 et
889 1154 926 1196 si
960 1153 1069 1209 quid
1096 1162 1329 1209 praeterea
1358 1162 1443 1205 est,
1475 1154 1595 1209 quod
1617 1153 1865 1197 desiderari

234 1229 392 1286 possit,
419 1239 467 1273 vt
488 1230 654 1274 missus
677 1239 798 1275 recte
821 1238 866 1275 et
889 1230 1046 1274 ordine
1068 1231 1366 1286 gubernetur.
1399 1230 1447 1275 Si
1484 1230 1593 1285 quid
1619 1244 1730 1274 vero
1759 1244 1869 1286 gra·

235 1306 338 1350 uius
370 1315 578 1350 occurret
608 1307 897 1350 scribendum
930 1307 987 1352 de
1018 1307 1171 1360 misso3
1196 1306 1296 1350 illas
1326 1307 1478 1350 literas
1507 1306 1762 1350 consultius
1784 1306 1869 1350 erit

233 1383 296 1426 illi
318 1398 412 1427 non
435 1385 542 1427 dare
564 1384 870 1440 perferendas,
897 1385 976 1428 sed
998 1398 1079 1440 per
1101 1384 1237 1427 alium
1257 1383 1450 1436 mittere,
1475 1391 1521 1427 et
1539 1384 1662 1440 prius
1685 1384 1868 1439 quidem

235 1459 371 1516 quam
395 1461 615 1514 mittatur;
642 1442 763 1517 quod
786 1461 1044 1517 intelligens
1071 1461 1285 1517 superior·
1304 1461 1446 1504 satius
1468 1461 1554 1504 erit
1575 1461 1615 1504 si
1634 1466 1717 1507 393
1739 1461 1869 1504 dissi-

236 1538 393 1590 mulet,
418 1545 465 1582 et
485 1552 540 1582 eo
562 1538 710 1594 magis
731 1538 815 1581 erit
838 1538 878 1582 ei
895 1537 1206 1593 euigilandum
1229 1545 1277 1580 vt
1299 1538 1424 1581 illum
1447 1537 1575 1582 iuuet
1597 1545 1869 1594 opportune.

325 1614 584 1671 Diligenter
619 1616 732 1658 haec
763 1615 1000 1670 disciplina
1037 1616 1323 1668 obseruetur‚
1349 1623 1398 1657 vt
1436 1614 1548 1658 nulli
1574 1629 1600 1658 e
1622 1615 1790 1658 nostris
1812 1615 1870 1658 ob

236 1706 337 1736 eam
355 1692 502 1735 solum
519 1705 703 1735 causam
722 1692 779 1734 ad
796 1691 986 1747 patriam
1005 1692 1260 1745 mittantur,
1281 1693 1400 1748 quod
1421 1692 1568 1736 visere
1585 1692 1726 1735 velint
1743 1706 1867 1744 suos,

239 1769 311 1812 vel
333 1769 455 1824 quod
476 1775 634 1824 petant
654 1768 719 1810 illi
740 1775 790 1810 vt
812 1783 860 1812 se
894 1768 1058 1821 visant,
1084 1784 1142 1812 ne
1169 1769 1455 1813 consuetudo
1483 1769 1599 1812 haec
1629 1768 1872 1812 inducatur

236 1846 283 1889 in
304 1845 597 1891 Societatem.
623 1846 761 1901 Quod
782 1845 819 1888 si
850 1846 1044 1901 aliquem
1075 1846 1347 1891 mittendum
1380 1846 1610 1889 censuerit
1646 1845 1867 1902 superior,

234 1923 294 1965 sit
314 1922 561 1967 necessitas
584 1929 673 1965 tam
695 1931 865 1979 aperta,
892 1930 940 1965 vt
977 1923 1090 1966 nihil
1120 1939 1176 1968 ex
1199 1923 1288 1966 alio
1317 1925 1486 1967 affectu
1515 1922 1693 1967 misceri
1714 1922 1868 1967 videa-

237 2007 325 2052 tur;
350 2000 475 2055 quod
497 2014 601 2042 cum
625 1998 710 2042 erit
732 2001 981 2056 agendum,
1007 2001 1398 2044 animaduertatur
1415 2000 1674 2056 diligenter,
1694 1999 1732 2042 si
1749 1999 1871 2054 quod

240 2077 492 2133 periculum
515 2091 621 2119 cum
649 2092 703 2121 ea
730 2076 943 2120 missione
971 2077 1029 2120 sit
1058 2077 1369 2130 coniunctum,
1396 2077 1470 2120 cui
1492 2076 1770 2120 obuiandum
1793 2075 1867 2128 sit,

236 2160 283 2197 et
308 2154 515 2197 studiose
536 2153 599 2195 illi
621 2152 848 2197 obuietur.

323 2230 407 2284 Illi,
429 2230 508 2285 qui
531 2229 774 2273 mittuntur
790 2245 845 2273 ex
869 2246 956 2274 vna
975 2240 1100 2287 parte
1123 2231 1168 2274 in
1187 2231 1337 2282 aliam,
1364 2245 1455 2274 non
1473 2231 1701 2274 diuertent
1718 2230 1775 2272 ad
1791 2229 1870 2272 do-

238 2322 336 2350 mos
364 2307 616 2350 amicorum
639 2307 736 2350 sine
763 2307 947 2363 speciali
978 2309 1194 2352 facultate
1222 2307 1482 2364 superioris,
1508 2308 1585 2362 qui
1613 2307 1712 2350 illos
1739 2307 1870 2349 mise·

240 2384 312 2437 rit;
339 2383 619 2440 experientia
646 2383 766 2427 enim
791 2392 1074 2440 compertum
1096 2392 1182 2437 est,
1207 2384 1318 2427 nihil
1347 2384 1452 2427 inde
1477 2383 1718 2440 prouenire
1749 2383 1871 2426 vtili-

242 2461 346 2504 tatis
369 2460 552 2504 nostris.

329 2537 418 2581 Vbi
442 2536 605 2593 aliquis
637 2537 885 2580 mittendus
907 2538 964 2580 ad
986 2538 1109 2581 aliud
1136 2537 1380 2594 collegium
1403 2544 1488 2590 est,
1513 2544 1559 2580 et
1587 2537 1718 2580 nullo.
1739 2542 1872 2592 pacto

240 2614 391 2658 socius
414 2614 476 2656 illi
499 2613 707 2657 adhiberi
728 2621 894 2670 potest,
920 2614 956 2657 si
979 2614 1038 2657 sit
1059 2616 1280 2671 probatus
1298 2613 1478 2666 rectori,
1502 2620 1651 2670 potest
1672 2612 1735 2656 ita
1758 2612 1872 2656 mitti

240 2691 448 2743 vestituS‚
474 2695 559 2737 394
583 2698 633 2734 vt
649 2690 794 2747 possit
817 2691 1004 2747 agnosci
1033 2706 1132 2735 esse
1155 2691 1411 2736 Societatis.
1438 2690 1487 2735 Si
1510 2705 1601 2734 non
1622 2698 1743 2734 esset
1763 2704 1872 2747 pro-

239 2769 390 2820 batus,
415 2769 486 2811 vel
515 2768 701 2811 omnino
729 2767 899 2823 aliquid
927 2767 1160 2812 timeretur
1181 2768 1383 2812 scandali
1411 2769 1467 2811 ab
1499 2767 1598 2823 ipso
1622 2773 1872 2823 prouentu-

239 2860 340 2888 rum
362 2845 410 2888 in
432 2845 610 2898 itinere,
636 2844 889 2888 consultius
911 2852 1031 2888 esset
1052 2853 1101 2888 vt
1129 2845 1386 2890 mitteretur
1415 2845 1461 2888 in
1494 2844 1651 2888 habitu
1689 2843 1874 2886 omnino

239 2922 452 2966 seculari.
486 2924 543 2965 Et
562 2929 671 2965 tunc
692 2921 1029 2978 significaretur
1050 2922 1232 2975 rectori,
1257 2923 1315 2965 ad
1337 2936 1471 2978 quem
1495 2921 1706 2974 mittitur,
1731 2935 1788 2965 ex
1801 2919 1873 2963 in-

233 2999 413 3042 dustria
436 2999 498 3042 ita
520 3013 620 3043 esse
642 2999 846 3051 missum;
872 3005 918 3041 et
940 2998 977 3041 si
994 2998 1102 3054 quid
1124 3008 1244 3043 esset
1267 2999 1614 3055 expendendum
1632 2997 1679 3040 in
1696 2996 1773 3039 illo
1795 3011 1874 3039 ve-
