<?xml version="1.0" encoding="UTF-8"?>
<!DOCTYPE html PUBLIC "-//W3C//DTD XHTML 1.0 Transitional//EN"
    "http://www.w3.org/TR/xhtml1/DTD/xhtml1-transitional.dtd">
<html xmlns="http://www.w3.org/1999/xhtml" xml:lang="en" lang="en">
 <head>
  <title>
</title>
<meta http-equiv="Content-Type" content="text/html;charset=utf-8" />
  <meta name='ocr-system' content='tesseract 3.04.00' />
  <meta name='ocr-capabilities' content='ocr_page ocr_carea ocr_par ocr_line ocrx_word'/>
</head>
<body>
  <div class='ocr_page' id='page_1' title='image "./epistolaephieron04nadauoft_0582.png"; bbox 0 0 2098 3470; ppageno 0'>
   <div class='ocr_carea' id='block_1_1' title="bbox 274 227 1353 272">
    <p class='ocr_par' dir='ltr' id='par_1_1' title="bbox 274 227 1353 272">
     <span class='ocr_line' id='line_1_1' title="bbox 274 227 1353 272; baseline 0.005 -10"><span class='ocrx_word' id='word_1_1' title='bbox 274 227 344 272; x_wconf 86' lang='lat'><strong>556</strong></span> <span class='ocrx_word' id='word_1_2' title='bbox 750 229 906 266; x_wconf 70' lang='lat' dir='ltr'><strong>PATms</strong></span> <span class='ocrx_word' id='word_1_3' title='bbox 933 231 1176 267; x_wconf 74' lang='lat' dir='ltr'><strong>HissnoNYm</strong></span> <span class='ocrx_word' id='word_1_4' title='bbox 1203 231 1353 267; x_wconf 77' lang='lat' dir='ltr'>NADAL</span> 
     </span>
    </p>
   </div>
   <div class='ocr_carea' id='block_1_2' title="bbox 218 328 1864 2224">
    <p class='ocr_par' dir='ltr' id='par_1_2' title="bbox 222 328 1864 619">
     <span class='ocr_line' id='line_1_2' title="bbox 314 328 1864 388; baseline 0.003 -16"><span class='ocrx_word' id='word_1_5' title='bbox 314 328 402 372; x_wconf 83' lang='lat' dir='ltr'><strong>Vbi</strong></span> <span class='ocrx_word' id='word_1_6' title='bbox 436 329 491 371; x_wconf 93' lang='lat' dir='ltr'><strong>ad</strong></span> <span class='ocrx_word' id='word_1_7' title='bbox 523 329 671 372; x_wconf 90' lang='lat' dir='ltr'><strong>locum</strong></span> <span class='ocrx_word' id='word_1_8' title='bbox 705 331 868 388; x_wconf 90' lang='lat' dir='ltr'><strong>quietis</strong></span> <span class='ocrx_word' id='word_1_9' title='bbox 898 332 1083 377; x_wconf 81' lang='lat' dir='ltr'><strong>venient</strong></span> <span class='ocrx_word' id='word_1_10' title='bbox 1116 340 1262 377; x_wconf 92' lang='lat' dir='ltr'><strong>rector</strong></span> <span class='ocrx_word' id='word_1_11' title='bbox 1294 333 1365 376; x_wconf 92' lang='lat' dir='ltr'><strong>vel</strong></span> <span class='ocrx_word' id='word_1_12' title='bbox 1402 332 1622 386; x_wconf 75' lang='lat' dir='ltr'><strong>minister,</strong></span> <span class='ocrx_word' id='word_1_13' title='bbox 1663 333 1749 377; x_wconf 91' lang='lat' dir='ltr'><strong>illis</strong></span> <span class='ocrx_word' id='word_1_14' title='bbox 1788 347 1864 376; x_wconf 89' lang='lat' dir='ltr'><strong>as-</strong></span> 
     </span>
     <span class='ocr_line' id='line_1_3' title="bbox 222 407 1860 466; baseline 0.003 -19"><span class='ocrx_word' id='word_1_15' title='bbox 222 414 419 462; x_wconf 86' lang='lat' dir='ltr'><strong>surgunt</strong></span> <span class='ocrx_word' id='word_1_16' title='bbox 444 407 601 450; x_wconf 86' lang='lat' dir='ltr'><strong>Patres</strong></span> <span class='ocrx_word' id='word_1_17' title='bbox 623 422 675 450; x_wconf 91' lang='lat' dir='ltr'><strong>ac</strong></span> <span class='ocrx_word' id='word_1_18' title='bbox 698 409 874 461; x_wconf 90' lang='lat' dir='ltr'><strong>fratres,</strong></span> <span class='ocrx_word' id='word_1_19' title='bbox 900 410 978 465; x_wconf 91' lang='lat' dir='ltr'><strong>qui</strong></span> <span class='ocrx_word' id='word_1_20' title='bbox 1000 410 1215 461; x_wconf 83' lang='lat' dir='ltr'>sederint,</span> <span class='ocrx_word' id='word_1_21' title='bbox 1241 418 1285 453; x_wconf 86' lang='lat' dir='ltr'><strong>et</strong></span> <span class='ocrx_word' id='word_1_22' title='bbox 1309 424 1466 455; x_wconf 90' lang='lat' dir='ltr'><strong>omnes</strong></span> <span class='ocrx_word' id='word_1_23' title='bbox 1484 410 1687 466; x_wconf 89' lang='lat' dir='ltr'><strong>aperiant</strong></span> <span class='ocrx_word' id='word_1_24' title='bbox 1704 418 1860 466; x_wconf 91' lang='lat' dir='ltr'><strong>caput,</strong></span> 
     </span>
     <span class='ocr_line' id='line_1_4' title="bbox 223 483 1862 535; baseline 0.004 -11"><span class='ocrx_word' id='word_1_25' title='bbox 223 497 315 525; x_wconf 90' lang='lat' dir='ltr'><strong>non</strong></span> <span class='ocrx_word' id='word_1_26' title='bbox 338 483 408 525; x_wconf 91' lang='lat' dir='ltr'><strong>his</strong></span> <span class='ocrx_word' id='word_1_27' title='bbox 430 484 591 535; x_wconf 88' lang='lat' dir='ltr'><strong>solum,</strong></span> <span class='ocrx_word' id='word_1_28' title='bbox 613 485 694 528; x_wconf 90' lang='lat' dir='ltr'><strong>sed</strong></span> <span class='ocrx_word' id='word_1_29' title='bbox 709 485 844 528; x_wconf 90' lang='lat' dir='ltr'><strong>etiam</strong></span> <span class='ocrx_word' id='word_1_30' title='bbox 863 486 1173 530; x_wconf 88' lang='lat' dir='ltr'><strong>subministro.</strong></span> <span class='ocrx_word' id='word_1_31' title='bbox 1195 488 1264 530; x_wconf 88' lang='lat' dir='ltr'><strong>Ne</strong></span> <span class='ocrx_word' id='word_1_32' title='bbox 1281 488 1477 530; x_wconf 89' lang='lat' dir='ltr'><strong>habeant</strong></span> <span class='ocrx_word' id='word_1_33' title='bbox 1495 495 1645 531; x_wconf 90' lang='lat' dir='ltr'><strong>tamen</strong></span> <span class='ocrx_word' id='word_1_34' title='bbox 1664 487 1709 529; x_wconf 88' lang='lat' dir='ltr'><strong>hi</strong></span> <span class='ocrx_word' id='word_1_35' title='bbox 1729 501 1862 530; x_wconf 90' lang='lat' dir='ltr'><strong>vsum</strong></span> 
     </span>
     <span class='ocr_line' id='line_1_5' title="bbox 222 559 1736 619; baseline 0.005 -19"><span class='ocrx_word' id='word_1_36' title='bbox 222 559 434 603; x_wconf 88' lang='lat' dir='ltr'><strong>veniendi</strong></span> <span class='ocrx_word' id='word_1_37' title='bbox 458 561 516 603; x_wconf 90' lang='lat' dir='ltr'><strong>ad</strong></span> <span class='ocrx_word' id='word_1_38' title='bbox 538 562 726 604; x_wconf 85' lang='lat' dir='ltr'>fratrum</span> <span class='ocrx_word' id='word_1_39' title='bbox 749 562 964 617; x_wconf 85' lang='lat' dir='ltr'><strong>quietem,</strong></span> <span class='ocrx_word' id='word_1_40' title='bbox 990 572 1037 605; x_wconf 90' lang='lat' dir='ltr'><strong>vt</strong></span> <span class='ocrx_word' id='word_1_41' title='bbox 1058 563 1244 605; x_wconf 88' lang='lat' dir='ltr'><strong>liberius</strong></span> <span class='ocrx_word' id='word_1_42' title='bbox 1267 565 1382 606; x_wconf 87' lang='lat' dir='ltr'><strong>inter</strong></span> <span class='ocrx_word' id='word_1_43' title='bbox 1404 579 1452 607; x_wconf 90' lang='lat' dir='ltr'><strong>se</strong></span> <span class='ocrx_word' id='word_1_44' title='bbox 1475 564 1736 619; x_wconf 80' lang='lat' dir='ltr'>loquantur.</span> 
     </span>
    </p>

    <p class='ocr_par' dir='ltr' id='par_1_3' title="bbox 218 637 1864 2224">
     <span class='ocr_line' id='line_1_6' title="bbox 315 637 1862 693; baseline 0.003 -14"><span class='ocrx_word' id='word_1_45' title='bbox 315 637 598 681; x_wconf 80' lang='lat' dir='ltr'><strong>Recreationi</strong></span> <span class='ocrx_word' id='word_1_46' title='bbox 629 639 917 693; x_wconf 83' lang='lat' dir='ltr'>quotidianae</span> <span class='ocrx_word' id='word_1_47' title='bbox 945 640 1254 683; x_wconf 74' lang='lat' dir='ltr'>deambulatio</span> <span class='ocrx_word' id='word_1_48' title='bbox 1283 641 1354 683; x_wconf 88' lang='lat' dir='ltr'><strong>vel</strong></span> <span class='ocrx_word' id='word_1_49' title='bbox 1382 655 1625 684; x_wconf 88' lang='lat' dir='ltr'><strong>consessus</strong></span> <span class='ocrx_word' id='word_1_50' title='bbox 1654 642 1788 684; x_wconf 91' lang='lat' dir='ltr'><strong>datur</strong></span> <span class='ocrx_word' id='word_1_51' title='bbox 1817 639 1862 684; x_wconf 90' lang='lat' dir='ltr'><strong>in</strong></span> 
     </span>
     <span class='ocr_line' id='line_1_7' title="bbox 221 713 1864 772; baseline 0.002 -16"><span class='ocrx_word' id='word_1_52' title='bbox 221 713 415 769; x_wconf 82' lang='lat' dir='ltr'><strong>collegio</strong></span> <span class='ocrx_word' id='word_1_53' title='bbox 444 721 490 758; x_wconf 91' lang='lat' dir='ltr'><strong>et</strong></span> <span class='ocrx_word' id='word_1_54' title='bbox 517 715 792 770; x_wconf 88' lang='lat' dir='ltr'>colloquium</span> <span class='ocrx_word' id='word_1_55' title='bbox 820 718 877 760; x_wconf 78' lang='lat' dir='ltr'><strong>de</strong></span> <span class='ocrx_word' id='word_1_56' title='bbox 905 718 1056 769; x_wconf 82' lang='lat' dir='ltr'><strong>rebus,</strong></span> <span class='ocrx_word' id='word_1_57' title='bbox 1093 731 1209 772; x_wconf 81' lang='lat' dir='ltr'><strong>quae</strong></span> <span class='ocrx_word' id='word_1_58' title='bbox 1237 718 1293 759; x_wconf 92' lang='lat' dir='ltr'><strong>ad</strong></span> <span class='ocrx_word' id='word_1_59' title='bbox 1322 719 1559 760; x_wconf 82' lang='lat' dir='ltr'>honestam</span> <span class='ocrx_word' id='word_1_60' title='bbox 1588 717 1724 760; x_wconf 85' lang='lat' dir='ltr'><strong>animi</strong></span> <span class='ocrx_word' id='word_1_61' title='bbox 1749 718 1864 760; x_wconf 86' lang='lat' dir='ltr'><strong>refe-</strong></span> 
     </span>
     <span class='ocr_line' id='line_1_8' title="bbox 222 790 1864 850; baseline 0.002 -18"><span class='ocrx_word' id='word_1_62' title='bbox 222 790 419 835; x_wconf 83' lang='lat' dir='ltr'><strong>ctionem</strong></span> <span class='ocrx_word' id='word_1_63' title='bbox 444 790 631 834; x_wconf 90' lang='lat' dir='ltr'><strong>faciunt:</strong></span> <span class='ocrx_word' id='word_1_64' title='bbox 658 791 769 835; x_wconf 90' lang='lat' dir='ltr'><strong>nihil</strong></span> <span class='ocrx_word' id='word_1_65' title='bbox 791 794 930 838; x_wconf 86' lang='lat' dir='ltr'><strong>aliud.</strong></span> <span class='ocrx_word' id='word_1_66' title='bbox 957 794 1367 846; x_wconf 88' lang='lat' dir='ltr'><strong>Hebdomadariae,</strong></span> <span class='ocrx_word' id='word_1_67' title='bbox 1393 801 1572 850; x_wconf 86' lang='lat' dir='ltr'><strong>praeter</strong></span> <span class='ocrx_word' id='word_1_68' title='bbox 1595 795 1728 846; x_wconf 87' lang='lat' dir='ltr'><strong>hanc,</strong></span> <span class='ocrx_word' id='word_1_69' title='bbox 1763 794 1864 836; x_wconf 87' lang='lat' dir='ltr'><strong>dari</strong></span> 
     </span>
     <span class='ocr_line' id='line_1_9' title="bbox 222 867 1864 926; baseline 0.002 -16"><span class='ocrx_word' id='word_1_70' title='bbox 222 875 427 923; x_wconf 82' lang='lat' dir='ltr'><strong>possunt:</strong></span> <span class='ocrx_word' id='word_1_71' title='bbox 462 867 744 914; x_wconf 81' lang='lat' dir='ltr'><strong>visitationes</strong></span> <span class='ocrx_word' id='word_1_72' title='bbox 779 871 1091 923; x_wconf 90' lang='lat' dir='ltr'><strong>ecclesiarum;</strong></span> <span class='ocrx_word' id='word_1_73' title='bbox 1126 870 1518 914; x_wconf 85' lang='lat' dir='ltr'><strong>deambulationes</strong></span> <span class='ocrx_word' id='word_1_74' title='bbox 1547 870 1592 912; x_wconf 89' lang='lat' dir='ltr'><strong>in</strong></span> <span class='ocrx_word' id='word_1_75' title='bbox 1623 885 1736 926; x_wconf 87' lang='lat' dir='ltr'><strong>agro</strong></span> <span class='ocrx_word' id='word_1_76' title='bbox 1762 870 1864 913; x_wconf 93' lang='lat' dir='ltr'><strong>vrbi</strong></span> 
     </span>
     <span class='ocr_line' id='line_1_10' title="bbox 222 945 1863 1004; baseline 0.003 -19"><span class='ocrx_word' id='word_1_77' title='bbox 222 945 388 999; x_wconf 84' lang='lat' dir='ltr'><strong>vicin03</strong></span> <span class='ocrx_word' id='word_1_78' title='bbox 406 956 683 1004; x_wconf 90' lang='lat' dir='ltr'><strong>vsurpantur</strong></span> <span class='ocrx_word' id='word_1_79' title='bbox 699 949 834 991; x_wconf 88' lang='lat' dir='ltr'><strong>etiarn</strong></span> <span class='ocrx_word' id='word_1_80' title='bbox 852 948 945 990; x_wconf 91' lang='lat' dir='ltr'><strong>ludi</strong></span> <span class='ocrx_word' id='word_1_81' title='bbox 964 949 1231 991; x_wconf 90' lang='lat' dir='ltr'><strong>tabellarum</strong></span> <span class='ocrx_word' id='word_1_82' title='bbox 1250 947 1306 990; x_wconf 90' lang='lat' dir='ltr'><strong>ad</strong></span> <span class='ocrx_word' id='word_1_83' title='bbox 1323 961 1542 999; x_wconf 86' lang='lat' dir='ltr'><strong>mensam,</strong></span> <span class='ocrx_word' id='word_1_84' title='bbox 1564 947 1710 990; x_wconf 90' lang='lat' dir='ltr'><strong>iactus</strong></span> <span class='ocrx_word' id='word_1_85' title='bbox 1727 946 1863 990; x_wconf 88' lang='lat' dir='ltr'><strong>etiam</strong></span> 
     </span>
     <span class='ocr_line' id='line_1_11' title="bbox 223 1022 1862 1078; baseline 0.002 -14"><span class='ocrx_word' id='word_1_86' title='bbox 223 1022 453 1066; x_wconf 91' lang='lat' dir='ltr'><strong>discorum</strong></span> <span class='ocrx_word' id='word_1_87' title='bbox 481 1025 538 1067; x_wconf 92' lang='lat' dir='ltr'><strong>ad</strong></span> <span class='ocrx_word' id='word_1_88' title='bbox 567 1025 738 1078; x_wconf 91' lang='lat' dir='ltr'><strong>stilum;</strong></span> <span class='ocrx_word' id='word_1_89' title='bbox 770 1026 931 1068; x_wconf 89' lang='lat' dir='ltr'><strong>rotatio</strong></span> <span class='ocrx_word' id='word_1_90' title='bbox 954 1030 1008 1071; x_wconf 75' lang='grc'><strong>511</strong></span> <span class='ocrx_word' id='word_1_91' title='bbox 1033 1023 1254 1067; x_wconf 88' lang='lat' dir='ltr'><strong>manualis</strong></span> <span class='ocrx_word' id='word_1_92' title='bbox 1278 1024 1440 1076; x_wconf 83' lang='lat' dir='ltr'><strong>trochi3</strong></span> <span class='ocrx_word' id='word_1_93' title='bbox 1467 1031 1562 1066; x_wconf 92' lang='lat' dir='ltr'><strong>tum</strong></span> <span class='ocrx_word' id='word_1_94' title='bbox 1587 1023 1722 1068; x_wconf 89' lang='lat' dir='ltr'><strong>etiam</strong></span> <span class='ocrx_word' id='word_1_95' title='bbox 1752 1038 1862 1073; x_wconf 86' lang='lat' dir='ltr'><strong>can-</strong></span> 
     </span>
     <span class='ocr_line' id='line_1_12' title="bbox 222 1100 1864 1158; baseline 0.001 -17"><span class='ocrx_word' id='word_1_96' title='bbox 222 1106 296 1142; x_wconf 90' lang='lat' dir='ltr'><strong>tus</strong></span> <span class='ocrx_word' id='word_1_97' title='bbox 324 1100 566 1156; x_wconf 83' lang='lat' dir='ltr'><strong>figuratus.</strong></span> <span class='ocrx_word' id='word_1_98' title='bbox 599 1103 727 1146; x_wconf 88' lang='lat' dir='ltr'><strong>Haec</strong></span> <span class='ocrx_word' id='word_1_99' title='bbox 755 1111 907 1145; x_wconf 85' lang='lat' dir='ltr'><strong>autern</strong></span> <span class='ocrx_word' id='word_1_100' title='bbox 936 1102 1032 1146; x_wconf 89' lang='lat' dir='ltr'><strong>fieri</strong></span> <span class='ocrx_word' id='word_1_101' title='bbox 1060 1109 1274 1158; x_wconf 89' lang='lat' dir='ltr'><strong>poterunt</strong></span> <span class='ocrx_word' id='word_1_102' title='bbox 1305 1101 1443 1154; x_wconf 89' lang='lat' dir='ltr'><strong>dorni,</strong></span> <span class='ocrx_word' id='word_1_103' title='bbox 1474 1100 1551 1143; x_wconf 88' lang='lat' dir='ltr'><strong>vbi</strong></span> <span class='ocrx_word' id='word_1_104' title='bbox 1580 1103 1762 1143; x_wconf 90' lang='lat' dir='ltr'><strong>hortum</strong></span> <span class='ocrx_word' id='word_1_105' title='bbox 1791 1101 1864 1143; x_wconf 89' lang='lat' dir='ltr'><strong>vel</strong></span> 
     </span>
     <span class='ocr_line' id='line_1_13' title="bbox 219 1175 1860 1235; baseline 0.001 -17"><span class='ocrx_word' id='word_1_106' title='bbox 219 1175 416 1230; x_wconf 89' lang='lat' dir='ltr'><strong>vineam,</strong></span> <span class='ocrx_word' id='word_1_107' title='bbox 447 1178 519 1222; x_wconf 91' lang='lat' dir='ltr'><strong>vel</strong></span> <span class='ocrx_word' id='word_1_108' title='bbox 549 1194 639 1222; x_wconf 93' lang='lat' dir='ltr'><strong>non</strong></span> <span class='ocrx_word' id='word_1_109' title='bbox 669 1180 867 1224; x_wconf 92' lang='lat' dir='ltr'><strong>habeant</strong></span> <span class='ocrx_word' id='word_1_110' title='bbox 895 1180 1104 1235; x_wconf 84' lang='lat' dir='ltr'><strong>collegia,</strong></span> <span class='ocrx_word' id='word_1_111' title='bbox 1134 1179 1206 1221; x_wconf 82' lang='lat' dir='ltr'><strong>vel</strong></span> <span class='ocrx_word' id='word_1_112' title='bbox 1235 1177 1347 1221; x_wconf 89' lang='lat' dir='ltr'><strong>adiri</strong></span> <span class='ocrx_word' id='word_1_113' title='bbox 1376 1179 1434 1221; x_wconf 91' lang='lat' dir='ltr'><strong>ad</strong></span> <span class='ocrx_word' id='word_1_114' title='bbox 1462 1193 1561 1222; x_wconf 90' lang='lat' dir='ltr'><strong>earn</strong></span> <span class='ocrx_word' id='word_1_115' title='bbox 1586 1192 1679 1220; x_wconf 89' lang='lat' dir='ltr'><strong>non</strong></span> <span class='ocrx_word' id='word_1_116' title='bbox 1700 1176 1860 1234; x_wconf 86' lang='lat' dir='ltr'><strong>possit.</strong></span> 
     </span>
     <span class='ocr_line' id='line_1_14' title="bbox 220 1254 1861 1311; baseline 0 -15"><span class='ocrx_word' id='word_1_117' title='bbox 220 1254 313 1309; x_wconf 80' lang='lat' dir='ltr'><strong>Qui</strong></span> <span class='ocrx_word' id='word_1_118' title='bbox 335 1269 443 1297; x_wconf 83' lang='lat' dir='ltr'><strong>vero</strong></span> <span class='ocrx_word' id='word_1_119' title='bbox 465 1255 511 1297; x_wconf 92' lang='lat' dir='ltr'><strong>in</strong></span> <span class='ocrx_word' id='word_1_120' title='bbox 533 1256 641 1298; x_wconf 93' lang='lat' dir='ltr'><strong>ludo</strong></span> <span class='ocrx_word' id='word_1_121' title='bbox 657 1264 946 1311; x_wconf 84' lang='lat' dir='ltr'><strong>superantur,</strong></span> <span class='ocrx_word' id='word_1_122' title='bbox 967 1255 996 1297; x_wconf 92' lang='lat' dir='ltr'><strong>ii</strong></span> <span class='ocrx_word' id='word_1_123' title='bbox 1014 1256 1087 1300; x_wconf 90' lang='lat' dir='ltr'><strong>vel</strong></span> <span class='ocrx_word' id='word_1_124' title='bbox 1104 1263 1275 1298; x_wconf 91' lang='lat' dir='ltr'><strong>canunt</strong></span> <span class='ocrx_word' id='word_1_125' title='bbox 1292 1254 1573 1298; x_wconf 87' lang='lat' dir='ltr'><strong>submissiori</strong></span> <span class='ocrx_word' id='word_1_126' title='bbox 1591 1267 1704 1298; x_wconf 91' lang='lat' dir='ltr'><strong>voce</strong></span> <span class='ocrx_word' id='word_1_127' title='bbox 1721 1268 1861 1296; x_wconf 91' lang='lat' dir='ltr'><strong>vnum</strong></span> 
     </span>
     <span class='ocr_line' id='line_1_15' title="bbox 218 1331 1864 1388; baseline 0.001 -16"><span class='ocrx_word' id='word_1_128' title='bbox 218 1345 402 1374; x_wconf 87' lang='lat' dir='ltr'><strong>versum</strong></span> <span class='ocrx_word' id='word_1_129' title='bbox 425 1332 616 1375; x_wconf 91' lang='lat' dir='ltr'><strong>alicuius</strong></span> <span class='ocrx_word' id='word_1_130' title='bbox 638 1332 813 1388; x_wconf 84' lang='lat' dir='ltr'><strong>psalmi,</strong></span> <span class='ocrx_word' id='word_1_131' title='bbox 839 1339 1039 1376; x_wconf 86' lang='lat' dir='ltr'><strong>astantes</strong></span> <span class='ocrx_word' id='word_1_132' title='bbox 1069 1332 1235 1388; x_wconf 87' lang='lat' dir='ltr'><strong>apertis</strong></span> <span class='ocrx_word' id='word_1_133' title='bbox 1263 1331 1505 1387; x_wconf 82' lang='lat' dir='ltr'><strong>capitibus,</strong></span> <span class='ocrx_word' id='word_1_134' title='bbox 1531 1332 1604 1375; x_wconf 86' lang='lat' dir='ltr'><strong>vel</strong></span> <span class='ocrx_word' id='word_1_135' title='bbox 1625 1331 1755 1375; x_wconf 86' lang='lat' dir='ltr'><strong>flexis</strong></span> <span class='ocrx_word' id='word_1_136' title='bbox 1778 1345 1864 1387; x_wconf 87' lang='lat' dir='ltr'><strong>ge-</strong></span> 
     </span>
     <span class='ocr_line' id='line_1_16' title="bbox 221 1407 1862 1461; baseline 0.002 -12"><span class='ocrx_word' id='word_1_137' title='bbox 221 1407 373 1460; x_wconf 91' lang='lat' dir='ltr'><strong>nibus,</strong></span> <span class='ocrx_word' id='word_1_138' title='bbox 405 1409 476 1452; x_wconf 85' lang='lat' dir='ltr'><strong>vel</strong></span> <span class='ocrx_word' id='word_1_139' title='bbox 504 1409 663 1452; x_wconf 90' lang='lat' dir='ltr'><strong>dicunt</strong></span> <span class='ocrx_word' id='word_1_140' title='bbox 691 1409 826 1452; x_wconf 90' lang='lat' dir='ltr'><strong>tacite</strong></span> <span class='ocrx_word' id='word_1_141' title='bbox 855 1409 1102 1452; x_wconf 87' lang='lat' dir='ltr'><strong>orationem</strong></span> <span class='ocrx_word' id='word_1_142' title='bbox 1132 1408 1422 1461; x_wconf 85' lang='lat' dir='ltr'><strong>dominicam,</strong></span> <span class='ocrx_word' id='word_1_143' title='bbox 1447 1409 1519 1452; x_wconf 91' lang='lat' dir='ltr'><strong>vel</strong></span> <span class='ocrx_word' id='word_1_144' title='bbox 1542 1407 1862 1452; x_wconf 89' lang='lat' dir='ltr'><strong>salutationem</strong></span> 
     </span>
     <span class='ocr_line' id='line_1_17' title="bbox 220 1484 1859 1540; baseline 0 -14"><span class='ocrx_word' id='word_1_145' title='bbox 220 1484 490 1540; x_wconf 84' lang='lat' dir='ltr'><strong>angelicam.</strong></span> <span class='ocrx_word' id='word_1_146' title='bbox 517 1487 695 1528; x_wconf 92' lang='lat' dir='ltr'><strong>Horum</strong></span> <span class='ocrx_word' id='word_1_147' title='bbox 720 1494 868 1530; x_wconf 90' lang='lat' dir='ltr'><strong>tamen</strong></span> <span class='ocrx_word' id='word_1_148' title='bbox 892 1487 1103 1529; x_wconf 91' lang='lat' dir='ltr'><strong>ludorum</strong></span> <span class='ocrx_word' id='word_1_149' title='bbox 1126 1487 1198 1530; x_wconf 93' lang='lat' dir='ltr'><strong>vel</strong></span> <span class='ocrx_word' id='word_1_150' title='bbox 1220 1493 1381 1528; x_wconf 90' lang='lat' dir='ltr'><strong>cantus</strong></span> <span class='ocrx_word' id='word_1_151' title='bbox 1410 1499 1517 1527; x_wconf 86' lang='lat' dir='ltr'><strong>vsus</strong></span> <span class='ocrx_word' id='word_1_152' title='bbox 1550 1485 1596 1527; x_wconf 86' lang='lat' dir='ltr'><strong>in</strong></span> <span class='ocrx_word' id='word_1_153' title='bbox 1626 1484 1725 1528; x_wconf 89' lang='lat' dir='ltr'><strong>aliis</strong></span> <span class='ocrx_word' id='word_1_154' title='bbox 1754 1499 1859 1540; x_wconf 92' lang='lat' dir='ltr'><strong>pro-</strong></span> 
     </span>
     <span class='ocr_line' id='line_1_18' title="bbox 224 1561 1861 1633; baseline 0 -29"><span class='ocrx_word' id='word_1_155' title='bbox 224 1561 384 1604; x_wconf 88' lang='lat' dir='ltr'><strong>uinciis</strong></span> <span class='ocrx_word' id='word_1_156' title='bbox 411 1569 623 1617; x_wconf 87' lang='lat' dir='ltr'><strong>receptus</strong></span> <span class='ocrx_word' id='word_1_157' title='bbox 651 1571 756 1633; x_wconf 59' lang='lat' dir='ltr'><strong>est,·</strong></span> <span class='ocrx_word' id='word_1_158' title='bbox 767 1571 1080 1619; x_wconf 81' lang='lat' dir='ltr'><strong>praeterquam</strong></span> <span class='ocrx_word' id='word_1_159' title='bbox 1109 1562 1156 1605; x_wconf 88' lang='lat' dir='ltr'><strong>in</strong></span> <span class='ocrx_word' id='word_1_160' title='bbox 1185 1562 1432 1618; x_wconf 90' lang='lat' dir='ltr'><strong>prouinciis</strong></span> <span class='ocrx_word' id='word_1_161' title='bbox 1453 1561 1734 1618; x_wconf 82' lang='lat' dir='ltr'><strong>Aragoniae,</strong></span> <span class='ocrx_word' id='word_1_162' title='bbox 1761 1562 1861 1604; x_wconf 88' lang='lat' dir='ltr'><strong>An·</strong></span> 
     </span>
     <span class='ocr_line' id='line_1_19' title="bbox 221 1638 1863 1695; baseline 0 -15"><span class='ocrx_word' id='word_1_163' title='bbox 221 1638 436 1691; x_wconf 90' lang='lat' dir='ltr'><strong>dalusiae,</strong></span> <span class='ocrx_word' id='word_1_164' title='bbox 469 1646 515 1683; x_wconf 91' lang='lat' dir='ltr'><strong>et</strong></span> <span class='ocrx_word' id='word_1_165' title='bbox 541 1639 777 1695; x_wconf 87' lang='lat' dir='ltr'><strong>Vtriusque</strong></span> <span class='ocrx_word' id='word_1_166' title='bbox 805 1641 1046 1692; x_wconf 89' lang='lat' dir='ltr'><strong>Castellae;</strong></span> <span class='ocrx_word' id='word_1_167' title='bbox 1078 1640 1199 1695; x_wconf 92' lang='lat' dir='ltr'><strong>quod</strong></span> <span class='ocrx_word' id='word_1_168' title='bbox 1228 1639 1274 1682; x_wconf 88' lang='lat' dir='ltr'><strong>in</strong></span> <span class='ocrx_word' id='word_1_169' title='bbox 1306 1639 1393 1681; x_wconf 90' lang='lat' dir='ltr'><strong>illis</strong></span> <span class='ocrx_word' id='word_1_170' title='bbox 1423 1639 1548 1682; x_wconf 89' lang='lat' dir='ltr'><strong>nulla</strong></span> <span class='ocrx_word' id='word_1_171' title='bbox 1579 1638 1638 1682; x_wconf 92' lang='lat' dir='ltr'><strong>sit</strong></span> <span class='ocrx_word' id='word_1_172' title='bbox 1669 1638 1863 1682; x_wconf 88' lang='lat' dir='ltr'><strong>offensio</strong></span> 
     </span>
     <span class='ocr_line' id='line_1_20' title="bbox 221 1715 1860 1771; baseline -0.001 -13"><span class='ocrx_word' id='word_1_173' title='bbox 221 1721 528 1770; x_wconf 80' lang='lat' dir='ltr'><strong>externorum3</strong></span> <span class='ocrx_word' id='word_1_174' title='bbox 559 1716 605 1758; x_wconf 91' lang='lat' dir='ltr'><strong>in</strong></span> <span class='ocrx_word' id='word_1_175' title='bbox 636 1717 706 1760; x_wconf 90' lang='lat' dir='ltr'><strong>his</strong></span> <span class='ocrx_word' id='word_1_176' title='bbox 734 1717 962 1761; x_wconf 86' lang='lat' dir='ltr'><strong>timeatur.</strong></span> <span class='ocrx_word' id='word_1_177' title='bbox 996 1718 1052 1759; x_wconf 90' lang='lat' dir='ltr'><strong>Et</strong></span> <span class='ocrx_word' id='word_1_178' title='bbox 1082 1723 1232 1759; x_wconf 90' lang='lat' dir='ltr'><strong>tamen</strong></span> <span class='ocrx_word' id='word_1_179' title='bbox 1260 1716 1307 1758; x_wconf 91' lang='lat' dir='ltr'><strong>in</strong></span> <span class='ocrx_word' id='word_1_180' title='bbox 1339 1716 1409 1759; x_wconf 92' lang='lat' dir='ltr'><strong>his</strong></span> <span class='ocrx_word' id='word_1_181' title='bbox 1443 1715 1689 1771; x_wconf 85' lang='lat' dir='ltr'><strong>prouinciis</strong></span> <span class='ocrx_word' id='word_1_182' title='bbox 1722 1715 1860 1758; x_wconf 87' lang='lat' dir='ltr'><strong>etiam</strong></span> 
     </span>
     <span class='ocr_line' id='line_1_21' title="bbox 221 1793 1861 1850; baseline 0.001 -16"><span class='ocrx_word' id='word_1_183' title='bbox 221 1793 489 1835; x_wconf 89' lang='lat' dir='ltr'><strong>tentandum</strong></span> <span class='ocrx_word' id='word_1_184' title='bbox 506 1801 575 1836; x_wconf 90' lang='lat' dir='ltr'><strong>est</strong></span> <span class='ocrx_word' id='word_1_185' title='bbox 592 1801 639 1836; x_wconf 86' lang='lat' dir='ltr'><strong>vt</strong></span> <span class='ocrx_word' id='word_1_186' title='bbox 658 1809 767 1837; x_wconf 91' lang='lat' dir='ltr'><strong>vsus</strong></span> <span class='ocrx_word' id='word_1_187' title='bbox 784 1795 993 1836; x_wconf 90' lang='lat' dir='ltr'><strong>ludorum</strong></span> <span class='ocrx_word' id='word_1_188' title='bbox 1014 1794 1271 1850; x_wconf 87' lang='lat' dir='ltr'><strong>recipiatur,</strong></span> <span class='ocrx_word' id='word_1_189' title='bbox 1292 1794 1350 1837; x_wconf 90' lang='lat' dir='ltr'><strong>ad</strong></span> <span class='ocrx_word' id='word_1_190' title='bbox 1374 1794 1561 1837; x_wconf 86' lang='lat' dir='ltr'><strong>fratrum</strong></span> <span class='ocrx_word' id='word_1_191' title='bbox 1585 1799 1676 1836; x_wconf 90' lang='lat' dir='ltr'><strong>tam</strong></span> <span class='ocrx_word' id='word_1_192' title='bbox 1699 1806 1861 1836; x_wconf 78' lang='lat' dir='ltr'><strong>neces-</strong></span> 
     </span>
     <span class='ocr_line' id='line_1_22' title="bbox 220 1868 1863 1916; baseline 0 -5"><span class='ocrx_word' id='word_1_193' title='bbox 220 1868 383 1912; x_wconf 86' lang='lat' dir='ltr'><strong>sariam</strong></span> <span class='ocrx_word' id='word_1_194' title='bbox 421 1870 767 1915; x_wconf 84' lang='lat' dir='ltr'><strong>recreationem.</strong></span> <span class='ocrx_word' id='word_1_195' title='bbox 804 1872 930 1915; x_wconf 87' lang='lat' dir='ltr'><strong>Solet</strong></span> <span class='ocrx_word' id='word_1_196' title='bbox 962 1872 1098 1916; x_wconf 87' lang='lat' dir='ltr'><strong>etiam</strong></span> <span class='ocrx_word' id='word_1_197' title='bbox 1129 1871 1175 1913; x_wconf 89' lang='lat' dir='ltr'><strong>in</strong></span> <span class='ocrx_word' id='word_1_198' title='bbox 1205 1871 1482 1914; x_wconf 85' lang='lat' dir='ltr'><strong>recreatione</strong></span> <span class='ocrx_word' id='word_1_199' title='bbox 1505 1868 1863 1913; x_wconf 90' lang='lat' dir='ltr'><strong>hebdomadaria</strong></span> 
     </span>
     <span class='ocr_line' id='line_1_23' title="bbox 222 1946 1860 2004; baseline 0 -17"><span class='ocrx_word' id='word_1_200' title='bbox 222 1946 410 1989; x_wconf 90' lang='lat' dir='ltr'><strong>concedi</strong></span> <span class='ocrx_word' id='word_1_201' title='bbox 432 1954 480 1989; x_wconf 93' lang='lat' dir='ltr'><strong>vt</strong></span> <span class='ocrx_word' id='word_1_202' title='bbox 501 1946 636 1991; x_wconf 90' lang='lat' dir='ltr'><strong>liceat</strong></span> <span class='ocrx_word' id='word_1_203' title='bbox 658 1963 738 2004; x_wconf 91' lang='lat' dir='ltr'><strong>per</strong></span> <span class='ocrx_word' id='word_1_204' title='bbox 761 1963 895 1991; x_wconf 85' lang='lat' dir='ltr'><strong>vnam</strong></span> <span class='ocrx_word' id='word_1_205' title='bbox 918 1950 1076 1991; x_wconf 84' lang='lat' dir='ltr'><strong>horam</strong></span> <span class='ocrx_word' id='word_1_206' title='bbox 1104 1949 1258 2004; x_wconf 82' lang='lat' dir='ltr'><strong>legere</strong></span> <span class='ocrx_word' id='word_1_207' title='bbox 1286 1947 1522 1990; x_wconf 89' lang='lat' dir='ltr'><strong>historiam</strong></span> <span class='ocrx_word' id='word_1_208' title='bbox 1546 1946 1742 2001; x_wconf 87' lang='lat' dir='ltr'><strong>aliquam</strong></span> <span class='ocrx_word' id='word_1_209' title='bbox 1776 1946 1860 1988; x_wconf 89' lang='lat' dir='ltr'><strong>ho-</strong></span> 
     </span>
     <span class='ocr_line' id='line_1_24' title="bbox 221 2022 1863 2080; baseline 0 -16"><span class='ocrx_word' id='word_1_210' title='bbox 221 2029 413 2076; x_wconf 88' lang='lat' dir='ltr'><strong>nestam,</strong></span> <span class='ocrx_word' id='word_1_211' title='bbox 446 2025 517 2067; x_wconf 89' lang='lat' dir='ltr'><strong>vel</strong></span> <span class='ocrx_word' id='word_1_212' title='bbox 545 2024 716 2080; x_wconf 90' lang='lat' dir='ltr'><strong>aliquid</strong></span> <span class='ocrx_word' id='word_1_213' title='bbox 746 2024 793 2068; x_wconf 90' lang='lat' dir='ltr'><strong>in</strong></span> <span class='ocrx_word' id='word_1_214' title='bbox 827 2025 1172 2067; x_wconf 79' lang='lat' dir='ltr'><strong>humanioribus</strong></span> <span class='ocrx_word' id='word_1_215' title='bbox 1209 2024 1368 2076; x_wconf 89' lang='lat' dir='ltr'><strong>literis,</strong></span> <span class='ocrx_word' id='word_1_216' title='bbox 1403 2023 1440 2066; x_wconf 84' lang='lat' dir='ltr'><strong>si</strong></span> <span class='ocrx_word' id='word_1_217' title='bbox 1477 2023 1578 2079; x_wconf 93' lang='lat' dir='ltr'><strong>quis</strong></span> <span class='ocrx_word' id='word_1_218' title='bbox 1619 2022 1687 2066; x_wconf 91' lang='lat' dir='ltr'><strong>his</strong></span> <span class='ocrx_word' id='word_1_219' title='bbox 1725 2023 1863 2066; x_wconf 90' lang='lat' dir='ltr'><strong>rebus</strong></span> 
     </span>
     <span class='ocr_line' id='line_1_25' title="bbox 221 2093 1863 2157; baseline 0.001 -18"><span class='ocrx_word' id='word_1_220' title='bbox 221 2098 496 2155; x_wconf 90' lang='lat' dir='ltr'><strong>delectetur;</strong></span> <span class='ocrx_word' id='word_1_221' title='bbox 529 2116 583 2146; x_wconf 90' lang='lat' dir='ltr'><strong>eo</strong></span> <span class='ocrx_word' id='word_1_222' title='bbox 613 2101 812 2155; x_wconf 87' lang='lat' dir='ltr'><strong>facilius,</strong></span> <span class='ocrx_word' id='word_1_223' title='bbox 854 2102 890 2145; x_wconf 90' lang='lat' dir='ltr'><strong>si</strong></span> <span class='ocrx_word' id='word_1_224' title='bbox 929 2102 1030 2157; x_wconf 91' lang='lat' dir='ltr'><strong>quis</strong></span> <span class='ocrx_word' id='word_1_225' title='bbox 1059 2106 1130 2150; x_wconf 82' lang='lat'><strong>512</strong></span> <span class='ocrx_word' id='word_1_226' title='bbox 1160 2101 1269 2157; x_wconf 85' lang='lat' dir='ltr'><strong>quid</strong></span> <span class='ocrx_word' id='word_1_227' title='bbox 1298 2093 1433 2144; x_wconf 83' lang='lat' dir='ltr'><strong>vellet</strong></span> <span class='ocrx_word' id='word_1_228' title='bbox 1455 2102 1609 2156; x_wconf 80' lang='lat' dir='ltr'><strong>legere</strong></span> <span class='ocrx_word' id='word_1_229' title='bbox 1631 2115 1687 2143; x_wconf 86' lang='lat' dir='ltr'><strong>ex</strong></span> <span class='ocrx_word' id='word_1_230' title='bbox 1722 2098 1863 2142; x_wconf 90' lang='lat' dir='ltr'><strong>sacris</strong></span> 
     </span>
     <span class='ocr_line' id='line_1_26' title="bbox 225 2179 386 2224; baseline -0.006 -2"><span class='ocrx_word' id='word_1_231' title='bbox 225 2179 386 2224; x_wconf 90' lang='lat' dir='ltr'><strong>literis.</strong></span> 
     </span>
    </p>
   </div>
   <div class='ocr_carea' id='block_1_3' title="bbox 792 2305 1296 2335">
    <p class='ocr_par' dir='ltr' id='par_1_4' title="bbox 792 2305 1296 2335">
     <span class='ocr_line' id='line_1_27' title="bbox 792 2305 1296 2335; baseline -0.002 0"><span class='ocrx_word' id='word_1_232' title='bbox 792 2306 854 2334; x_wconf 90' lang='lat' dir='ltr'><strong>DE</strong></span> <span class='ocrx_word' id='word_1_233' title='bbox 884 2306 997 2335; x_wconf 80' lang='lat' dir='ltr'>ITER</span> <span class='ocrx_word' id='word_1_234' title='bbox 1021 2305 1296 2335; x_wconf 81' lang='lat' dir='ltr'><strong>AGENTIBUS</strong></span> 
     </span>
    </p>
   </div>
   <div class='ocr_carea' id='block_1_4' title="bbox 223 2405 1862 3080">
    <p class='ocr_par' dir='ltr' id='par_1_5' title="bbox 223 2405 1862 2696">
     <span class='ocr_line' id='line_1_28' title="bbox 313 2405 1859 2466; baseline -0.003 -13"><span class='ocrx_word' id='word_1_235' title='bbox 313 2410 406 2466; x_wconf 78' lang='lat' dir='ltr'><strong>Qui</strong></span> <span class='ocrx_word' id='word_1_236' title='bbox 428 2417 635 2466; x_wconf 84' lang='lat' dir='ltr'><strong>possunt,</strong></span> <span class='ocrx_word' id='word_1_237' title='bbox 677 2409 867 2465; x_wconf 90' lang='lat' dir='ltr'><strong>pedibus</strong></span> <span class='ocrx_word' id='word_1_238' title='bbox 905 2410 989 2452; x_wconf 89' lang='lat' dir='ltr'><strong>iter</strong></span> <span class='ocrx_word' id='word_1_239' title='bbox 1028 2410 1212 2461; x_wconf 87' lang='lat' dir='ltr'><strong>faciant,</strong></span> <span class='ocrx_word' id='word_1_240' title='bbox 1253 2408 1338 2451; x_wconf 91' lang='lat' dir='ltr'><strong>nisi</strong></span> <span class='ocrx_word' id='word_1_241' title='bbox 1367 2410 1425 2451; x_wconf 93' lang='lat' dir='ltr'><strong>ob</strong></span> <span class='ocrx_word' id='word_1_242' title='bbox 1466 2407 1659 2463; x_wconf 85' lang='lat' dir='ltr'><strong>negocia</strong></span> <span class='ocrx_word' id='word_1_243' title='bbox 1682 2405 1859 2463; x_wconf 87' lang='lat' dir='ltr'><strong>profici-</strong></span> 
     </span>
     <span class='ocr_line' id='line_1_29' title="bbox 224 2473 1861 2542; baseline -0.003 -12"><span class='ocrx_word' id='word_1_244' title='bbox 224 2494 423 2531; x_wconf 90' lang='lat' dir='ltr'><strong>scantur.</strong></span> <span class='ocrx_word' id='word_1_245' title='bbox 451 2488 508 2530; x_wconf 87' lang='lat' dir='ltr'><strong>Et</strong></span> <span class='ocrx_word' id='word_1_246' title='bbox 531 2486 561 2529; x_wconf 89' lang='lat' dir='ltr'><strong>ii</strong></span> <span class='ocrx_word' id='word_1_247' title='bbox 583 2486 781 2542; x_wconf 88' lang='lat' dir='ltr'><strong>quidem,</strong></span> <span class='ocrx_word' id='word_1_248' title='bbox 803 2485 879 2540; x_wconf 92' lang='lat' dir='ltr'><strong>qui</strong></span> <span class='ocrx_word' id='word_1_249' title='bbox 898 2486 942 2528; x_wconf 89' lang='lat' dir='ltr'><strong>in</strong></span> <span class='ocrx_word' id='word_1_250' title='bbox 962 2473 1374 2542; x_wconf 85' lang='lat' dir='ltr'><strong>peregrinationem</strong></span> <span class='ocrx_word' id='word_1_251' title='bbox 1397 2484 1654 2536; x_wconf 89' lang='lat' dir='ltr'><strong>mittuntur,</strong></span> <span class='ocrx_word' id='word_1_252' title='bbox 1681 2496 1861 2538; x_wconf 87' lang='lat' dir='ltr'><strong>semper</strong></span> 
     </span>
     <span class='ocr_line' id='line_1_30' title="bbox 223 2559 1862 2622; baseline -0.005 -13"><span class='ocrx_word' id='word_1_253' title='bbox 223 2572 331 2609; x_wconf 89' lang='lat' dir='ltr'><strong>eant</strong></span> <span class='ocrx_word' id='word_1_254' title='bbox 353 2564 544 2621; x_wconf 85' lang='lat' dir='ltr'><strong>pedites:</strong></span> <span class='ocrx_word' id='word_1_255' title='bbox 566 2565 688 2619; x_wconf 92' lang='lat' dir='ltr'><strong>quod</strong></span> <span class='ocrx_word' id='word_1_256' title='bbox 724 2563 762 2606; x_wconf 89' lang='lat' dir='ltr'><strong>si</strong></span> <span class='ocrx_word' id='word_1_257' title='bbox 785 2563 830 2605; x_wconf 90' lang='lat' dir='ltr'><strong>id</strong></span> <span class='ocrx_word' id='word_1_258' title='bbox 853 2578 944 2605; x_wconf 90' lang='lat' dir='ltr'><strong>non</strong></span> <span class='ocrx_word' id='word_1_259' title='bbox 982 2570 1187 2619; x_wconf 87' lang='lat' dir='ltr'><strong>possunt,</strong></span> <span class='ocrx_word' id='word_1_260' title='bbox 1220 2577 1278 2622; x_wconf 87' lang='lat' dir='ltr'><strong>ne</strong></span> <span class='ocrx_word' id='word_1_261' title='bbox 1315 2561 1551 2605; x_wconf 88' lang='lat' dir='ltr'><strong>mittantur</strong></span> <span class='ocrx_word' id='word_1_262' title='bbox 1573 2560 1743 2616; x_wconf 90' lang='lat' dir='ltr'><strong>potius,</strong></span> <span class='ocrx_word' id='word_1_263' title='bbox 1774 2559 1862 2602; x_wconf 89' lang='lat' dir='ltr'><strong>nisi</strong></span> 
     </span>
     <span class='ocr_line' id='line_1_31' title="bbox 225 2639 1501 2696; baseline -0.003 -12"><span class='ocrx_word' id='word_1_264' title='bbox 225 2641 284 2684; x_wconf 91' lang='lat' dir='ltr'><strong>sit</strong></span> <span class='ocrx_word' id='word_1_265' title='bbox 307 2641 558 2684; x_wconf 89' lang='lat' dir='ltr'><strong>necessitas</strong></span> <span class='ocrx_word' id='word_1_266' title='bbox 581 2639 807 2683; x_wconf 86' lang='lat' dir='ltr'><strong>missionis</strong></span> <span class='ocrx_word' id='word_1_267' title='bbox 829 2647 875 2683; x_wconf 89' lang='lat' dir='ltr'><strong>et</strong></span> <span class='ocrx_word' id='word_1_268' title='bbox 897 2639 1163 2696; x_wconf 89' lang='lat' dir='ltr'><strong>impotentia</strong></span> <span class='ocrx_word' id='word_1_269' title='bbox 1185 2639 1310 2682; x_wconf 89' lang='lat' dir='ltr'><strong>missi</strong></span> <span class='ocrx_word' id='word_1_270' title='bbox 1331 2646 1501 2694; x_wconf 90' lang='lat' dir='ltr'><strong>aperta.</strong></span> 
     </span>
    </p>

    <p class='ocr_par' dir='ltr' id='par_1_6' title="bbox 225 2711 1862 2850">
     <span class='ocr_line' id='line_1_32' title="bbox 312 2711 1862 2773; baseline -0.006 -10"><span class='ocrx_word' id='word_1_271' title='bbox 312 2719 501 2763; x_wconf 89' lang='lat' dir='ltr'><strong>Summa</strong></span> <span class='ocrx_word' id='word_1_272' title='bbox 538 2716 773 2773; x_wconf 84' lang='lat' dir='ltr'><strong>vigilantia</strong></span> <span class='ocrx_word' id='word_1_273' title='bbox 810 2724 947 2772; x_wconf 88' lang='lat' dir='ltr'><strong>atque</strong></span> <span class='ocrx_word' id='word_1_274' title='bbox 982 2716 1302 2759; x_wconf 88' lang='lat' dir='ltr'><strong>obseruatione</strong></span> <span class='ocrx_word' id='word_1_275' title='bbox 1333 2716 1467 2759; x_wconf 87' lang='lat' dir='ltr'><strong>detur</strong></span> <span class='ocrx_word' id='word_1_276' title='bbox 1495 2728 1656 2770; x_wconf 91' lang='lat' dir='ltr'><strong>opera,</strong></span> <span class='ocrx_word' id='word_1_277' title='bbox 1686 2719 1751 2764; x_wconf 93' lang='lat' dir='ltr'><strong>vt,</strong></span> <span class='ocrx_word' id='word_1_278' title='bbox 1783 2711 1862 2771; x_wconf 69' lang='lat' dir='ltr'><strong>qqi</strong></span> 
     </span>
     <span class='ocr_line' id='line_1_33' title="bbox 225 2791 1451 2850; baseline -0.003 -13"><span class='ocrx_word' id='word_1_279' title='bbox 225 2795 311 2839; x_wconf 88' lang='lat' dir='ltr'><strong>iter</strong></span> <span class='ocrx_word' id='word_1_280' title='bbox 333 2795 523 2847; x_wconf 86' lang='lat' dir='ltr'><strong>faciunt,</strong></span> <span class='ocrx_word' id='word_1_281' title='bbox 548 2808 716 2850; x_wconf 83' lang='lat' dir='ltr'><strong>magna</strong></span> <span class='ocrx_word' id='word_1_282' title='bbox 736 2807 840 2836; x_wconf 90' lang='lat' dir='ltr'><strong>cum</strong></span> <span class='ocrx_word' id='word_1_283' title='bbox 865 2793 1179 2837; x_wconf 90' lang='lat' dir='ltr'><strong>aedificatione</strong></span> <span class='ocrx_word' id='word_1_284' title='bbox 1201 2792 1246 2834; x_wconf 91' lang='lat' dir='ltr'><strong>id</strong></span> <span class='ocrx_word' id='word_1_285' title='bbox 1270 2791 1451 2834; x_wconf 88' lang='lat' dir='ltr'><strong>faciant.</strong></span> 
     </span>
    </p>

    <p class='ocr_par' dir='ltr' id='par_1_7' title="bbox 225 2865 1858 3002">
     <span class='ocr_line' id='line_1_34' title="bbox 314 2865 1858 2925; baseline -0.004 -11"><span class='ocrx_word' id='word_1_286' title='bbox 314 2873 364 2914; x_wconf 90' lang='lat' dir='ltr'><strong>In</strong></span> <span class='ocrx_word' id='word_1_287' title='bbox 386 2871 546 2915; x_wconf 91' lang='lat' dir='ltr'><strong>itinere</strong></span> <span class='ocrx_word' id='word_1_288' title='bbox 569 2870 794 2913; x_wconf 91' lang='lat' dir='ltr'><strong>dormiant</strong></span> <span class='ocrx_word' id='word_1_289' title='bbox 821 2884 904 2912; x_wconf 91' lang='lat' dir='ltr'><strong>suo</strong></span> <span class='ocrx_word' id='word_1_290' title='bbox 936 2869 1128 2925; x_wconf 87' lang='lat' dir='ltr'><strong>quisque</strong></span> <span class='ocrx_word' id='word_1_291' title='bbox 1164 2870 1298 2920; x_wconf 87' lang='lat' dir='ltr'><strong>lecto,</strong></span> <span class='ocrx_word' id='word_1_292' title='bbox 1330 2866 1712 2924; x_wconf 89' lang='lat' dir='ltr'><strong>quemadmodum</strong></span> <span class='ocrx_word' id='word_1_293' title='bbox 1736 2865 1858 2922; x_wconf 91' lang='lat' dir='ltr'><strong>apud</strong></span> 
     </span>
     <span class='ocr_line' id='line_1_35' title="bbox 225 2946 1295 3002; baseline -0.004 -10"><span class='ocrx_word' id='word_1_294' title='bbox 225 2963 310 2992; x_wconf 91' lang='lat' dir='ltr'><strong>nos</strong></span> <span class='ocrx_word' id='word_1_295' title='bbox 331 2949 496 3001; x_wconf 86' lang='lat' dir='ltr'><strong>solent,</strong></span> <span class='ocrx_word' id='word_1_296' title='bbox 511 2961 605 3002; x_wconf 16' lang='lat' dir='ltr'><strong>»nec</strong></span> <span class='ocrx_word' id='word_1_297' title='bbox 628 2961 682 2991; x_wconf 91' lang='lat' dir='ltr'><strong>ea</strong></span> <span class='ocrx_word' id='word_1_298' title='bbox 703 2946 749 2989; x_wconf 91' lang='lat' dir='ltr'><strong>in</strong></span> <span class='ocrx_word' id='word_1_299' title='bbox 767 2961 816 2990; x_wconf 86' lang='lat' dir='ltr'><strong>re</strong></span> <span class='ocrx_word' id='word_1_300' title='bbox 837 2954 1024 3002; x_wconf 91' lang='lat' dir='ltr'><strong>parcant</strong></span> <span class='ocrx_word' id='word_1_301' title='bbox 1046 2946 1295 3002; x_wconf 90' lang='lat' dir='ltr'><strong>impensae.</strong></span> 
     </span>
    </p>

    <p class='ocr_par' dir='ltr' id='par_1_8' title="bbox 314 3022 1860 3080">
     <span class='ocr_line' id='line_1_36' title="bbox 314 3022 1860 3080; baseline -0.005 -11"><span class='ocrx_word' id='word_1_302' title='bbox 314 3027 384 3069; x_wconf 93' lang='lat' dir='ltr'><strong>Ne</strong></span> <span class='ocrx_word' id='word_1_303' title='bbox 406 3026 516 3074; x_wconf 88' lang='lat' dir='ltr'><strong>fiant</strong></span> <span class='ocrx_word' id='word_1_304' title='bbox 539 3023 667 3080; x_wconf 85' lang='lat' dir='ltr'><strong>quasi</strong></span> <span class='ocrx_word' id='word_1_305' title='bbox 689 3038 745 3066; x_wconf 84' lang='lat' dir='ltr'><strong>ex</strong></span> <span class='ocrx_word' id='word_1_306' title='bbox 773 3022 1103 3067; x_wconf 85' lang='lat' dir='ltr'><strong>consuetudine</strong></span> <span class='ocrx_word' id='word_1_307' title='bbox 1133 3023 1393 3077; x_wconf 87' lang='lat' dir='ltr'><strong>frequentes</strong></span> <span class='ocrx_word' id='word_1_308' title='bbox 1426 3027 1684 3064; x_wconf 90' lang='lat' dir='ltr'><strong>nostrorum</strong></span> <span class='ocrx_word' id='word_1_309' title='bbox 1713 3025 1860 3062; x_wconf 90' lang='lat' dir='ltr'><strong>muta-</strong></span> 
     </span>
    </p>
   </div>
   <div class='ocr_carea' id='block_1_5' title="bbox 1994 1581 2098 3470">
    <p class='ocr_par' dir='ltr' id='par_1_9' title="bbox 1994 1581 2098 3470">
     <span class='ocr_line' id='line_1_37' title="bbox 1994 1581 2098 3470; baseline 0 0"><span class='ocrx_word' id='word_1_310' title='bbox 1994 1581 2098 3470; x_wconf 95' lang='lat' dir='ltr'><strong> </strong></span> 
     </span>
    </p>
   </div>
  </div>
 </body>
</html>
