2098 3470
316 239 386 285 314
647 240 659 279 ζ
714 267 717 270 -
788 240 942 278 PA‘rms
967 242 1209 278 HIERONYffl
1236 242 1387 279 NADAL

267 341 405 397 aliqui
427 341 603 394 Patres,
628 341 704 396 qui
726 342 994 387 dexteritate
1023 349 1069 387 et
1095 358 1182 386 usu
1211 350 1257 387 et
1285 342 1446 400 spiritu
1474 344 1530 387 ad
1562 345 1647 387 hos
1675 330 1903 401 iuuandos

267 418 358 462 sint
382 425 680 474 praestantes,
706 419 768 461 Hi
790 420 1077 463 conabuntur
1100 419 1187 462 illis
1210 420 1496 476 persuadere,
1530 427 1581 463 ut
1609 422 1901 466 consuetudi-

266 509 348 539 nes
371 496 531 538 noxias
554 495 824 550 relinquant,
850 504 1082 540 sectentur
1111 511 1219 539 vero
1248 511 1403 540 eorum
1437 497 1846 553 conuersationem‚
1872 515 1897 544 e

264 571 430 627 quibus
452 572 626 628 possint
666 573 861 616 fructum
886 575 1034 617 facere
1071 573 1366 629 spiritualem,
1401 581 1446 616 et
1475 575 1712 619 commode
1735 575 1897 631 poterit

264 648 352 692 illis
379 649 627 706 designari,
659 663 762 693 cum
800 650 964 705 quibus
1003 650 1176 706 possint
1204 650 1579 695 consuetudinem
1609 653 1895 698 contrahere.

263 726 440 769 Deinde
461 727 790 782 persuadeatur
813 726 898 770 illis
922 734 972 769 ut
994 735 1037 769 et
1062 726 1343 782 frequentius
1365 735 1410 770 et
1439 727 1650 771 deuotius
1678 736 1823 779 orent,
1845 736 1896 772 ut

262 803 402 846 libros
425 803 600 858 aliquos
621 804 778 860 legant
800 804 1072 859 spirituales,
1098 818 1213 859 quos
1235 803 1461 860 oportebit
1488 804 1575 847 illis
1598 805 1891 860 prescribere,

263 887 313 922 ut
336 881 587 924 Gersonem
613 887 658 924 et
680 881 961 923 Plzaretrczm
986 881 1140 923 diuini
1171 882 1344 923 amoris
1373 896 1428 925 ex
1450 882 1747 938 Lansbergio:
1783 882 1890 926 item

262 957 507 999 Stimulum
531 957 684 999 diuini
705 959 879 1000 amoris
900 973 956 1000 ex
980 959 1302 1001 Bonauentura
1324 964 1369 1001 et
1391 972 1447 1001 ex
1469 957 1566 1001 eius
1589 958 1894 1002 meditationi-

263 1034 364 1076 bus:
390 1033 497 1077 item
520 1041 780 1077 sanctorum
803 1034 936 1087 vitas,
963 1042 1008 1078 et
1026 1034 1142 1077 uitas
1164 1040 1359 1090 patrum,
1385 1041 1431 1077 et
1448 1034 1623 1090 aliquos
1639 1034 1816 1078 libellos
1837 1050 1894 1079 ex

262 1109 415 1153 Blosio
433 1116 481 1155 et
502 1109 688 1164 similes;
712 1125 871 1155 verum
893 1110 939 1153 hi
967 1110 1068 1153 libri
1097 1125 1187 1154 non
1217 1118 1324 1154 sunt
1352 1110 1439 1154 illis
1472 1111 1710 1154 confer-tim
1732 1113 1891 1155 obtru-

260 1186 412 1239 dendi,
437 1187 517 1230 sed
541 1194 718 1230 maturo
740 1187 927 1231 consilio
950 1201 1003 1230 ac
1020 1187 1188 1232 sensim
1212 1202 1386 1243 suoque
1407 1188 1526 1230 loco:
1547 1202 1650 1231 nam
1673 1187 1710 1231 si
1732 1203 1787 1232 ex
1809 1189 1893 1232 ali-

259 1278 350 1319 quo
373 1265 571 1307 fructum
594 1263 791 1320 capiant,
817 1264 1046 1307 iubebitur
1067 1264 1141 1307 ille
1163 1264 1346 1308 retineri
1369 1266 1514 1308 donec
1535 1265 1615 1308 fiat
1635 1264 1733 1308 eius
1755 1265 1892 1309 satie-

259 1348 346 1384 tas.
379 1341 557 1385 Deinde
578 1340 742 1397 poterit
764 1341 1069 1384 confessarius
1097 1341 1160 1383 illi
1182 1356 1382 1385 amorem
1412 1356 1562 1385 rerum
1591 1341 1890 1398 spiritualium

255 1417 477 1472 inserere,
508 1418 661 1461 odium
689 1425 977 1474 peccatorum
1002 1418 1210 1474 primum,
1245 1418 1349 1462 dein
1383 1434 1533 1462 rerum
1565 1420 1887 1473 humanarum,

254 1494 575 1551 periculorum,
600 1494 648 1538 in
669 1495 834 1550 quibus
856 1503 1096 1539 versantur
1119 1503 1355 1551 perpetuo,
1377 1495 1454 1551 qui
1471 1495 1517 1538 in
1534 1496 1689 1540 seculo
1707 1496 1888 1549 viuunt,

255 1571 462 1616 timorem
480 1572 702 1625 incutere,
728 1579 824 1614 tum
852 1572 987 1615 etiam
1012 1571 1281 1615 iudiciorum
1310 1572 1413 1625 Dei,
1444 1573 1622 1615 labores
1648 1572 1693 1615 in
1724 1572 1891 1628 quibus

254 1655 494 1692 versantur
517 1648 725 1693 homines
746 1650 989 1702 seculares,
1015 1656 1061 1692 et
1089 1648 1332 1703 huismodi3
1365 1649 1445 1694 sed
1474 1651 1585 1692 haec
1615 1664 1705 1693 non
1724 1664 1888 1707 propo-

255 1732 419 1768 nantur
442 1725 567 1782 ipsis,
592 1726 737 1769 donec
758 1725 858 1769 illos
880 1725 1032 1770 videat
1061 1725 1148 1769 iam
1171 1741 1226 1770 ex
1249 1741 1298 1770 se
1329 1741 1433 1770 cum
1461 1725 1617 1769 diuina
1647 1726 1795 1783 gratia
1817 1727 1889 1770 in-

254 1801 424 1847 clinare
446 1804 503 1846 ad
525 1802 722 1848 meliora.
743 1804 870 1846 Haec
889 1803 982 1846 fere
999 1803 1166 1855 omnia,
1189 1818 1306 1858 quae
1324 1803 1370 1846 in
1388 1803 1674 1848 confessione
1691 1818 1795 1847 cum
1811 1803 1890 1847 illo

253 1878 349 1935 agit
371 1879 691 1932 confessarius,
716 1879 882 1935 poterit
899 1879 1032 1922 simul
1050 1887 1096 1925 et
1113 1887 1342 1936 promotor
1359 1880 1433 1924 ille
1450 1895 1553 1923 cum
1572 1881 1730 1925 eodem
1749 1895 1889 1937 agere

254 1963 496 2012 oportune.

342 2034 589 2086 Octauum,
614 2033 891 2078 confessario
913 2034 1174 2077 consultum
1202 2048 1293 2077 non
1316 2040 1385 2078 est
1407 2033 1713 2090 particulatim
1736 2034 1793 2077 de
1814 2033 1887 2076 in-

252 2124 414 2166 gressu
437 2110 680 2155 Societatis
701 2125 854 2166 agere,
881 2110 966 2153 nisi
989 2110 1027 2153 si
1049 2111 1107 2154 ad
1128 2110 1277 2166 ipsum
1299 2110 1373 2154 ille
1396 2110 1515 2166 prior
1533 2111 1737 2164 referret,
1763 2112 1886 2166 quod

252 2202 357 2231 cum
381 2178 566 2241 faceret,
602 2187 829 2232 iuuandus
852 2195 920 2232 est
942 2189 1192 2242 commode3
1225 2189 1305 2232 sed
1336 2187 1398 2231 ita
1427 2195 1592 2241 tamen,
1626 2194 1677 2230 ut
1703 2187 1767 2230 illi
1794 2202 1885 2231 non

253 2271 438 2320 praeeat
460 2264 780 2317 confessarius,
801 2266 881 2308 sed
900 2266 1182 2308 solummodo
1200 2264 1310 2307 illud
1327 2264 1594 2321 principium
1611 2271 1657 2307 et
1673 2264 1883 2322 gratiam,

253 2352 388 2398 quam
411 2342 486 2386 ille
507 2341 709 2394 adducit,
734 2341 903 2385 nitatur
927 2357 1209 2398 promouere;
1242 2349 1379 2398 atque
1402 2343 1516 2386 adeo
1544 2356 1636 2384 non
1663 2342 1799 2386 debet
1820 2342 1885 2385 illi

254 2419 562 2463 confessarius
599 2433 719 2462 noua
756 2419 996 2463 Societatis
1033 2418 1265 2471 exhibere,
1300 2419 1383 2463 vel.
1405 2418 1558 2462 literas
1590 2418 1781 2472 indicas,
1814 2419 1887 2464 vel

255 2496 440 2540 omnino
473 2511 590 2552 quae
622 2495 907 2552 peculiariter
930 2495 1102 2539 faciunt
1125 2497 1183 2539 ad
1205 2495 1331 2539 illum
1360 2496 1618 2539 uocandum
1648 2496 1701 2538 ad
1735 2495 1887 2540 Socie-

257 2580 415 2617 tatem.

345 2652 544 2703 Nonum,
570 2650 648 2706 qui
669 2657 738 2694 est
760 2650 898 2693 huius
920 2650 984 2693 rei
1007 2657 1237 2706 promotor
1258 2663 1284 2692 e
1301 2649 1482 2702 nostris,
1502 2649 1593 2702 ille,
1614 2655 1792 2705 praeter
1813 2663 1882 2702 ea,

251 2743 368 2783 quae
390 2727 599 2784 superius
620 2727 955 2780 annotauimus‚
981 2726 1162 2783 poterit,
1189 2733 1238 2769 ut
1256 2726 1459 2779 censebit
1476 2726 1760 2769 commodum
1784 2740 1885 2770 esse
1912 2778 1921 2786 ⁴

248 2815 295 2848 et
317 2812 611 2862 oportunum,
635 2803 723 2848 alia
736 2804 986 2858 adducere,
1011 2818 1101 2859 quo
1124 2802 1358 2859 negotium
1381 2808 1667 2859 promoueat:
1689 2817 1742 2846 ea
1770 2817 1882 2845 non-

250 2897 483 2938 nunquam
521 2881 707 2938 colliget
734 2895 759 2924 e
789 2895 837 2924 re
865 2888 971 2924 nata
999 2889 1043 2924 et
1080 2879 1412 2932 occasionibus,
1454 2894 1566 2936 quas
1603 2878 1769 2935 poterit
1797 2893 1884 2922 suo

250 2961 351 3002 loco
373 2960 632 3012 obseruare3
657 2958 738 3002 sed
773 2957 938 3014 poterit
968 2964 1117 3000 tamen
1150 2956 1226 2999 hic
1253 2970 1391 3013 agere
1427 2970 1531 2999 cum
1562 2955 1638 3009 illo
1660 2956 1717 2999 de
1745 2956 1882 2999 rebus

249 3036 491 3081 Societatis
514 3043 683 3092 aperte,
704 3034 990 3079 comunicare
1009 3048 1145 3087 noua,
1166 3033 1339 3076 indicas
1355 3032 1508 3087 literas
1519 3033 1738 3089 legendas
1754 3033 1877 3098 dareJ
