<?xml version="1.0" encoding="UTF-8"?>
<!DOCTYPE html PUBLIC "-//W3C//DTD XHTML 1.0 Transitional//EN"
    "http://www.w3.org/TR/xhtml1/DTD/xhtml1-transitional.dtd">
<html xmlns="http://www.w3.org/1999/xhtml" xml:lang="en" lang="en">
 <head>
  <title>
</title>
<meta http-equiv="Content-Type" content="text/html;charset=utf-8" />
  <meta name='ocr-system' content='tesseract 3.04.00' />
  <meta name='ocr-capabilities' content='ocr_page ocr_carea ocr_par ocr_line ocrx_word'/>
</head>
<body>
  <div class='ocr_page' id='page_1' title='image "./epistolaephieron04nadauoft_0148.png"; bbox 0 0 2098 3470; ppageno 0'>
   <div class='ocr_carea' id='block_1_1' title="bbox 336 280 1404 319">
    <p class='ocr_par' dir='ltr' id='par_1_1' title="bbox 336 280 1404 319">
     <span class='ocr_line' id='line_1_1' title="bbox 336 280 1404 319; baseline 0.006 -6"><span class='ocrx_word' id='word_1_1' title='bbox 336 288 401 314; x_wconf 84' lang='lat'>122</span> <span class='ocrx_word' id='word_1_2' title='bbox 803 280 957 317; x_wconf 59' lang='lat' dir='ltr'>Parius</span> <span class='ocrx_word' id='word_1_3' title='bbox 983 281 1227 317; x_wconf 73' lang='lat' dir='ltr'>Hmnommr</span> <span class='ocrx_word' id='word_1_4' title='bbox 1253 281 1404 319; x_wconf 73' lang='lat' dir='ltr'>NADAL</span> 
     </span>
    </p>
   </div>
   <div class='ocr_carea' id='block_1_2' title="bbox 274 382 1954 2672">
    <p class='ocr_par' dir='ltr' id='par_1_2' title="bbox 284 382 1954 671">
     <span class='ocr_line' id='line_1_2' title="bbox 375 382 1954 443; baseline 0.003 -17"><span class='ocrx_word' id='word_1_5' title='bbox 375 384 422 426; x_wconf 92' lang='lat' dir='ltr'>In</span> <span class='ocrx_word' id='word_1_6' title='bbox 446 382 618 438; x_wconf 86' lang='lat' dir='ltr'>primis,</span> <span class='ocrx_word' id='word_1_7' title='bbox 645 389 887 438; x_wconf 83' lang='lat' dir='ltr'>postquam</span> <span class='ocrx_word' id='word_1_8' title='bbox 910 383 996 426; x_wconf 89' lang='lat' dir='ltr'>fuit</span> <span class='ocrx_word' id='word_1_9' title='bbox 1018 383 1284 427; x_wconf 89' lang='lat' dir='ltr'>conclusum</span> <span class='ocrx_word' id='word_1_10' title='bbox 1308 385 1429 439; x_wconf 89' lang='lat' dir='ltr'>quod</span> <span class='ocrx_word' id='word_1_11' title='bbox 1452 399 1542 427; x_wconf 88' lang='lat' dir='ltr'>non</span> <span class='ocrx_word' id='word_1_12' title='bbox 1563 393 1660 428; x_wconf 90' lang='lat' dir='ltr'>erat</span> <span class='ocrx_word' id='word_1_13' title='bbox 1682 385 1727 428; x_wconf 91' lang='lat' dir='ltr'>in</span> <span class='ocrx_word' id='word_1_14' title='bbox 1751 386 1922 443; x_wconf 89' lang='lat' dir='ltr'>Hispa-</span> <span class='ocrx_word' id='word_1_15' title='bbox 1951 409 1954 415; x_wconf 75' lang='lat'>,</span> 
     </span>
     <span class='ocr_line' id='line_1_3' title="bbox 285 460 1919 518; baseline 0.003 -16"><span class='ocrx_word' id='word_1_16' title='bbox 285 460 384 502; x_wconf 90' lang='lat' dir='ltr'>nias</span> <span class='ocrx_word' id='word_1_17' title='bbox 406 460 624 511; x_wconf 89' lang='lat' dir='ltr'>eundum,</span> <span class='ocrx_word' id='word_1_18' title='bbox 651 473 736 502; x_wconf 83' lang='lat' dir='ltr'>nec</span> <span class='ocrx_word' id='word_1_19' title='bbox 759 460 983 503; x_wconf 89' lang='lat' dir='ltr'>creandus</span> <span class='ocrx_word' id='word_1_20' title='bbox 1012 460 1224 513; x_wconf 90' lang='lat' dir='ltr'>vicarius,</span> <span class='ocrx_word' id='word_1_21' title='bbox 1257 474 1342 505; x_wconf 90' lang='lat' dir='ltr'>nec</span> <span class='ocrx_word' id='word_1_22' title='bbox 1375 462 1523 504; x_wconf 88' lang='lat' dir='ltr'>danda</span> <span class='ocrx_word' id='word_1_23' title='bbox 1556 461 1619 505; x_wconf 93' lang='lat' dir='ltr'>illi</span> <span class='ocrx_word' id='word_1_24' title='bbox 1651 463 1919 518; x_wconf 77' lang='lat' dir='ltr'>authoritas,</span> 
     </span>
     <span class='ocr_line' id='line_1_4' title="bbox 284 536 1921 595; baseline 0.002 -15"><span class='ocrx_word' id='word_1_25' title='bbox 284 537 390 592; x_wconf 91' lang='lat' dir='ltr'>quia</span> <span class='ocrx_word' id='word_1_26' title='bbox 418 550 510 579; x_wconf 93' lang='lat' dir='ltr'>non</span> <span class='ocrx_word' id='word_1_27' title='bbox 548 543 826 592; x_wconf 82' lang='lat' dir='ltr'>poteramus,</span> <span class='ocrx_word' id='word_1_28' title='bbox 867 550 952 579; x_wconf 92' lang='lat' dir='ltr'>nec</span> <span class='ocrx_word' id='word_1_29' title='bbox 990 537 1276 593; x_wconf 81' lang='lat' dir='ltr'>expediebat,</span> <span class='ocrx_word' id='word_1_30' title='bbox 1317 536 1438 580; x_wconf 91' lang='lat' dir='ltr'>illico</span> <span class='ocrx_word' id='word_1_31' title='bbox 1472 553 1520 581; x_wconf 93' lang='lat' dir='ltr'>se</span> <span class='ocrx_word' id='word_1_32' title='bbox 1552 547 1834 595; x_wconf 85' lang='lat' dir='ltr'>separarunt,</span> <span class='ocrx_word' id='word_1_33' title='bbox 1873 550 1921 584; x_wconf 88' lang='lat' dir='ltr'>et</span> 
     </span>
     <span class='ocr_line' id='line_1_5' title="bbox 284 614 1796 671; baseline 0.002 -14"><span class='ocrx_word' id='word_1_34' title='bbox 284 621 463 658; x_wconf 89' lang='lat' dir='ltr'>secreto</span> <span class='ocrx_word' id='word_1_35' title='bbox 488 628 561 657; x_wconf 92' lang='lat' dir='ltr'>res</span> <span class='ocrx_word' id='word_1_36' title='bbox 584 614 895 656; x_wconf 84' lang='lat' dir='ltr'>tractabantur</span> <span class='ocrx_word' id='word_1_37' title='bbox 918 628 998 670; x_wconf 92' lang='lat' dir='ltr'>per</span> <span class='ocrx_word' id='word_1_38' title='bbox 1019 628 1097 657; x_wconf 91' lang='lat' dir='ltr'>eos</span> <span class='ocrx_word' id='word_1_39' title='bbox 1120 615 1291 670; x_wconf 88' lang='lat' dir='ltr'>absque</span> <span class='ocrx_word' id='word_1_40' title='bbox 1314 615 1685 671; x_wconf 87' lang='lat' dir='ltr'>congregatione,</span> <span class='ocrx_word' id='word_1_41' title='bbox 1709 623 1796 660; x_wconf 90' lang='lat' dir='ltr'>etc.</span> 
     </span>
    </p>

    <p class='ocr_par' dir='ltr' id='par_1_3' title="bbox 283 690 1917 902">
     <span class='ocr_line' id='line_1_6' title="bbox 373 690 1916 750; baseline 0.003 -16"><span class='ocrx_word' id='word_1_42' title='bbox 373 704 414 734; x_wconf 87' lang='lat'>2.</span> <span class='ocrx_word' id='word_1_43' title='bbox 483 693 648 734; x_wconf 74' lang='lat' dir='ltr'>Postea</span> <span class='ocrx_word' id='word_1_44' title='bbox 670 690 919 746; x_wconf 88' lang='lat' dir='ltr'>pueriliter,</span> <span class='ocrx_word' id='word_1_45' title='bbox 945 692 1082 734; x_wconf 89' lang='lat' dir='ltr'>stulte</span> <span class='ocrx_word' id='word_1_46' title='bbox 1105 698 1150 734; x_wconf 90' lang='lat' dir='ltr'>et</span> <span class='ocrx_word' id='word_1_47' title='bbox 1173 706 1261 733; x_wconf 85' lang='lat' dir='ltr'>non</span> <span class='ocrx_word' id='word_1_48' title='bbox 1286 691 1384 735; x_wconf 88' lang='lat' dir='ltr'>sine</span> <span class='ocrx_word' id='word_1_49' title='bbox 1414 692 1623 747; x_wconf 86' lang='lat' dir='ltr'>passione</span> <span class='ocrx_word' id='word_1_50' title='bbox 1645 693 1730 736; x_wconf 88' lang='lat' dir='ltr'>fuit</span> <span class='ocrx_word' id='word_1_51' title='bbox 1752 708 1916 750; x_wconf 91' lang='lat' dir='ltr'>propo-</span> 
     </span>
     <span class='ocr_line' id='line_1_7' title="bbox 284 767 1917 824; baseline 0.002 -12"><span class='ocrx_word' id='word_1_52' title='bbox 284 769 438 820; x_wconf 87' lang='lat' dir='ltr'>situm,</span> <span class='ocrx_word' id='word_1_53' title='bbox 464 776 513 810; x_wconf 92' lang='lat' dir='ltr'>vt</span> <span class='ocrx_word' id='word_1_54' title='bbox 535 767 699 812; x_wconf 90' lang='lat' dir='ltr'>iterum</span> <span class='ocrx_word' id='word_1_55' title='bbox 722 768 1096 812; x_wconf 86' lang='lat' dir='ltr'>comendaremus</span> <span class='ocrx_word' id='word_1_56' title='bbox 1118 770 1217 812; x_wconf 93' lang='lat' dir='ltr'>Deo</span> <span class='ocrx_word' id='word_1_57' title='bbox 1238 775 1283 811; x_wconf 90' lang='lat' dir='ltr'>et</span> <span class='ocrx_word' id='word_1_58' title='bbox 1305 769 1467 812; x_wconf 90' lang='lat' dir='ltr'>iterum</span> <span class='ocrx_word' id='word_1_59' title='bbox 1496 769 1917 824; x_wconf 83' lang='lat' dir='ltr'>determinaremus,</span> 
     </span>
     <span class='ocr_line' id='line_1_8' title="bbox 283 844 1478 902; baseline 0 -14"><span class='ocrx_word' id='word_1_60' title='bbox 283 847 404 901; x_wconf 91' lang='lat' dir='ltr'>quod</span> <span class='ocrx_word' id='word_1_61' title='bbox 426 845 515 888; x_wconf 89' lang='lat' dir='ltr'>iam</span> <span class='ocrx_word' id='word_1_62' title='bbox 539 844 764 887; x_wconf 89' lang='lat' dir='ltr'>difinitum</span> <span class='ocrx_word' id='word_1_63' title='bbox 789 844 936 888; x_wconf 87' lang='lat' dir='ltr'>fuerat</span> <span class='ocrx_word' id='word_1_64' title='bbox 958 859 1037 900; x_wconf 92' lang='lat' dir='ltr'>per</span> <span class='ocrx_word' id='word_1_65' title='bbox 1058 845 1478 902; x_wconf 79' lang='lat' dir='ltr'>congregationem.</span> 
     </span>
    </p>

    <p class='ocr_par' dir='ltr' id='par_1_4' title="bbox 280 921 1919 1129">
     <span class='ocr_line' id='line_1_9' title="bbox 373 921 1918 980; baseline 0.001 -13"><span class='ocrx_word' id='word_1_66' title='bbox 373 937 416 977; x_wconf 83' lang='lat'>3.</span> <span class='ocrx_word' id='word_1_67' title='bbox 483 921 738 974; x_wconf 87' lang='lat' dir='ltr'>Pueriliter,</span> <span class='ocrx_word' id='word_1_68' title='bbox 764 922 902 964; x_wconf 88' lang='lat' dir='ltr'>stulte</span> <span class='ocrx_word' id='word_1_69' title='bbox 924 928 970 964; x_wconf 91' lang='lat' dir='ltr'>et</span> <span class='ocrx_word' id='word_1_70' title='bbox 1001 936 1092 964; x_wconf 88' lang='lat' dir='ltr'>non</span> <span class='ocrx_word' id='word_1_71' title='bbox 1120 921 1217 966; x_wconf 90' lang='lat' dir='ltr'>sine</span> <span class='ocrx_word' id='word_1_72' title='bbox 1250 922 1436 978; x_wconf 90' lang='lat' dir='ltr'>perfidia</span> <span class='ocrx_word' id='word_1_73' title='bbox 1467 930 1512 966; x_wconf 93' lang='lat' dir='ltr'>et</span> <span class='ocrx_word' id='word_1_74' title='bbox 1544 923 1676 979; x_wconf 90' lang='lat' dir='ltr'>graui</span> <span class='ocrx_word' id='word_1_75' title='bbox 1707 924 1918 980; x_wconf 83' lang='lat' dir='ltr'>passione</span> 
     </span>
     <span class='ocr_line' id='line_1_10' title="bbox 280 997 1919 1056; baseline 0.001 -14"><span class='ocrx_word' id='word_1_76' title='bbox 280 1007 384 1056; x_wconf 89' lang='lat' dir='ltr'>post</span> <span class='ocrx_word' id='word_1_77' title='bbox 405 997 749 1055; x_wconf 86' lang='lat' dir='ltr'>responsionem</span> <span class='ocrx_word' id='word_1_78' title='bbox 774 1012 890 1053; x_wconf 89' lang='lat' dir='ltr'>pape</span> <span class='ocrx_word' id='word_1_79' title='bbox 912 997 1072 1040; x_wconf 90' lang='lat' dir='ltr'>iterum</span> <span class='ocrx_word' id='word_1_80' title='bbox 1093 999 1278 1052; x_wconf 87' lang='lat' dir='ltr'>instare,</span> <span class='ocrx_word' id='word_1_81' title='bbox 1298 1006 1347 1040; x_wconf 92' lang='lat' dir='ltr'>vt</span> <span class='ocrx_word' id='word_1_82' title='bbox 1364 1006 1620 1055; x_wconf 89' lang='lat' dir='ltr'>peteremus</span> <span class='ocrx_word' id='word_1_83' title='bbox 1636 1015 1692 1044; x_wconf 88' lang='lat' dir='ltr'>ex</span> <span class='ocrx_word' id='word_1_84' title='bbox 1709 1001 1919 1044; x_wconf 89' lang='lat' dir='ltr'>consulto</span> 
     </span>
     <span class='ocr_line' id='line_1_11' title="bbox 283 1073 1043 1129; baseline -0.001 -11"><span class='ocrx_word' id='word_1_85' title='bbox 283 1076 512 1120; x_wconf 88' lang='lat' dir='ltr'>licentiam</span> <span class='ocrx_word' id='word_1_86' title='bbox 535 1075 673 1118; x_wconf 90' lang='lat' dir='ltr'>eundi</span> <span class='ocrx_word' id='word_1_87' title='bbox 697 1075 743 1117; x_wconf 92' lang='lat' dir='ltr'>in</span> <span class='ocrx_word' id='word_1_88' title='bbox 767 1073 1043 1129; x_wconf 89' lang='lat' dir='ltr'>Hyspanias.</span> 
     </span>
    </p>

    <p class='ocr_par' dir='ltr' id='par_1_5' title="bbox 283 1150 1916 1284">
     <span class='ocr_line' id='line_1_12' title="bbox 369 1150 1916 1210; baseline 0.001 -14"><span class='ocrx_word' id='word_1_89' title='bbox 369 1166 411 1207; x_wconf 84' lang='lat'>4.</span> <span class='ocrx_word' id='word_1_90' title='bbox 478 1153 644 1196; x_wconf 90' lang='lat' dir='ltr'>Modus</span> <span class='ocrx_word' id='word_1_91' title='bbox 668 1150 893 1194; x_wconf 87' lang='lat' dir='ltr'>tractandi</span> <span class='ocrx_word' id='word_1_92' title='bbox 915 1152 1002 1194; x_wconf 93' lang='lat' dir='ltr'>hoc</span> <span class='ocrx_word' id='word_1_93' title='bbox 1025 1151 1371 1208; x_wconf 87' lang='lat' dir='ltr'>perpracticam</span> <span class='ocrx_word' id='word_1_94' title='bbox 1395 1161 1413 1178; x_wconf 54' lang='grc' dir='ltr'><strong><em>ἃ</em></strong></span> <span class='ocrx_word' id='word_1_95' title='bbox 1435 1160 1479 1197; x_wconf 93' lang='lat' dir='ltr'>et</span> <span class='ocrx_word' id='word_1_96' title='bbox 1502 1153 1667 1197; x_wconf 90' lang='lat' dir='ltr'>dilema</span> <span class='ocrx_word' id='word_1_97' title='bbox 1688 1160 1784 1198; x_wconf 89' lang='lat' dir='ltr'>erat</span> <span class='ocrx_word' id='word_1_98' title='bbox 1801 1167 1916 1210; x_wconf 87' lang='lat' dir='ltr'>pue-</span> 
     </span>
     <span class='ocr_line' id='line_1_13' title="bbox 283 1227 892 1284; baseline -0.007 -11"><span class='ocrx_word' id='word_1_99' title='bbox 283 1231 393 1283; x_wconf 87' lang='lat' dir='ltr'>rilis,</span> <span class='ocrx_word' id='word_1_100' title='bbox 419 1231 587 1273; x_wconf 91' lang='lat' dir='ltr'>stultus</span> <span class='ocrx_word' id='word_1_101' title='bbox 609 1242 654 1272; x_wconf 89' lang='lat' dir='ltr'>et</span> <span class='ocrx_word' id='word_1_102' title='bbox 676 1227 892 1284; x_wconf 89' lang='lat' dir='ltr'>partialis.</span> 
     </span>
    </p>

    <p class='ocr_par' dir='ltr' id='par_1_6' title="bbox 277 1305 1915 1517">
     <span class='ocr_line' id='line_1_14' title="bbox 371 1305 1915 1363; baseline 0 -12"><span class='ocrx_word' id='word_1_103' title='bbox 371 1319 413 1362; x_wconf 87' lang='lat'>5.</span> <span class='ocrx_word' id='word_1_104' title='bbox 482 1305 737 1357; x_wconf 86' lang='lat' dir='ltr'>Pueriliter,</span> <span class='ocrx_word' id='word_1_105' title='bbox 762 1306 902 1348; x_wconf 87' lang='lat' dir='ltr'>stulte</span> <span class='ocrx_word' id='word_1_106' title='bbox 919 1312 965 1348; x_wconf 91' lang='lat' dir='ltr'>et</span> <span class='ocrx_word' id='word_1_107' title='bbox 982 1319 1072 1348; x_wconf 92' lang='lat' dir='ltr'>non</span> <span class='ocrx_word' id='word_1_108' title='bbox 1090 1305 1188 1348; x_wconf 87' lang='lat' dir='ltr'>sine</span> <span class='ocrx_word' id='word_1_109' title='bbox 1204 1307 1421 1349; x_wconf 89' lang='lat' dir='ltr'>scandalo</span> <span class='ocrx_word' id='word_1_110' title='bbox 1439 1307 1593 1360; x_wconf 89' lang='lat' dir='ltr'>fiebat,</span> <span class='ocrx_word' id='word_1_111' title='bbox 1613 1321 1705 1349; x_wconf 91' lang='lat' dir='ltr'>non</span> <span class='ocrx_word' id='word_1_112' title='bbox 1729 1307 1915 1363; x_wconf 86' lang='lat' dir='ltr'>acquie—</span> 
     </span>
     <span class='ocr_line' id='line_1_15' title="bbox 282 1381 1914 1440; baseline -0.001 -11"><span class='ocrx_word' id='word_1_113' title='bbox 282 1384 412 1430; x_wconf 83' lang='lat' dir='ltr'>scere</span> <span class='ocrx_word' id='word_1_114' title='bbox 433 1384 452 1410; x_wconf 52' lang='grc' dir='ltr'><strong><em>Β</em></strong></span> <span class='ocrx_word' id='word_1_115' title='bbox 474 1382 864 1428; x_wconf 89' lang='lat' dir='ltr'>reuerendissimis</span> <span class='ocrx_word' id='word_1_116' title='bbox 887 1381 1192 1426; x_wconf 86' lang='lat' dir='ltr'>cardinalibus</span> <span class='ocrx_word' id='word_1_117' title='bbox 1229 1383 1592 1436; x_wconf 90' lang='lat' dir='ltr'>disuadentibus,</span> <span class='ocrx_word' id='word_1_118' title='bbox 1623 1399 1681 1428; x_wconf 90' lang='lat' dir='ltr'>ne</span> <span class='ocrx_word' id='word_1_119' title='bbox 1710 1390 1914 1440; x_wconf 88' lang='lat' dir='ltr'>peterent</span> 
     </span>
     <span class='ocr_line' id='line_1_16' title="bbox 277 1460 724 1517; baseline -0.004 -13"><span class='ocrx_word' id='word_1_120' title='bbox 277 1463 343 1505; x_wconf 90' lang='lat' dir='ltr'>ire</span> <span class='ocrx_word' id='word_1_121' title='bbox 366 1463 423 1505; x_wconf 91' lang='lat' dir='ltr'>ad</span> <span class='ocrx_word' id='word_1_122' title='bbox 447 1460 724 1517; x_wconf 89' lang='lat' dir='ltr'>Hyspanias.</span> 
     </span>
    </p>

    <p class='ocr_par' dir='ltr' id='par_1_7' title="bbox 277 1537 1911 1672">
     <span class='ocr_line' id='line_1_17' title="bbox 367 1537 1911 1594; baseline 0 -12"><span class='ocrx_word' id='word_1_123' title='bbox 367 1540 411 1584; x_wconf 84' lang='lat'>6.</span> <span class='ocrx_word' id='word_1_124' title='bbox 478 1537 720 1582; x_wconf 87' lang='lat' dir='ltr'>Pueriliter</span> <span class='ocrx_word' id='word_1_125' title='bbox 748 1544 793 1580; x_wconf 92' lang='lat' dir='ltr'>et</span> <span class='ocrx_word' id='word_1_126' title='bbox 822 1537 960 1579; x_wconf 87' lang='lat' dir='ltr'>stulte</span> <span class='ocrx_word' id='word_1_127' title='bbox 988 1544 1206 1592; x_wconf 79' lang='lat' dir='ltr'>egerunt,</span> <span class='ocrx_word' id='word_1_128' title='bbox 1238 1543 1302 1589; x_wconf 85' lang='lat' dir='ltr'>vt,</span> <span class='ocrx_word' id='word_1_129' title='bbox 1336 1537 1507 1592; x_wconf 89' lang='lat' dir='ltr'>absque</span> <span class='ocrx_word' id='word_1_130' title='bbox 1536 1537 1911 1594; x_wconf 86' lang='lat' dir='ltr'>congregatione,</span> 
     </span>
     <span class='ocr_line' id='line_1_18' title="bbox 277 1611 1791 1672; baseline 0 -14"><span class='ocrx_word' id='word_1_131' title='bbox 277 1622 574 1672; x_wconf 84' lang='lat' dir='ltr'>procurarent</span> <span class='ocrx_word' id='word_1_132' title='bbox 595 1621 750 1671; x_wconf 90' lang='lat' dir='ltr'>petere</span> <span class='ocrx_word' id='word_1_133' title='bbox 773 1613 837 1656; x_wconf 93' lang='lat' dir='ltr'>ire</span> <span class='ocrx_word' id='word_1_134' title='bbox 859 1611 1187 1668; x_wconf 89' lang='lat' dir='ltr'>Portugaliam,</span> <span class='ocrx_word' id='word_1_135' title='bbox 1209 1615 1329 1668; x_wconf 91' lang='lat' dir='ltr'>quod</span> <span class='ocrx_word' id='word_1_136' title='bbox 1347 1627 1437 1656; x_wconf 89' lang='lat' dir='ltr'>non</span> <span class='ocrx_word' id='word_1_137' title='bbox 1460 1621 1684 1669; x_wconf 85' lang='lat' dir='ltr'>poterant,</span> <span class='ocrx_word' id='word_1_138' title='bbox 1704 1621 1791 1658; x_wconf 89' lang='lat' dir='ltr'>etc.</span> 
     </span>
    </p>

    <p class='ocr_par' dir='ltr' id='par_1_8' title="bbox 279 1678 1914 1827">
     <span class='ocr_line' id='line_1_19' title="bbox 369 1678 1914 1748; baseline -0.001 -11"><span class='ocrx_word' id='word_1_139' title='bbox 369 1706 411 1748; x_wconf 94' lang='lat'>7.</span> <span class='ocrx_word' id='word_1_140' title='bbox 458 1678 460 1681; x_wconf 86' lang='lat'>.</span> <span class='ocrx_word' id='word_1_141' title='bbox 480 1691 722 1736; x_wconf 90' lang='lat' dir='ltr'>Pueriliter</span> <span class='ocrx_word' id='word_1_142' title='bbox 748 1698 794 1734; x_wconf 75' lang='lat' dir='ltr'>et</span> <span class='ocrx_word' id='word_1_143' title='bbox 822 1691 963 1733; x_wconf 89' lang='lat' dir='ltr'>stulte</span> <span class='ocrx_word' id='word_1_144' title='bbox 1001 1698 1212 1746; x_wconf 90' lang='lat' dir='ltr'>egerunt,</span> <span class='ocrx_word' id='word_1_145' title='bbox 1253 1704 1355 1732; x_wconf 91' lang='lat' dir='ltr'>cum</span> <span class='ocrx_word' id='word_1_146' title='bbox 1391 1690 1613 1736; x_wconf 84' lang='lat' dir='ltr'>Pontium</span> <span class='ocrx_word' id='word_1_147' title='bbox 1633 1692 1642 1712; x_wconf 87' lang='lat'><strong>¹</strong></span> <span class='ocrx_word' id='word_1_148' title='bbox 1668 1692 1727 1733; x_wconf 90' lang='lat' dir='ltr'>ab</span> <span class='ocrx_word' id='word_1_149' title='bbox 1763 1691 1914 1735; x_wconf 89' lang='lat' dir='ltr'>officio</span> 
     </span>
     <span class='ocr_line' id='line_1_20' title="bbox 279 1751 1824 1827; baseline -0.003 -13"><span class='ocrx_word' id='word_1_150' title='bbox 279 1773 607 1827; x_wconf 88' lang='lat' dir='ltr'>deposuerunt,</span> <span class='ocrx_word' id='word_1_151' title='bbox 634 1777 679 1813; x_wconf 90' lang='lat' dir='ltr'>et</span> <span class='ocrx_word' id='word_1_152' title='bbox 701 1782 805 1811; x_wconf 92' lang='lat' dir='ltr'>cum</span> <span class='ocrx_word' id='word_1_153' title='bbox 828 1767 979 1824; x_wconf 89' lang='lat' dir='ltr'>rigore</span> <span class='ocrx_word' id='word_1_154' title='bbox 1002 1774 1329 1819; x_wconf 88' lang='lat' dir='ltr'>tractauerunt,</span> <span class='ocrx_word' id='word_1_155' title='bbox 1354 1774 1444 1810; x_wconf 85' lang='lat' dir='ltr'>ete.</span> <span class='ocrx_word' id='word_1_156' title='bbox 1822 1751 1824 1754; x_wconf 16' lang='lat' dir='ltr'>V</span> 
     </span>
    </p>

    <p class='ocr_par' dir='ltr' id='par_1_9' title="bbox 274 1844 1911 2131">
     <span class='ocr_line' id='line_1_21' title="bbox 367 1844 1910 1902; baseline -0.003 -11"><span class='ocrx_word' id='word_1_157' title='bbox 367 1849 408 1891; x_wconf 85' lang='lat'>8.</span> <span class='ocrx_word' id='word_1_158' title='bbox 478 1847 627 1891; x_wconf 87' lang='lat' dir='ltr'>Stulte</span> <span class='ocrx_word' id='word_1_159' title='bbox 651 1854 696 1888; x_wconf 90' lang='lat' dir='ltr'>et</span> <span class='ocrx_word' id='word_1_160' title='bbox 718 1844 953 1902; x_wconf 90' lang='lat' dir='ltr'>pueriliter</span> <span class='ocrx_word' id='word_1_161' title='bbox 975 1851 1185 1901; x_wconf 89' lang='lat' dir='ltr'>egerunt,</span> <span class='ocrx_word' id='word_1_162' title='bbox 1211 1858 1315 1887; x_wconf 91' lang='lat' dir='ltr'>cum</span> <span class='ocrx_word' id='word_1_163' title='bbox 1337 1844 1517 1901; x_wconf 88' lang='lat' dir='ltr'>flagella</span> <span class='ocrx_word' id='word_1_164' title='bbox 1533 1852 1578 1888; x_wconf 91' lang='lat' dir='ltr'>et</span> <span class='ocrx_word' id='word_1_165' title='bbox 1594 1844 1773 1888; x_wconf 89' lang='lat' dir='ltr'>litanias</span> <span class='ocrx_word' id='word_1_166' title='bbox 1789 1845 1910 1888; x_wconf 92' lang='lat' dir='ltr'>ordi-</span> 
     </span>
     <span class='ocr_line' id='line_1_22' title="bbox 277 1921 1908 1979; baseline -0.003 -10"><span class='ocrx_word' id='word_1_167' title='bbox 277 1933 470 1976; x_wconf 91' lang='lat' dir='ltr'>narunt,</span> <span class='ocrx_word' id='word_1_168' title='bbox 512 1922 642 1979; x_wconf 86' lang='lat' dir='ltr'>quasi</span> <span class='ocrx_word' id='word_1_169' title='bbox 679 1921 945 1965; x_wconf 89' lang='lat' dir='ltr'>incidissent</span> <span class='ocrx_word' id='word_1_170' title='bbox 973 1923 1019 1964; x_wconf 92' lang='lat' dir='ltr'>in</span> <span class='ocrx_word' id='word_1_171' title='bbox 1047 1935 1208 1964; x_wconf 88' lang='lat' dir='ltr'>manus</span> <span class='ocrx_word' id='word_1_172' title='bbox 1238 1921 1437 1977; x_wconf 90' lang='lat' dir='ltr'>tyranni;</span> <span class='ocrx_word' id='word_1_173' title='bbox 1477 1921 1660 1964; x_wconf 90' lang='lat' dir='ltr'>stultius</span> <span class='ocrx_word' id='word_1_174' title='bbox 1697 1929 1908 1977; x_wconf 91' lang='lat' dir='ltr'>egerunt,</span> 
     </span>
     <span class='ocr_line' id='line_1_23' title="bbox 276 1998 1911 2057; baseline -0.002 -11"><span class='ocrx_word' id='word_1_175' title='bbox 276 2018 380 2046; x_wconf 90' lang='lat' dir='ltr'>cum</span> <span class='ocrx_word' id='word_1_176' title='bbox 404 2017 496 2045; x_wconf 92' lang='lat' dir='ltr'>non</span> <span class='ocrx_word' id='word_1_177' title='bbox 520 2000 691 2057; x_wconf 88' lang='lat' dir='ltr'>gratias</span> <span class='ocrx_word' id='word_1_178' title='bbox 712 2001 812 2042; x_wconf 91' lang='lat' dir='ltr'>Deo</span> <span class='ocrx_word' id='word_1_179' title='bbox 834 2006 1047 2055; x_wconf 84' lang='lat' dir='ltr'>egerunt;</span> <span class='ocrx_word' id='word_1_180' title='bbox 1080 2005 1126 2042; x_wconf 90' lang='lat' dir='ltr'>et</span> <span class='ocrx_word' id='word_1_181' title='bbox 1155 2012 1322 2054; x_wconf 91' lang='lat' dir='ltr'>ponere</span> <span class='ocrx_word' id='word_1_182' title='bbox 1349 1998 1577 2041; x_wconf 88' lang='lat' dir='ltr'>debebant</span> <span class='ocrx_word' id='word_1_183' title='bbox 1603 2005 1619 2023; x_wconf 80' lang='lat'>0</span> <span class='ocrx_word' id='word_1_184' title='bbox 1647 1998 1837 2054; x_wconf 90' lang='lat' dir='ltr'>polizam</span> <span class='ocrx_word' id='word_1_185' title='bbox 1865 1999 1911 2042; x_wconf 91' lang='lat' dir='ltr'>in</span> 
     </span>
     <span class='ocr_line' id='line_1_24' title="bbox 274 2074 1505 2131; baseline -0.002 -9"><span class='ocrx_word' id='word_1_186' title='bbox 274 2079 481 2122; x_wconf 89' lang='lat' dir='ltr'>sacristia</span> <span class='ocrx_word' id='word_1_187' title='bbox 503 2079 538 2131; x_wconf 74' lang='lat'>²,</span> <span class='ocrx_word' id='word_1_188' title='bbox 563 2077 682 2120; x_wconf 87' lang='lat' dir='ltr'>sicut</span> <span class='ocrx_word' id='word_1_189' title='bbox 704 2091 807 2119; x_wconf 90' lang='lat' dir='ltr'>cum</span> <span class='ocrx_word' id='word_1_190' title='bbox 834 2076 1049 2131; x_wconf 88' lang='lat' dir='ltr'>petebant</span> <span class='ocrx_word' id='word_1_191' title='bbox 1071 2075 1137 2119; x_wconf 91' lang='lat' dir='ltr'>ire</span> <span class='ocrx_word' id='word_1_192' title='bbox 1158 2075 1206 2116; x_wconf 89' lang='lat' dir='ltr'>in</span> <span class='ocrx_word' id='word_1_193' title='bbox 1229 2074 1505 2130; x_wconf 79' lang='lat' dir='ltr'>Hyspanias.</span> 
     </span>
    </p>

    <p class='ocr_par' dir='ltr' id='par_1_10' title="bbox 275 2151 1919 2286">
     <span class='ocr_line' id='line_1_25' title="bbox 364 2151 1907 2213; baseline -0.004 -13"><span class='ocrx_word' id='word_1_194' title='bbox 364 2172 406 2213; x_wconf 83' lang='lat'>9.</span> <span class='ocrx_word' id='word_1_195' title='bbox 476 2154 715 2199; x_wconf 88' lang='lat' dir='ltr'>Pueriliter</span> <span class='ocrx_word' id='word_1_196' title='bbox 738 2162 783 2196; x_wconf 90' lang='lat' dir='ltr'>et</span> <span class='ocrx_word' id='word_1_197' title='bbox 805 2153 944 2196; x_wconf 89' lang='lat' dir='ltr'>stulte</span> <span class='ocrx_word' id='word_1_198' title='bbox 966 2159 1177 2206; x_wconf 84' lang='lat' dir='ltr'>egerunt,</span> <span class='ocrx_word' id='word_1_199' title='bbox 1209 2166 1311 2194; x_wconf 89' lang='lat' dir='ltr'>cum</span> <span class='ocrx_word' id='word_1_200' title='bbox 1343 2152 1511 2195; x_wconf 89' lang='lat' dir='ltr'>factum</span> <span class='ocrx_word' id='word_1_201' title='bbox 1540 2151 1907 2207; x_wconf 90' lang='lat' dir='ltr'>publicauerunt,</span> 
     </span>
     <span class='ocr_line' id='line_1_26' title="bbox 275 2224 1919 2286; baseline -0.004 -9"><span class='ocrx_word' id='word_1_202' title='bbox 275 2243 320 2278; x_wconf 90' lang='lat' dir='ltr'>et</span> <span class='ocrx_word' id='word_1_203' title='bbox 343 2233 465 2277; x_wconf 89' lang='lat' dir='ltr'>domi</span> <span class='ocrx_word' id='word_1_204' title='bbox 487 2232 521 2285; x_wconf 73' lang='lat' dir='ltr'>d,</span> <span class='ocrx_word' id='word_1_205' title='bbox 548 2239 593 2276; x_wconf 91' lang='lat' dir='ltr'>et</span> <span class='ocrx_word' id='word_1_206' title='bbox 615 2230 743 2283; x_wconf 87' lang='lat' dir='ltr'>foris,</span> <span class='ocrx_word' id='word_1_207' title='bbox 769 2238 814 2274; x_wconf 89' lang='lat' dir='ltr'>et</span> <span class='ocrx_word' id='word_1_208' title='bbox 836 2229 957 2286; x_wconf 89' lang='lat' dir='ltr'>apud</span> <span class='ocrx_word' id='word_1_209' title='bbox 980 2228 1224 2285; x_wconf 88' lang='lat' dir='ltr'>collegium</span> <span class='ocrx_word' id='word_1_210' title='bbox 1248 2229 1419 2283; x_wconf 91' lang='lat' dir='ltr'>absque</span> <span class='ocrx_word' id='word_1_211' title='bbox 1440 2228 1530 2271; x_wconf 90' lang='lat' dir='ltr'>vlla</span> <span class='ocrx_word' id='word_1_212' title='bbox 1553 2227 1838 2273; x_wconf 88' lang='lat' dir='ltr'>necessitate.</span> <span class='ocrx_word' id='word_1_213' title='bbox 1915 2224 1919 2225; x_wconf 41' lang='lat'><em>⁷</em></span> 
     </span>
    </p>

    <p class='ocr_par' dir='ltr' id='par_1_11' title="bbox 275 2291 1910 2524">
     <span class='ocr_line' id='line_1_27' title="bbox 355 2291 1910 2370; baseline -0.003 -16"><span class='ocrx_word' id='word_1_214' title='bbox 355 2324 436 2370; x_wconf 65' lang='lat'>⁸10.</span> <span class='ocrx_word' id='word_1_215' title='bbox 505 2308 745 2353; x_wconf 89' lang='lat' dir='ltr'>Pueriliter</span> <span class='ocrx_word' id='word_1_216' title='bbox 767 2314 813 2351; x_wconf 90' lang='lat' dir='ltr'>et</span> <span class='ocrx_word' id='word_1_217' title='bbox 835 2307 974 2349; x_wconf 91' lang='lat' dir='ltr'>stulte</span> <span class='ocrx_word' id='word_1_218' title='bbox 996 2314 1208 2362; x_wconf 91' lang='lat' dir='ltr'>egerunt,</span> <span class='ocrx_word' id='word_1_219' title='bbox 1233 2319 1336 2348; x_wconf 92' lang='lat' dir='ltr'>cum</span> <span class='ocrx_word' id='word_1_220' title='bbox 1360 2319 1450 2348; x_wconf 91' lang='lat' dir='ltr'>non</span> <span class='ocrx_word' id='word_1_221' title='bbox 1469 2319 1626 2349; x_wconf 90' lang='lat' dir='ltr'>omnes</span> <span class='ocrx_word' id='word_1_222' title='bbox 1642 2305 1689 2347; x_wconf 93' lang='lat' dir='ltr'>in</span> <span class='ocrx_word' id='word_1_223' title='bbox 1711 2291 1910 2362; x_wconf 80' lang='lat' dir='ltr'>congre-</span> 
     </span>
     <span class='ocr_line' id='line_1_28' title="bbox 275 2381 1904 2446; baseline -0.005 -14"><span class='ocrx_word' id='word_1_224' title='bbox 275 2389 461 2446; x_wconf 90' lang='lat' dir='ltr'>gatione</span> <span class='ocrx_word' id='word_1_225' title='bbox 483 2386 683 2441; x_wconf 86' lang='lat' dir='ltr'>benigne</span> <span class='ocrx_word' id='word_1_226' title='bbox 706 2384 964 2436; x_wconf 89' lang='lat' dir='ltr'>audierunt,</span> <span class='ocrx_word' id='word_1_227' title='bbox 999 2383 1079 2427; x_wconf 88' lang='lat' dir='ltr'>sed</span> <span class='ocrx_word' id='word_1_228' title='bbox 1113 2381 1262 2425; x_wconf 90' lang='lat' dir='ltr'>verbis</span> <span class='ocrx_word' id='word_1_229' title='bbox 1290 2389 1334 2426; x_wconf 89' lang='lat' dir='ltr'>et</span> <span class='ocrx_word' id='word_1_230' title='bbox 1364 2381 1495 2424; x_wconf 86' lang='lat' dir='ltr'>factis</span> <span class='ocrx_word' id='word_1_231' title='bbox 1526 2382 1904 2438; x_wconf 89' lang='lat' dir='ltr'>objurgauerunt,</span> 
     </span>
     <span class='ocr_line' id='line_1_29' title="bbox 275 2458 1603 2524; baseline -0.005 -15"><span class='ocrx_word' id='word_1_232' title='bbox 275 2481 417 2524; x_wconf 88' lang='lat' dir='ltr'>quum</span> <span class='ocrx_word' id='word_1_233' title='bbox 440 2471 599 2507; x_wconf 91' lang='lat' dir='ltr'>contra</span> <span class='ocrx_word' id='word_1_234' title='bbox 621 2462 800 2504; x_wconf 88' lang='lat' dir='ltr'>illorum</span> <span class='ocrx_word' id='word_1_235' title='bbox 825 2460 1086 2516; x_wconf 88' lang='lat' dir='ltr'>opinionem</span> <span class='ocrx_word' id='word_1_236' title='bbox 1110 2458 1277 2514; x_wconf 91' lang='lat' dir='ltr'>aliquid</span> <span class='ocrx_word' id='word_1_237' title='bbox 1299 2459 1603 2514; x_wconf 86' lang='lat' dir='ltr'>proferebant.</span> 
     </span>
    </p>

    <p class='ocr_par' dir='ltr' id='par_1_12' title="bbox 274 2534 1909 2672">
     <span class='ocr_line' id='line_1_30' title="bbox 370 2534 1908 2593; baseline -0.003 -7"><span class='ocrx_word' id='word_1_238' title='bbox 370 2556 438 2587; x_wconf 92' lang='lat'>11.</span> <span class='ocrx_word' id='word_1_239' title='bbox 505 2539 746 2584; x_wconf 89' lang='lat' dir='ltr'>Pueriliter</span> <span class='ocrx_word' id='word_1_240' title='bbox 775 2546 820 2582; x_wconf 90' lang='lat' dir='ltr'>et</span> <span class='ocrx_word' id='word_1_241' title='bbox 850 2538 987 2580; x_wconf 89' lang='lat' dir='ltr'>stulte</span> <span class='ocrx_word' id='word_1_242' title='bbox 1016 2543 1228 2593; x_wconf 87' lang='lat' dir='ltr'>egerunt,</span> <span class='ocrx_word' id='word_1_243' title='bbox 1269 2549 1371 2578; x_wconf 89' lang='lat' dir='ltr'>cum</span> <span class='ocrx_word' id='word_1_244' title='bbox 1403 2550 1484 2591; x_wconf 88' lang='lat' dir='ltr'>per</span> <span class='ocrx_word' id='word_1_245' title='bbox 1511 2534 1722 2578; x_wconf 90' lang='lat' dir='ltr'>cubicula</span> <span class='ocrx_word' id='word_1_246' title='bbox 1751 2549 1908 2581; x_wconf 89' lang='lat' dir='ltr'>creare</span> 
     </span>
     <span class='ocr_line' id='line_1_31' title="bbox 274 2611 1909 2672; baseline -0.006 -8"><span class='ocrx_word' id='word_1_247' title='bbox 274 2620 492 2664; x_wconf 89' lang='lat' dir='ltr'>vicarium</span> <span class='ocrx_word' id='word_1_248' title='bbox 523 2619 703 2672; x_wconf 82' lang='lat' dir='ltr'>Laynez</span> <span class='ocrx_word' id='word_1_249' title='bbox 732 2623 777 2657; x_wconf 91' lang='lat' dir='ltr'>et</span> <span class='ocrx_word' id='word_1_250' title='bbox 805 2615 913 2657; x_wconf 90' lang='lat' dir='ltr'>dare</span> <span class='ocrx_word' id='word_1_251' title='bbox 941 2613 1004 2655; x_wconf 94' lang='lat' dir='ltr'>illi</span> <span class='ocrx_word' id='word_1_252' title='bbox 1042 2612 1361 2656; x_wconf 86' lang='lat' dir='ltr'>authoritatem</span> <span class='ocrx_word' id='word_1_253' title='bbox 1398 2611 1644 2668; x_wconf 89' lang='lat' dir='ltr'>praepositi</span> <span class='ocrx_word' id='word_1_254' title='bbox 1682 2612 1909 2669; x_wconf 87' lang='lat' dir='ltr'>generalis</span> 
     </span>
    </p>
   </div>
   <div class='ocr_carea' id='block_1_3' title="bbox 275 2697 520 2755">
    <p class='ocr_par' dir='ltr' id='par_1_13' title="bbox 275 2697 520 2755">
     <span class='ocr_line' id='line_1_32' title="bbox 275 2697 520 2755; baseline -0.016 -13"><span class='ocrx_word' id='word_1_255' title='bbox 275 2697 520 2755; x_wconf 88' lang='lat' dir='ltr'>petierunt.</span> 
     </span>
    </p>
   </div>
   <div class='ocr_carea' id='block_1_4' title="bbox 345 2832 1905 2893">
    <p class='ocr_par' dir='ltr' id='par_1_14' title="bbox 345 2832 1905 2893">
     <span class='ocr_line' id='line_1_33' title="bbox 345 2832 1905 2893; baseline -0.001 -19"><span class='ocrx_word' id='word_1_256' title='bbox 345 2858 361 2874; x_wconf 78' lang='lat' dir='ltr'>a</span> <span class='ocrx_word' id='word_1_257' title='bbox 399 2845 607 2893; x_wconf 60' lang='lat' dir='ltr'>pratia-am</span> <span class='ocrx_word' id='word_1_258' title='bbox 624 2854 695 2880; x_wconf 84' lang='lat' dir='ltr'>ms.</span> <span class='ocrx_word' id='word_1_259' title='bbox 748 2843 815 2868; x_wconf 79' lang='lat' dir='ltr'>—b</span> <span class='ocrx_word' id='word_1_260' title='bbox 841 2839 1069 2886; x_wconf 84' lang='lat' dir='ltr'>aquiescere</span> <span class='ocrx_word' id='word_1_261' title='bbox 1088 2850 1158 2878; x_wconf 79' lang='lat' dir='ltr'>ms,</span> <span class='ocrx_word' id='word_1_262' title='bbox 1210 2846 1274 2864; x_wconf 80' lang='lat'>—0</span> <span class='ocrx_word' id='word_1_263' title='bbox 1295 2832 1491 2873; x_wconf 70' lang='lat' dir='ltr'>deba&#39;bant</span> <span class='ocrx_word' id='word_1_264' title='bbox 1506 2849 1577 2876; x_wconf 88' lang='lat' dir='ltr'>ms.</span> <span class='ocrx_word' id='word_1_265' title='bbox 1628 2839 1694 2865; x_wconf 88' lang='lat' dir='ltr'>-d</span> <span class='ocrx_word' id='word_1_266' title='bbox 1720 2837 1818 2872; x_wconf 86' lang='lat' dir='ltr'>doni</span> <span class='ocrx_word' id='word_1_267' title='bbox 1832 2848 1905 2873; x_wconf 86' lang='lat' dir='ltr'>ms.</span> 
     </span>
    </p>
   </div>
   <div class='ocr_carea' id='block_1_5' title="bbox 342 2975 1907 3080">
    <p class='ocr_par' dir='ltr' id='par_1_15' title="bbox 342 2975 1907 3080">
     <span class='ocr_line' id='line_1_34' title="bbox 347 2979 357 2999; baseline 0 0"><span class='ocrx_word' id='word_1_268' title='bbox 347 2979 357 2999; x_wconf 77' lang='grc' dir='ltr'>ί</span> 
     </span>
     <span class='ocr_line' id='line_1_35' title="bbox 342 2975 1907 3080; baseline -0.006 -9"><span class='ocrx_word' id='word_1_269' title='bbox 342 3039 357 3059; x_wconf 78' lang='lat'>2</span> <span class='ocrx_word' id='word_1_270' title='bbox 407 2975 724 3080; x_wconf 50' lang='grc' dir='ltr'>Ιῖἰοξξζῗέἓὶέῗιῖε</span> <span class='ocrx_word' id='word_1_271' title='bbox 738 3031 938 3067; x_wconf 86' lang='lat' dir='ltr'>debebant</span> <span class='ocrx_word' id='word_1_272' title='bbox 951 3028 1191 3072; x_wconf 89' lang='lat' dir='ltr'>schedulam,</span> <span class='ocrx_word' id='word_1_273' title='bbox 1207 3032 1249 3064; x_wconf 90' lang='lat' dir='ltr'>ut</span> <span class='ocrx_word' id='word_1_274' title='bbox 1262 3027 1412 3072; x_wconf 85' lang='lat' dir='ltr'>gratiae</span> <span class='ocrx_word' id='word_1_275' title='bbox 1427 3028 1512 3063; x_wconf 89' lang='lat' dir='ltr'>Deo</span> <span class='ocrx_word' id='word_1_276' title='bbox 1527 3032 1736 3073; x_wconf 85' lang='lat' dir='ltr'>agerentur</span> <span class='ocrx_word' id='word_1_277' title='bbox 1749 3032 1907 3073; x_wconf 85' lang='lat' dir='ltr'>propter</span> 
     </span>
    </p>
   </div>
   <div class='ocr_carea' id='block_1_6' title="bbox 274 3089 1031 3143">
    <p class='ocr_par' dir='ltr' id='par_1_16' title="bbox 274 3089 1031 3143">
     <span class='ocr_line' id='line_1_36' title="bbox 274 3089 1031 3143; baseline -0.011 -12"><span class='ocrx_word' id='word_1_278' title='bbox 274 3094 575 3143; x_wconf 89' lang='lat' dir='ltr'>prohibitionem</span> <span class='ocrx_word' id='word_1_279' title='bbox 595 3091 711 3127; x_wconf 89' lang='lat' dir='ltr'>eundi</span> <span class='ocrx_word' id='word_1_280' title='bbox 730 3091 769 3126; x_wconf 92' lang='lat' dir='ltr'>in</span> <span class='ocrx_word' id='word_1_281' title='bbox 788 3089 1031 3136; x_wconf 90' lang='lat' dir='ltr'>Hispaniam.</span> 
     </span>
    </p>
   </div>
   <div class='ocr_carea' id='block_1_7' title="bbox 2010 1758 2098 3470">
    <p class='ocr_par' dir='ltr' id='par_1_17' title="bbox 2010 1758 2098 3470">
     <span class='ocr_line' id='line_1_37' title="bbox 2010 1758 2098 3470; baseline 0 0"><span class='ocrx_word' id='word_1_282' title='bbox 2010 1758 2098 3470; x_wconf 95' lang='lat' dir='ltr'> </span> 
     </span>
    </p>
   </div>
  </div>
 </body>
</html>
