2098 3470
822 235 1255 274 Inmucrronsss—61
1737 233 1807 280 387

215 340 570 386 conuersatione
589 338 742 396 aliqua
760 339 836 383 vel
855 337 1047 382 aliunde
1071 335 1244 382 versari
1273 335 1320 379 in
1348 335 1551 397 periculo
1579 335 1773 393 peccati,
1807 343 1854 380 et

209 417 267 461 -id
292 418 440 461 solum
467 417 638 461 sciatur
665 416 713 458 in
749 414 1052 467 confessione,
1085 413 1124 457 is
1159 429 1187 458 a
1223 412 1501 456 confessario
1538 421 1758 458 consueto
1795 414 1853 457 ad

213 494 497 551 superiorem
519 493 769 536 mittendus
790 499 876 545 est,
896 500 946 535 vt
965 491 1029 534 illi
1050 491 1324 534 confiteatur
1350 491 1378 542 ¹,
1399 489 1476 546 qui
1494 489 1580 532 nisi
1602 490 1754 534 videat
1769 505 1852 547 pe-

218 569 410 614 riculum
434 570 564 615 facile
584 569 718 612 vitari
738 583 888 626 posse,
914 569 977 613 54
997 567 1172 612 iubebit
1192 567 1256 610 illi
1278 566 1326 610 in
1347 566 1634 611 confessione
1656 575 1704 610 vt
1727 574 1851 624 petat

211 655 345 695 extra
365 647 696 691 confessionem
720 646 808 690 alio
830 645 964 699 mitti;
990 645 1114 701 quod
1135 644 1173 687 si
1195 644 1308 687 nolit
1338 644 1502 696 facere,
1529 658 1620 686 non
1643 645 1851 689 absoluet

211 737 337 778 eum;
363 725 485 781 quod
513 723 648 768 faciet
674 724 731 766 de
758 723 858 767 iure
884 721 1135 774 communi;
1166 736 1271 764 nam
1303 721 1378 764 ille
1409 727 1530 764 esset
1562 720 1609 763 in
1641 729 1846 777 peccato,

211 802 340 856 quod
361 800 504 844 vitare
523 807 674 857 potest
695 807 742 843 et
762 814 855 843 non
875 799 990 852 vult,
1014 813 1156 855 quare
1172 798 1483 842 absoluendus
1498 812 1591 840 non
1613 805 1693 841 est.
1718 800 1847 843 Idem

212 877 338 937 enim
366 877 596 935 agendum
626 883 747 922 esset
778 890 885 920 cum
915 876 1080 932 quouis
1111 874 1320 920 seculari.
1359 875 1445 919 Vel
1477 875 1845 930 quandoquidem

208 962 285 999 est
304 953 543 999 Societatis
565 954 868 1007 consuetudo,
893 953 1032 1008 quod,
1057 953 1182 995 nulla
1202 951 1378 995 reddita
1400 965 1539 995 causa
1555 952 1628 996 vel
1649 951 1845 996 interce-

208 1030 366 1084 dente,
404 1030 570 1074 mutari
597 1031 774 1074 soleant
802 1030 962 1082 nostri,
992 1030 1065 1073 vel
1095 1029 1205 1086 ipsis
1231 1029 1443 1086 abrogari
1480 1029 1629 1072 officia
1665 1044 1721 1072 ex
1750 1030 1846 1072 sola

205 1108 455 1165 superioris
476 1109 729 1161 voluntate,
758 1122 813 1152 ea
838 1107 1049 1150 libertate
1077 1106 1243 1164 poterit
1270 1105 1478 1163 superior
1504 1106 1586 1159 vti,
1618 1105 1658 1149 si
1689 1106 1846 1150 videa-

207 1191 302 1228 tur.
333 1187 404 1229 De
430 1185 504 1228 his
541 1200 649 1229 vero
684 1184 899 1242 periculis
935 1184 1279 1241 interrogentur
1310 1184 1356 1226 in
1379 1183 1669 1228 confessione
1697 1199 1723 1226 a
1750 1183 1846 1226 suis

205 1261 498 1306 confessariis
525 1261 687 1314 nostri,
717 1261 982 1318 praesertim
1010 1261 1296 1314 confessarii,
1331 1269 1377 1306 et
1409 1261 1487 1317 qui
1509 1267 1637 1305 extra
1658 1261 1843 1304 domum

210 1338 304 1383 fere
331 1346 500 1395 gerunt
526 1353 610 1382 sua
637 1338 806 1392 officia3
837 1346 884 1382 et
906 1338 1169 1395 obligentur
1197 1339 1254 1381 ad
1285 1346 1542 1395 peccatum,
1582 1338 1670 1381 nisi
1699 1338 1744 1381 id
1772 1338 1838 1382 di-

206 1414 376 1468 xerint;
407 1415 483 1459 illa
509 1415 679 1471 alioqui
709 1415 911 1472 pericula
939 1415 1183 1472 diligenter
1211 1415 1551 1472 inuestigentur
1579 1430 1606 1458 a
1634 1414 1842 1472 superio-

203 1491 350 1536 ribus.
768 1533 775 1537 .

294 1569 460 1626 Quoad
479 1569 579 1613 eius
600 1568 697 1612 fieri
720 1569 903 1626 poterit,
928 1577 1132 1622 curetur,
1156 1577 1222 1622 vt,
1249 1569 1325 1612 vbi
1347 1569 1491 1613 nostri
1507 1570 1681 1614 habent
1702 1570 1840 1613 scho—

201 1646 290 1699 las,
319 1645 378 1689 sit
409 1646 586 1702 aliquis,
627 1645 704 1702 qui
732 1647 944 1703 supplere
970 1646 1112 1703 possit
1145 1647 1369 1692 lectorum
1397 1646 1757 1691 intermissiones
1794 1654 1838 1692 et

198 1722 448 1777 absentias,
471 1723 510 1766 si
531 1737 649 1779 quae
675 1723 925 1768 obueniant
951 1738 1010 1768 ex
1038 1738 1195 1768 eorum
1223 1724 1486 1768 valetudine
1514 1723 1708 1778 infirma,
1739 1724 1838 1768 siue

198 1813 476 1856 quacunque
497 1800 584 1843 alia
613 1814 765 1844 causa.

290 1876 347 1920 55
369 1876 668 1920 Prouincialis
688 1876 760 1932 iis,
784 1877 862 1934 qui
883 1878 941 1921 ad
962 1892 1013 1922 se
1034 1877 1273 1923 mittentur
1294 1893 1322 1921 a
1343 1879 1598 1922 rectoribus
1622 1887 1835 1935 tanquam

198 1953 438 2010 deplorati,
464 1953 599 1997 faciet
622 1955 900 2007 facultatem,
926 1961 976 1997 vt
1006 1954 1207 1999 scribant
1234 1956 1290 1999 ad
1328 1956 1608 2012 generalem,
1650 1957 1723 1999 vel
1757 1970 1836 2000 eos

195 2030 260 2075 ad
284 2030 411 2077 illum
440 2030 606 2081 mittet,
638 2033 821 2092 quando
848 2031 961 2074 nihil
989 2031 1200 2076 omnibus
1230 2032 1391 2077 mediis
1422 2032 1565 2089 possit
1595 2033 1832 2089 proficere,

200 2121 348 2163 neque
364 2107 615 2151 mutatione
630 2108 704 2152 vel
720 2108 1036 2166 collegiorum,
1048 2109 1122 2153 vel
1137 2109 1407 2161 officiorum,
1424 2125 1575 2166 neque
1593 2109 1801 2153 faciendo
1818 2119 1836 2135 ²³

195 2182 267 2228 eis
287 2183 463 2241 copiam
484 2184 683 2241 eligendi
710 2184 949 2241 primarios
970 2201 1027 2230 ex
1055 2185 1408 2239 consultoribus,
1444 2187 1518 2230 vel
1546 2186 1644 2230 aliis
1681 2187 1833 2230 dome-

194 2259 342 2314 sticis,
375 2275 568 2317 quorum
597 2261 764 2305 iudicio
791 2269 929 2318 atque
960 2262 1159 2306 consiliis
1189 2265 1371 2307 tandem
1393 2263 1502 2308 velit
1524 2263 1828 2319 acquiescere.

199 2337 258 2380 Et
292 2344 442 2382 tamen
467 2339 634 2382 nullus
664 2339 722 2382 ad
759 2340 1019 2396 generalem
1051 2339 1278 2394 mittatur,
1314 2340 1400 2384 nisi
1432 2355 1599 2397 magna
1631 2340 1832 2384 adhibita

194 2413 576 2468 consideratione,
599 2423 646 2459 et
667 2415 755 2459 nisi
774 2415 997 2460 eiusmodi
1017 2416 1093 2471 sit,
1117 2417 1195 2472 qui
1216 2417 1359 2474 possit
1382 2432 1482 2462 esse
1510 2418 1631 2461 vtilis
1654 2417 1760 2460 illic:
1786 2427 1831 2461 et

194 2489 247 2534 in
271 2505 376 2535 eum
408 2506 565 2535 casum
593 2500 771 2550 oportet
797 2494 967 2538 habere
998 2508 1025 2536 a
1058 2496 1195 2539 Patre
1225 2494 1428 2551 generali
1463 2495 1739 2538 facultatem.
1760 2494 1829 2538 ¹Si

196 2581 307 2612 vero
327 2583 402 2613 res
423 2584 475 2613 ea
498 2576 634 2623 esset,
659 2570 779 2614 vnde
801 2569 1037 2614 timeretur
1058 2571 1339 2623 scandalum,
1367 2580 1414 2614 vt
1430 2571 1468 2614 si
1491 2570 1592 2626 quis
1615 2570 1828 2614 dissenti-

196 2650 267 2688 ret
288 2645 344 2688 ab
367 2644 574 2688 instituto
596 2653 642 2689 et
663 2646 908 2699 Societate,
939 2661 1045 2691 cum
1075 2649 1162 2691 hoc
1189 2656 1364 2692 secrete
1394 2656 1462 2692 est
1495 2648 1743 2709 agendum,
1780 2654 1828 2688 vt

193 2719 365 2764 scribat
384 2722 442 2764 ad
463 2723 741 2778 generalem,
765 2737 819 2766 ac
839 2723 951 2766 illud
971 2723 1106 2767 simul
1128 2725 1478 2780 prouidendum,
1503 2739 1562 2767 ne
1589 2723 1664 2766 illo
1687 2722 1827 2766 inter-

193 2794 316 2857 iecto
353 2799 570 2855 temporis
605 2799 774 2855 spacio,
806 2814 897 2856 quo
923 2799 1021 2843 istis
1048 2801 1347 2857 respondetur
1376 2816 1402 2844 a
1432 2799 1650 2857 generali,
1682 2798 1827 2843 disse-

266 2940 285 2958 8
323 2930 514 2978 faciendi
530 2943 603 2970 ms,

266 3036 278 3059 ¹
327 3037 428 3074 Vide
444 3049 574 3085 supra,
592 3019 685 3086 pag:
701 3038 786 3085 369,
803 3045 934 3076 annot.
958 3048 990 3080 1,
