2098 3470
372 251 441 298 844
950 255 1087 291 Emsr.
1118 255 1159 291 P.
1189 254 1339 291 NADAL

325 359 450 396 ctum
472 353 666 410 aliquem
691 369 955 411 peruersum
985 356 1058 398 vel
1086 356 1239 407 finem,
1272 355 1464 411 primum
1498 356 1714 413 permittit
1736 357 1862 402 Deus
1891 357 1954 400 ita

326 430 496 486 eligere
513 445 568 474 ex
586 430 763 475 illorum
782 433 933 489 culpa3
955 432 1134 484 deinde,
1157 432 1192 475 si
1212 433 1375 476 mutari
1394 448 1484 476 non
1503 441 1650 489 potest
1667 442 1830 486 status,
1851 449 1954 491 gra·

326 507 431 550 tiam
456 522 546 551 non
570 515 725 564 negat,
752 524 831 565 per
859 523 996 564 quarn
1033 509 1103 553 197
1136 508 1320 565 implere
1353 509 1543 566 possint,
1578 524 1694 566 quae
1726 519 1955 567 praestare

326 591 553 628 tenentur:
581 586 703 640 quod
726 587 763 628 si
787 592 877 628 tam
902 585 1189 642 negligenter
1211 593 1350 642 agant
1373 600 1506 641 quam
1529 587 1767 643 elegerunt
1795 586 1955 630 incon-

323 660 535 711 siderate,
570 660 614 703 in
650 661 838 705 summis
869 670 1317 721 semper-versantur
1344 662 1570 719 augustiis
1597 670 1642 706 et
1666 678 1814 708 rerum
1835 664 1956 707 diffi-

293 738 588 791 'cultatibus3
620 738 707 791 sin,
738 754 793 783 ex
822 739 1040 796 superiori
1074 753 1224 783 errore
1246 739 1486 791 humiliati,
1513 755 1591 796 per
1614 740 1953 796 poenitentiam,

325 815 592 867 orationem,
618 815 803 871 spiritus
835 818 1059 860 feruorem
1083 823 1219 872 atque
1241 831 1428 872 operum
1451 817 1718 870 efficaciam,
1754 817 1956 861 nitantur

326 892 371 934 in
395 892 480 935 X.⁰
503 889 738 936 electionis
759 894 974 936 damnum
995 893 1226 946 resarcire,
1247 893 1326 937 fiet
1345 893 1564 946 fortassis,
1585 894 1740 937 diuina
1757 894 1834 937 Χ.ἰ
1856 895 1956 938 Iesu

325 968 609 1026 benignitate
631 977 677 1013 et
699 970 1022 1022 misericordia,
1047 977 1096 1012 vt
1125 970 1338 1014 selectam
1364 970 1499 1013 etiam
1529 971 1650 1014 illam
1673 978 1818 1015 status
1850 986 1956 1028 gra-

325 1046 431 1089 tiam
449 1054 806 1102 consequantur,
829 1054 875 1089 vt
894 1047 1111 1103 exemplis
1129 1047 1318 1102 quidem.
1339 1047 1344 1103 Ι
1373 1055 1653 1104 compertum
1672 1055 1758 1102 est,
1779 1047 1957 1093 etiarnsi

324 1123 767 1179 infrequentissimis;
804 1139 944 1180 quum
975 1131 1133 1167 contra
1156 1139 1324 1180 prauae
1357 1124 1604 1169 electiones
1636 1126 1878 1182 pessimum
1912 1133 1957 1168 et

316 1215 616 1257 *progressum
641 1208 687 1244 et
709 1201 879 1246 exitum
905 1203 1104 1244 habeant
1125 1201 1492 1258 frequentissime
1513 1211 1543 1245 ³.
1777 1198 1779 1201 ’

413 1277 659 1333 Dispensat
693 1268 877 1335 spiritus
910 1278 1093 1321 Domini
1131 1279 1410 1334 temporibus
1447 1286 1584 1334 atque
1618 1279 1957 1335 operationibus

316 1344 419 1397 suis
441 1355 561 1398 dona
583 1369 666 1399 sua
690 1355 967 1398 hominibus.
993 1356 1089 1398 Nos
1112 1355 1273 1411 triplex
1293 1364 1471 1411 tempus
1488 1355 1894 1398 animaduertimus
1910 1355 1956 1398 in

325 1431 638 1476 electionibus:
661 1431 854 1488 primum
872 1439 956 1486 est,
977 1433 1053 1474 vbi
1072 1432 1227 1475 diuina
1249 1433 1416 1477 veritas
1438 1432 1502 1475 ita
1521 1431 1659 1475 trahit
1677 1433 1954 1475 voluntatem

323 1508 588 1561 efficaciter,
614 1517 662 1551 vt
684 1510 925 1553 absorbeat
948 1524 1130 1552 omnem
1153 1509 1389 1553 dubitandi
1413 1510 1694 1561 facultatem,
1720 1510 1793 1554 vel
1821 1508 1955 1553 etiam

324 1586 686 1639 contradicendi3
711 1586 863 1629 vnitur
886 1586 1005 1628 enim
1036 1586 1218 1630 diuinae
1246 1583 1470 1629 voluntati
1500 1588 1700 1629 humana
1722 1601 1850 1630 mens
1878 1600 1958 1642 per

324 1677 509 1707 sensum
542 1677 596 1706 ac
630 1663 933 1719 receptionem
971 1663 1155 1708 diuinae
1187 1663 1401 1706 motionis
1431 1670 1569 1718 atque
1600 1662 1796 1706 virtutis.
1827 1664 1950 1708 Sele-

323 1747 447 1783 ctum
470 1747 539 1783 est
562 1741 650 1783 hoc
676 1748 871 1795 tempus,
897 1740 1141 1796 singularis
1164 1741 1280 1784 haec
1303 1739 1465 1796 gratia,
1493 1738 1563 1784 198
1586 1740 1764 1795 qualem
1788 1739 1832 1782 in
1851 1754 1956 1796 apo-

314 1817 450 1860 stolis
482 1818 691 1874 legimus.
732 1818 833 1860 Hoc
866 1832 1045 1860 summo
1080 1818 1226 1874 gradu
1259 1817 1333 1860 alii
1356 1818 1525 1873 gradus
1547 1823 1681 1860 erunt
1702 1816 1954 1870 inferiores,

322 1895 399 1950 qui
422 1895 528 1938 solis
551 1894 936 1938 consolationibus
961 1895 1066 1937 boni
1091 1895 1276 1951 spiritus
1298 1896 1468 1939 ducent
1485 1895 1540 1938 ad
1557 1894 1794 1938 veritatem
1811 1900 1957 1937 status

324 1973 395 2016 vel
434 1972 513 2023 rei,
555 1973 611 2015 de
649 1986 738 2027 qua
775 1972 1040 2028 ambigitur,
1077 1973 1461 2029 cognoscendam:
1488 1971 1708 2016 certiores
1738 1985 1846 2015 uero
1869 1971 1917 2013 hi
1939 1969 1957 1996 b

325 2056 458 2093 erunt
481 2058 561 2106 pt‘o
585 2049 759 2093 ratione
783 2048 963 2091 virtutis
987 2048 1170 2092 diuinae
1192 2049 1435 2101 mouentis,
1461 2047 1718 2091 coniunctis
1739 2047 1837 2090 aliis
1865 2047 1958 2104 spi-

324 2126 437 2172 ritus
458 2125 822 2183 probationibus,
849 2140 965 2181 quae
982 2127 1055 2170 vel
1072 2140 1127 2168 ex
1145 2125 1396 2182 scripturis,
1417 2126 1489 2168 vel
1509 2132 1771 2168 sanctorum
1790 2124 1958 2168 doctri—

323 2203 394 2247 nis
415 2211 461 2246 et
483 2203 715 2259 exemplis,
741 2203 813 2246 vel
837 2218 892 2246 ex
915 2201 1083 2245 nostris
1107 2202 1279 2258 regulis
1302 2202 1459 2246 haberi
1483 2209 1690 2258 possunt.

413 2289 510 2324 2.¹¹¹¹¹
548 2288 727 2337 tempus
765 2280 1038 2324 electionum
1076 2287 1285 2323 versatur
1316 2279 1360 2321 in
1394 2278 1668 2322 discretione
1699 2278 1955 2335 spirituum,

324 2373 402 2414 per
425 2357 749 2414 experientiam
773 2356 1135 2400 consolationum
1160 2369 1214 2399 ac
1232 2355 1582 2408 desolationum,
1602 2370 1627 2398 e
1645 2352 1810 2410 quibus
1826 2355 1958 2398 colla-

325 2435 598 2486 tionefacta,
613 2433 830 2477 adhibitis
857 2434 863 2491 Ι
891 2432 1129 2489 legittimis
1143 2431 1330 2488 spiritus
1342 2431 1702 2488 probationibus,
1718 2432 1776 2476 de
1792 2431 1958 2486 quibus

324 2527 444 2555 nunc
467 2512 748 2564 dicebamus,
775 2510 1005 2566 colligitur
1028 2509 1154 2566 quasi
1179 2509 1330 2553 sensili
1361 2508 1543 2570 diuinae
1565 2508 1780 2552 bonitatis
1801 2515 1818 2534 ⁰
1839 2507 1958 2551 indi·
2015 2539 2026 2542 -
2050 2503 2061 2517 '⁵

325 2590 412 2643 cio,
437 2603 659 2645 quaenam
683 2588 781 2633 eius
804 2588 862 2630 sit
885 2589 1110 2630 voluntas.
1138 2586 1326 2631 Inferior
1348 2586 1421 2628 hic
1443 2593 1512 2630 est
1534 2586 1705 2642 gradus
1727 2599 1860 2640 quam
1883 2584 1957 2628 ille
2064 2646 2066 2649 y

324 2666 454 2723 primi
478 2666 710 2722 temporis,
739 2665 883 2708 minor
905 2664 1069 2721 gratia3
1090 2664 1175 2708 sed
1197 2665 1285 2706 hoc
1307 2664 1445 2706 habet
1464 2662 1707 2718 priuilegii,
1729 2662 1849 2718 quod
1867 2661 1957 2718 spi·
2013 2655 2016 2659 ’

324 2744 492 2788 rituum
515 2743 738 2787 varietate
761 2749 806 2786 et
837 2756 994 2798 pugna
1026 2742 1078 2783 fit
1099 2740 1255 2783 diuina
1283 2739 1568 2796 benignitate
1590 2739 1873 2795 plerumque,
1909 2745 1957 2800 vt

323 2822 462 2865 semel
485 2821 731 2862 vincantur
754 2821 1027 2862 tentationes
1049 2817 1297 2868 daemonis,
1323 2823 1368 2859 et
1392 2831 1477 2872 pax
1499 2816 1629 2858 firma
1652 2815 1790 2858 menti
1808 2814 1956 2875 conci·

322 2898 472 2942 lietur.
498 2896 703 2940 Incidere
728 2903 878 2939 tamen
903 2894 1034 2939 facile
1056 2897 1207 2951 potest
1228 2892 1393 2944 illusio,
1419 2891 1680 2948 praesertim
1705 2892 1751 2934 in
1773 2891 1959 2936 inferio-

392 3015 411 3033 a
459 3005 503 3039 In
521 3014 644 3049 marg.
664 3002 755 3038 Nat.
776 3012 905 3037 manu:
931 3002 1027 3036 Vide
1041 3012 1195 3048 genera
1213 2999 1467 3035 vocationum
1486 3010 1533 3034 ex
1551 2997 1757 3035 Cassiano.
1808 2999 1874 3026 -b
1898 2996 1958 3047 1ιίΙί

324 3076 394 3103 mS.
415 3063 478 3099 hic
497 3068 537 3098 et
554 3062 660 3098 alibi.
714 3071 777 3089 -c
803 3059 1061 3096 Emendatum
1082 3071 1104 3094 a
1122 3059 1213 3094 Nat.
1231 3071 1277 3094 ex
1298 3058 1532 3094 voluntatis.
