2098 3470
664 236 901 277 Omnoms
924 242 1371 279 onsssnvn1ouns—7o
1718 233 1792 280 703

288 340 510 385 Ieiunium
542 355 685 384 vnum
705 337 902 396 singulis
926 335 1242 390 hebdomadis,
1275 343 1321 381 et
1357 336 1606 393 flagellatio
1643 352 1749 392 vna,
1788 346 1839 380 vt

192 419 407 474 symbola
426 417 724 462 afflictionum
745 424 793 460 et
813 413 1036 473 passionis
1056 414 1167 470 Xpi.
1191 412 1283 460 2⁰3
1301 414 1418 457 Nam
1436 413 1535 457 aliis
1551 413 1598 457 in
1620 415 1758 458 rebus
1779 399 1848 458 ex*

196 494 375 539 ratione
396 502 544 539 status
565 493 815 538 imitatores
836 506 996 536 sumus
1018 490 1207 543 Christi,
1232 497 1281 534 vt
1308 490 1355 533 in
1387 490 1607 543 oratione,
1638 505 1836 548 pauper—

200 578 309 624 tate,
334 571 561 626 castitate,
585 571 632 615 in
659 571 767 623 fine,
797 569 845 613 in
873 568 1144 621 humilitate,
1169 576 1216 611 et
1243 566 1514 612 abiectione.
1546 569 1604 610 Et
1632 568 1834 623 quidem,

195 649 326 703 quod
346 649 404 691 ad
421 648 641 693 ieiunium
658 647 836 701 attinet,
855 646 944 690 iam
963 647 1100 690 Pater
1115 644 1323 702 Ignatius
1338 643 1501 686 indixit
1517 643 1837 688 abstinentiam

191 724 364 768 diebus
384 725 580 777 veneris,
605 739 741 781 quam
765 722 970 769 Societas
992 721 1152 778 recipit
1172 728 1311 777 atque
1331 721 1564 765 obseruat.
1590 722 1659 764 De
1680 722 1837 778 flagel-

201 801 368 846 latione
389 801 579 858 grauius
599 808 670 845 est
690 799 1087 852 considerandum,
1112 813 1171 842 an
1192 797 1413 843 Societati
1434 797 1493 841 sit
1521 798 1837 854 praescriben—

192 878 273 934 da.
299 879 433 932 Nam,
459 879 582 934 quod
603 892 692 935 ego
713 875 922 934 superius
943 875 1053 928 dixi,
1077 874 1288 932 proprius
1314 873 1402 917 fuit
1428 888 1590 917 sensus
1619 875 1676 917 ad
1707 888 1836 918 meae

195 955 506 1000 conscientiae
528 956 798 1012 profectum.
823 956 894 998 De
920 952 1230 1010 flagellatione
1257 951 1625 1009 praescribenda,
1655 951 1693 994 si
1723 966 1836 995 con-

198 1032 393 1076 sultaret
429 1031 650 1084 Societas,
682 1032 919 1089 probarem
947 1043 1036 1086 ego
1062 1036 1113 1072 vt
1138 1043 1193 1073 ea
1218 1035 1340 1072 esset
1370 1027 1660 1082 breuissima,
1697 1037 1746 1071 vt
1786 1040 1834 1083 15

195 1107 393 1161 ictuum,
419 1110 491 1154 vel
513 1110 688 1161 decem,
708 1109 870 1153 saltem
886 1106 1079 1164 singulis
1100 1105 1415 1150 hebdomadis.

288 1186 527 1229 Renouare
548 1185 858 1236 deuotionem‚
884 1198 1000 1239 quae
1015 1182 1229 1240 prouenit
1245 1197 1302 1227 ex
1318 1181 1602 1239 inspectione
1624 1181 1831 1238 reliquia·

192 1275 320 1314 rum,
344 1261 584 1319 aliquoties
601 1261 734 1305 annis
755 1261 964 1318 singulis.

288 1339 410 1383 Vnio
432 1339 610 1383 animae
632 1339 688 1382 ad
711 1341 860 1382 Deum
881 1339 1054 1394 absque
1068 1336 1254 1394 praeuia
1274 1335 1534 1392 particulari
1553 1335 1833 1393 cognitione,

199 1414 285 1458 nisi
313 1431 382 1468 ea,
413 1430 531 1471 quae
558 1432 615 1461 ex
644 1417 735 1460 fide
761 1423 830 1459 est
857 1414 1083 1471 generalis
1103 1420 1150 1457 et
1170 1413 1219 1456 in
1241 1412 1582 1470 enig204mate‚
1608 1420 1654 1457 et
1676 1413 1722 1455 in
1751 1415 1835 1457 hac

190 1491 488 1536 continenter
509 1493 700 1549 mystica
718 1491 963 1548 theologia.

263 1576 266 1578 ’
289 1571 458 1627 Magna
479 1570 730 1614 consolatio
746 1569 794 1612 in
812 1569 1003 1614 veritate
1018 1576 1201 1612 nostrae
1215 1567 1467 1612 vocationis
1484 1576 1623 1623 atque
1639 1567 1836 1610 instituti

187 1659 302 1689 cum
325 1647 481 1690 multis
502 1647 762 1704 lachrymis,
789 1661 894 1691 cum
915 1632 1165 1690 audiuisset
1196 1644 1379 1702 quidam
1409 1652 1687 1688 commotum
1713 1647 1835 1688 Pau-

198 1723 289 1766 lum
311 1737 342 1778 4
361 1725 607 1770 aduersum
630 1739 730 1777 nos,
752 1731 938 1781 propter
953 1723 1224 1768 delationem
1242 1723 1501 1779 quamdam,
1522 1737 1614 1778 quo
1632 1730 1836 1779 tempore

191 1808 295 1844 erat
315 1800 512 1844 vicarius
537 1803 588 1844 P.
616 1803 814 1858 LayneZ.
843 1800 1069 1845 Postridie
1091 1814 1199 1844 vero
1221 1801 1278 1844 ad
1299 1799 1500 1852 missam,
1521 1799 1598 1842 vbi
1620 1800 1667 1842 in
1690 1799 1834 1856 primo

198 1885 427 1922 memento
450 1887 710 1922 versaretur
731 1878 869 1931 idem,
894 1886 940 1921 et
962 1879 1100 1922 vellet
1122 1877 1303 1922 missam
1327 1877 1553 1934 applicare
1586 1878 1642 1920 ad
1674 1891 1836 1921 neces-

188 1953 376 1998 sitatem
398 1954 642 2000 Societatis
666 1964 968 2011 praesentem,
994 1955 1057 1997 ita
1079 1954 1166 1997 fuit
1186 1962 1343 2011 raptus
1365 1954 1423 1998 ad
1443 1954 1649 1997 intimam
1671 1968 1832 2009 quam—

197 2031 300 2073 dam
339 2031 581 2076 Societatis
619 2032 876 2075 firmitatem
914 2040 960 2076 et
997 2031 1282 2088 principium,
1321 2039 1372 2075 vt
1407 2038 1504 2074 toto
1535 2038 1706 2074 conatu
1744 2046 1837 2074 non

198 2108 395 2164 potuerit
417 2109 474 2151 ad
495 2107 619 2152 aliud
647 2109 847 2152 animum
878 2109 1131 2161 intendere,
1160 2109 1235 2153 vel
1262 2108 1444 2153 missam
1474 2109 1717 2165 applicare,
1750 2108 1836 2151 nisi

189 2185 321 2240 quod
342 2186 400 2228 ad
421 2186 558 2230 finem
581 2186 804 2241 applicare
827 2186 976 2242 potuit
997 2186 1043 2228 in
1066 2201 1236 2243 genere
1258 2187 1455 2242 quodam
1480 2187 1536 2229 ad
1565 2202 1634 2237 ea,
1668 2186 1836 2241 quibus

197 2270 294 2304 erat
315 2261 475 2304 solitus
496 2262 738 2319 applicare.
766 2264 883 2306 Tota
904 2263 1045 2319 igitur
1065 2263 1309 2320 applicatio
1332 2265 1389 2306 ad
1406 2263 1595 2320 gloriam
1621 2263 1706 2307 Dei
1729 2262 1834 2305 sim-

198 2336 373 2393 pliciter
389 2339 637 2390 ferebatur,
659 2340 784 2382 nullo
800 2339 1088 2383 considerato
1103 2344 1191 2388 2o5
1213 2340 1414 2396 periculo
1432 2348 1615 2383 nostrae
1638 2353 1836 2395 congre-

192 2414 414 2470 gationis,
445 2415 531 2458 nisi
559 2417 682 2471 quod
710 2416 935 2460 desiderio
971 2431 1026 2460 ac
1063 2418 1259 2473 quadam
1290 2418 1414 2461 dulci
1451 2417 1834 2472 contemplatione

196 2490 430 2535 videretur
457 2506 511 2536 ea
539 2507 650 2548 pars,
670 2493 816 2537 iuuari
844 2494 1078 2537 hominum
1111 2510 1138 2538 a
1169 2495 1414 2547 societate,
1454 2509 1570 2550 quae
1608 2493 1834 2536 adiutorio

197 2575 296 2611 erat
315 2569 549 2622 destituta,
575 2571 632 2612 ad
655 2584 772 2625 quos
793 2570 1017 2614 iuuandos
1038 2572 1351 2627 vnusquisque
1373 2571 1542 2626 alioqui
1574 2572 1830 2615 tenebatur.

199 2645 334 2688 Hanc
358 2654 507 2689 tamen
528 2661 683 2689 curam
708 2647 890 2691 subibat
912 2648 1120 2693 Societas
1142 2650 1445 2705 peculiariter.

284 2722 515 2766 Gaudium
538 2723 723 2779 spiritus
746 2725 869 2768 omni
890 2739 1000 2768 cura
1028 2725 1074 2768 in
1104 2727 1225 2782 Xpo.
1261 2725 1639 2769 considerandum
1670 2737 1834 2779 perpe-

199 2793 293 2851 tuo,
319 2800 442 2854 quod
464 2814 568 2842 curn
591 2801 788 2856 puritate
808 2802 974 2846 amoris
1005 2802 1092 2845 Dei
1124 2818 1302 2859 semper
1335 2811 1404 2846 est
1437 2801 1750 2851 coniunctum,
1789 2800 1833 2842 in

198 2874 357 2931 spiritu
379 2876 544 2919 amoris
566 2876 702 2919 illius.
730 2879 797 2920 Ex
818 2880 903 2921 hoc
925 2880 1239 2935 componenda
1261 2880 1412 2922 omnia
1435 2877 1659 2921 inferioris
1682 2877 1836 2919 homi-

198 2951 269 2994 nis
289 2953 474 3008 gaudia,
498 2954 570 2997 vel
593 2955 773 2998 dolores
794 2955 1064 3009 sustinendi,
1089 2957 1163 2999 vel
1186 2956 1467 3006 moderandi,
1495 2956 1567 2997 vel
1595 2954 1731 2998 etiam
1754 2954 1836 2996 im-

194 3029 402 3085 perandi.
434 3031 555 3073 Num
584 3032 672 3073 hoc
695 3039 764 3075 est
793 3032 915 3086 quod
946 3033 1116 3075 Paulus
1149 3033 1277 3076 dixit:
1317 3033 1554 3077 «Gaudete
1592 3031 1636 3074 in
1674 3030 1834 3074 Domi-
