2098 3470
831 225 1269 263 immunimus—61
1741 234 1829 272 '407

220 328 346 373 -irelit
366 329 586 374 confiteri.
611 327 662 374 Si
682 342 776 372 non
786 326 1098 385 tesponderit,
1116 326 1190 370 vel
1212 325 1288 372 102
1305 326 1599 380 dubitauerit,
1619 328 1692 372 vel
1709 328 1871 371 nolue-

236 405 294 450 rit
313 420 496 451 causam
517 406 684 460 dicere,
707 404 829 448 illius
844 404 1177 449 confessionem
1194 418 1287 446 non
1304 403 1474 456 audiet,
1494 404 1565 448 sin
1581 404 1746 448 dixerit
1763 419 1871 448 cau-

233 497 331 527 sam
354 497 403 527 se
423 483 541 528 velle
563 490 702 526 totam
717 481 908 539 aperire,
926 479 1203 537 significabit
1219 479 1299 533 illi,
1318 481 1444 536 quod
1460 480 1520 523 sit
1535 481 1768 537 obligatus
1784 481 1873 525 sub

231 574 379 616 poena
400 559 577 617 peccati
596 558 798 603 mortalis
820 563 978 603 verum
994 557 1162 612 dicere,
1181 556 1550 613 quandoquidem
1568 557 1678 601 illud
1695 559 1741 602 in
1758 573 1871 602 con-

222 636 429 683 fessione
449 637 656 680 dicturus
677 643 763 688 est,
787 643 833 680 et
854 649 999 692 graue
1019 634 1343 679 detrimentum
1365 643 1650 690 sequeretur,
1683 643 1728 680 et
1760 650 1870 679 cen-
1916 644 1919 647 ·

232 721 408 758 seretur
429 729 531 759 esse
550 713 854 771 perniciosum
876 711 1180 764 mendacium,
1201 711 1238 754 si
1260 711 1389 755 aliter
1412 712 1598 756 faceret.
1625 731 1632 738 ·

320 791 457 834 Nullo
477 796 612 847 pacto
634 788 896 846 negligatur
915 787 1157 831 solicitudo
1177 794 1223 832 et
1243 801 1354 831 cura
1374 787 1571 844 diligens
1588 787 1869 832 infirmorum

232 868 303 911 vel
325 852 774 919 valetudinariorum,
799 872 846 910 et
866 866 956 908 hoc
982 864 1252 927 nominatim
1280 871 1439 908 notent
1467 865 1751 922 superiorum
1785 866 1868 909 ad-

234 943 500 988 monitores.
1077 994 1087 1001 ·

315 1019 563 1078 Inuigilent
584 1017 1014 1064 et'animaduertant
1037 1018 1279 1075 diligenter
1300 1026 1517 1071 rectores,
1544 1026 1594 1061 vt
1616 1019 1865 1063 necessita-

229 1104 300 1142 tes
318 1097 392 1142 vel
410 1096 716 1148 difficultates,
739 1095 778 1139 si
799 1109 915 1152 quae
937 1095 1186 1140 obuenient
1206 1095 1253 1138 in
1274 1095 1485 1152 collegio,
1506 1095 1713 1139 celeriter
1730 1104 1776 1140 et
1794 1096 1866 1140 in-

228 1173 451 1231 telligant,
474 1187 528 1216 ac
549 1172 686 1216 etiam
706 1173 903 1218 referant
924 1173 983 1216 ad
1009 1187 1144 1215 suum
1174 1172 1518 1228 prouincialem,
1551 1187 1628 1217 eas
1657 1187 1868 1230 praeser-

213 1249 326 1303 -tim,
349 1264 467 1306 quae
487 1250 544 1293 ad
566 1249 947 1307 gubernationem
969 1249 1164 1293 attinent
1185 1257 1203 1275 ²
1224 1250 1296 1293 vel
1313 1249 1549 1306 grauiores
1567 1249 1864 1303 tentationeS,

226 1333 277 1370 vt
302 1326 455 1370 statim
478 1341 715 1371 accurrere
735 1325 998 1383 possint,„et
1018 1340 1284 1370 succurrere
1305 1333 1351 1369 et
1374 1325 1446 1372 103
1467 1334 1667 1370 rectores
1690 1334 1737 1370 et
1757 1342 1867 1384 pro-

224 1402 446 1457 uincialis,
472 1418 530 1447 ne
551 1403 788 1460 contingat
808 1403 968 1460 augeri
990 1403 1296 1456 difficultateS,
1327 1411 1374 1448 et
1401 1403 1725 1448 detrimentum
1757 1405 1864 1448 inde

227 1479 437 1538 accipere
457 1479 718 1538 collegium.

310 1558 434 1602 Dent
455 1571 636 1614 operam
657 1563 872 1611 rectores,
903 1564 948 1601 et
975 1556 1197 1614 singulari
1224 1556 1408 1613 quidem
1435 1557 1588 1602 studio
1617 1566 1780 1602 curent
1812 1573 1866 1602 ac

222 1633 459 1691 diligentia
486 1649 567 1692 per
592 1650 659 1689 se,
690 1649 771 1691 per
792 1634 1064 1687 ministrum,
1089 1649 1171 1691 per
1191 1635 1554 1689 subministrum,
1580 1651 1660 1692 per
1680 1637 1865 1682 confes-

1925 475 1940 503 Ι

220 1710 379 1764 sarios,
399 1718 508 1765 etc„
528 1718 578 1754 vt
594 1711 741 1755 nostri
757 1726 915 1756 omnes
932 1711 1135 1756 nitantur
1152 1713 1210 1756 ad
1225 1713 1553 1769 perfectionem
1576 1713 1866 1758 obedientiae
1929 1736 1934 1740 ·

203 1786 492 1832 intellectus.
519 1788 657 1844 Quod
677 1787 715 1832 si
738 1788 986 1832 obueniant
1006 1788 1268 1832 huiusmodi
1289 1789 1470 1842 iudicia,
1497 1804 1615 1846 quae
1643 1790 1864 1835 obedien-

202 1863 312 1908 tiae
330 1863 589 1909 intellectus
610 1863 855 1922 puritatem
871 1866 1053 1910 laedere
1074 1865 1332 1919 videantur,
1357 1881 1439 1923 pro
1460 1867 1592 1924 graui
1613 1867 1865 1912 tentatione

221 1939 297 1984 illa
312 1948 523 1998 reputare
539 1941 751 1996 doceant,
766 1949 813 1987 et
828 1943 900 1985 vel
917 1957 1134 1999 superare
1149 1942 1365 1988 exercitio
1381 1943 1599 1987 orationis
1617 1959 1669 1988 ac
1686 1944 1863 2001 piarum

198 2047 201 2050 «
221 2017 469 2071 actionum,
493 2033 550 2063 ex
566 2017 755 2062 consilio
770 2018 1016 2076 superioris
1031 2020 1104 2064 vel
1121 2020 1402 2073 confessarii,
1423 2021 1510 2074 vel,
1529 2021 1566 2064 si
1584 2021 1630 2064 id
1647 2027 1738 2065 non
1755 2036 1863 2078 pos-

219 2093 328 2149 sint,
350 2101 401 2137 vt
421 2095 541 2139 facta
560 2095 765 2141 oratione
785 2111 920 2140 suum
943 2096 1160 2140 iudicium
1181 2098 1381 2141 referant
1402 2099 1459 2141 ad
1481 2099 1760 2155 superiorem
1788 2099 1861 2142 vel

219 2171 279 2215 ad
298 2171 642 2226 confessarium,
667 2173 740 2218 vel
760 2174 818 2217 ad
839 2173 1145 2217 consiliarium
1166 2174 1380 2230 aliquem,
1406 2182 1452 2220 et
1472 2175 1652 2219 illorum
1672 2190 1860 2232 respon-

219 2247 338 2292 sioni
357 2249 666 2304 acquiescant.
690 2251 830 2306 Quod
850 2250 888 2294 si
911 2250 1102 2295 tentatio
1124 2252 1272 2295 adhuc
1293 2260 1508 2309 pergeret
1530 2268 1630 2297 esse
1654 2253 1862 2305 molesta,

221 2324 358 2370 etiam
387 2326 562 2382 absque
589 2341 834 2381 consensu,
865 2327 986 2371 illam
1016 2327 1199 2383 quidem
1227 2328 1488 2374 existiment
1520 2343 1621 2374 esse
1653 2343 1862 2385 grauem,

218 2402 354 2446 simul
379 2403 497 2448 velle
522 2404 674 2447 Deum
699 2403 776 2447 illa
797 2404 972 2448 ratione
993 2404 1069 2450 104
1090 2404 1213 2461 ipsos
1234 2405 1437 2462 affligere
1459 2414 1505 2451 et
1526 2407 1734 2462 probare.
1760 2405 1858 2448 Ad-

218 2478 406 2524 hibeant
432 2479 574 2537 igitur
603 2479 742 2523 animi
770 2481 1133 2538 magnitudinem
1161 2483 1216 2525 ad
1246 2482 1564 2534 tentationem,
1597 2482 1862 2538 patientiam

220 2556 278 2599 ad
298 2556 607 2611 afflictionem,
632 2558 690 2600 ad
710 2558 1026 2615 probationem
1048 2558 1440 2615 longanimitatem
1465 2568 1510 2603 et
1532 2574 1675 2614 spem,
1698 2573 1858 2614 quem-

221 2633 465 2676 admodum
492 2633 540 2676 in
567 2633 891 2678 afflictionibus
918 2634 1108 2678 aliarum
1138 2635 1439 2679 tentationum
1471 2637 1655 2679 debent.
1682 2637 1746 2678 Ita
1780 2636 1858 2679 fiet

189 2761 196 2769 ι
221 2717 269 2752 vt
289 2709 480 2766 inquieti
502 2724 594 2753 non
615 2710 793 2757 viuant.
817 2712 983 2756 Nullus
1004 2726 1114 2755 vero
1136 2712 1210 2765 sit,
1237 2712 1314 2768 qui
1337 2727 1498 2769 pacem
1528 2712 1752 2755 internam
1785 2712 1859 2754 vel

190 2823 195 2828 .
220 2784 267 2828 in
290 2786 363 2829 his
383 2787 458 2831 vel
477 2786 523 2829 in
547 2777 804 2832 aliis'rebus
824 2788 1064 2844 quibusuis
1085 2804 1177 2832 non
1200 2789 1431 2833 adnitatur
1448 2788 1664 2844 consequi
1682 2796 1727 2831 et
1745 2802 1860 2831 con-

220 2876 422 2908 seruare.

290 3038 309 3056 ⁸
356 3030 502 3066 attinet
519 3041 592 3069 ωε.
