2098 3470
315 285 383 322 170
787 277 940 314 PATms
968 278 1212 313 Hmnouvin
1239 276 1274 311 N
1277 285 1390 312 ADAL

262 379 547 435 qualitatem,
578 378 663 423 tria
692 387 798 422 uota
822 379 1043 424 eiusmodi
1073 381 1221 422 facere
1249 379 1495 435 poterunt),
1527 381 1606 424 sed
1636 380 1801 435 quibus
1830 387 1898 425 te·

263 463 458 500 neantur
480 456 696 511 quamdiu
719 456 1003 512 praepositus
1026 455 1254 512 generalis
1277 455 1323 498 in
1345 455 1574 500 Societate
1596 471 1674 500 eos
1699 457 1897 500 retinen-

264 534 347 576 dos
374 547 475 576 esse
503 533 747 587 censuerit,
778 532 984 577 emittere
1012 534 1223 580 debeant,
1255 540 1391 588 prout
1419 533 1465 575 in
1494 533 1898 578 constitutionibus

265 609 399 653 latius
422 609 737 665 explicabitur;
763 624 854 653 non
883 609 968 656 nisi
991 609 1233 653 examinati
1256 616 1302 652 et
1330 608 1480 654 idonei
1503 610 1669 666 reperti
1699 611 1755 653 ad
1783 624 1900 654 eun-

263 687 367 731 dem
385 686 522 729 finem
541 686 785 731 Societatis
803 686 1007 730 admit44
1025 685 1297 743 (mutantur
1313 688 1369 731 ¹.»
1385 686 1750 730 Constitutiones
1767 702 1901 744 porro

265 770 449 806 nostrae
471 762 516 805 in
539 763 760 815 examine,
786 778 886 819 cap.
907 765 950 815 6,
970 763 1032 805 ita
1054 770 1278 806 statuunt.
1304 763 1598 819 «Spirituales
1614 764 1903 809 coadiutores

266 839 357 883 sint
378 841 636 883 sacerdotes
658 847 703 883 et
725 840 865 883 literis
888 839 1165 883 sufficienter
1186 840 1352 892 ornati,
1381 848 1428 883 ut
1450 840 1496 900 in
1526 842 1662 883 rebus
1689 840 1901 897 spiritua-

266 916 386 959 libus
416 916 692 962 Societatem
731 917 905 960 iuuent.
949 918 1157 972 Quorum
1190 924 1259 962 est
1292 917 1521 973 proprium
1555 917 1830 963 Societatem
1857 918 1903 961 in

267 993 505 1037 audiendis
536 994 918 1046 confessionibus,
948 994 995 1036 in
1023 994 1430 1047 exhortationibus,
1461 994 1508 1037 in
1537 994 1744 1038 doctrina
1780 994 1903 1037 chri—

269 1070 431 1123 stiana,
452 1077 498 1115 et
515 1070 613 1114 aliis
628 1071 770 1116 literis
787 1071 1045 1123 edocendis,
1066 1071 1239 1115 iuuare.
1267 1071 1353 1115 His
1376 1087 1486 1116 uero
1504 1073 1690 1116 eaedem
1707 1071 1899 1128 gratiae,

269 1148 326 1190 ad
363 1147 615 1191 animarum
649 1148 884 1200 auxilium,
924 1147 1252 1191 communicari
1285 1156 1492 1205 possunt,
1533 1163 1650 1203 quae
1689 1148 1905 1204 professis

270 1223 381 1281 ipsis
402 1225 596 1268 solent.»
1410 1267 1413 1270 ,

359 1301 482 1344 Hinc
512 1302 578 1359 (ut
605 1301 692 1345 alia
720 1302 981 1345 omittamus
1009 1302 1162 1358 citare)
1192 1302 1302 1345 satis
1330 1302 1555 1359 intelliget
1583 1302 1641 1344 D.
1674 1303 1731 1345 V.
1762 1302 1902 1346 Illma.

270 1392 373 1422 esse
395 1384 554 1421 contra
574 1378 718 1422 nostri
740 1379 935 1422 instituti
957 1378 1178 1422 rationem
1201 1380 1292 1422 duo
1315 1379 1390 1422 illa
1411 1378 1576 1435 capita.
1610 1379 1667 1421 Et
1695 1393 1779 1421 nos
1806 1378 1905 1434 qui-

271 1454 374 1497 dem
396 1455 461 1498 ita
492 1454 539 1498 in
570 1455 766 1498 instituti
800 1456 973 1500 ratione
1006 1463 1051 1500 et
1084 1455 1374 1500 obseruantia
1397 1470 1636 1499 uersamur
1663 1462 1766 1512 post
1787 1455 1908 1498 sedis

271 1531 548 1587 apostolicae
570 1532 975 1585 confirmationem,
1002 1541 1053 1575 ut
1076 1540 1291 1588 tanquam
1314 1532 1536 1589 principio
1565 1540 1746 1575 nostrae
1767 1520 1907 1574 uoca-

270 1608 407 1652 tionis
429 1609 683 1663 credamus3
708 1610 878 1652 nullam
901 1609 1241 1653 dubitationem
1255 1610 1561 1662 admittamus3
1588 1609 1740 1652 omnia
1761 1623 1788 1652 a
1809 1610 1909 1652 Deo

272 1687 478 1742 profecta
505 1700 606 1730 esse
633 1686 959 1740 existimemus3
994 1687 1146 1730 omnia
1175 1701 1274 1731 esse
1303 1686 1525 1730 eiusmodi
1554 1686 1837 1729 confidamus
1863 1685 1911 1728 in

273 1762 474 1817 Christo,
499 1763 546 1806 in
569 1763 735 1818 quibus
756 1778 908 1808 errare
929 1779 1018 1807 non
1042 1764 1186 1820 possit
1208 1765 1339 1807 sedes
1368 1763 1614 1820 apostolica
1642 1771 1675 1816 ³;
1708 1777 1799 1805 non
1827 1776 1910 1818 po—

274 1839 415 1883 tuisse
437 1840 511 1883 uel
533 1842 685 1884 sedem
709 1841 1002 1896 apostolicam
1027 1842 1099 1885 uel
1121 1841 1361 1885 concilium
1386 1855 1438 1883 ea
1460 1841 1725 1896 approbare,
1745 1839 1782 1882 si
1801 1853 1911 1883 uera

273 1924 319 1960 et
341 1917 470 1960 firma
491 1931 584 1960 non
605 1925 773 1961 essent.
800 1919 938 1973 Quod
960 1918 998 1961 si
1020 1918 1067 1962 in
1088 1920 1175 1961 hac
1204 1933 1252 1962 re
1281 1917 1411 1960 nobis
1439 1917 1728 1960 difficultates
1756 1915 1913 1959 incur-

274 2001 443 2048 rerent,
476 1994 574 2037 illas
606 1995 695 2037 fide
726 1995 863 2037 huius
895 1994 1250 2038 confirmationis
1281 2002 1327 2038 et
1358 1993 1695 2050 approbationis
1727 1992 1913 2049 abigere

275 2070 417 2127 parati
441 2086 615 2124 sumus;
652 2085 736 2116 nec
769 2073 1020 2127 pendemus
1053 2087 1078 2115 e
1115 2072 1223 2115 solis
1261 2071 1561 2128 argumentis,
1597 2084 1714 2126 quae
1746 2069 1913 2112 adduci

275 2155 466 2202 possunt
503 2149 561 2191 ad
598 2148 1055 2192 institutissrationem
1095 2148 1495 2204 comprobandam,
1531 2148 1611 2190 sed
1645 2146 1915 2190 auctoritate

275 2223 409 2267 vnice
426 2224 613 2267 nitimur
628 2232 673 2269 et
690 2225 850 2282 spiritu
870 2241 894 2268 a
912 2227 1018 2269 sede
1035 2225 1282 2282 apostolica
1299 2226 1490 2281 probato
1507 2223 1541 2265 ¹³.
1562 2222 1777 2267 Similiter
1793 2222 1914 2266 enim

276 2300 323 2342 in
345 2302 432 2344 hoc
455 2301 635 2357 agimus
656 2309 793 2357 atque
821 2302 867 2345 in
897 2302 994 2345 aliis
1023 2302 1143 2346 sedis
1172 2301 1448 2358 apostolicae
1475 2299 1669 2344 decretis
1698 2300 1910 2343 solemus.

277 2375 480 2421 Primum
503 2379 623 2423 enirn
647 2379 873 2438 credimus
896 2395 996 2424 esse
1022 2395 1128 2423 uera
1149 2387 1195 2423 et
1219 2378 1343 2422 utilia
1352 2393 1361 2432 3
1388 2378 1493 2422 dein
1516 2377 1714 2420 rationes
1731 2376 1916 2419 adduci-

278 2469 396 2508 mus,
423 2455 589 2511 quibus
611 2456 686 2499 illa
703 2457 1041 2509 confirmemus,
1062 2471 1115 2500 ac
1131 2469 1493 2513 propugnemus,
1514 2468 1599 2497 sua
1615 2453 1788 2498 scilicet
1809 2466 1917 2509 pro·

278 2532 502 2588 portione,
529 2539 580 2575 ut
602 2533 648 2576 in
671 2534 898 2590 dogmatis
920 2534 1025 2577 fidei
1048 2533 1301 2577 catholicae
1323 2533 1530 2575 facimus.
1556 2530 1691 2583 Nam,
1723 2529 1852 2574 aliter
1878 2528 1917 2572 si

280 2623 538 2673 ageremus,
564 2625 655 2654 non
680 2618 772 2653 tam
795 2611 890 2653 sedi
914 2610 1190 2666 apostolicae
1212 2617 1257 2655 et
1279 2609 1366 2654 Dei
1388 2607 1581 2665 spiritui,
1608 2621 1743 2663 quam
1772 2604 1916 2649 nostri

280 2687 453 2743 ingenii
483 2687 830 2744 apprehensioni
860 2695 905 2731 et
932 2687 1100 2731 iudicio
1131 2689 1317 2731 credere
1349 2686 1624 2729 videremur.
1660 2685 1798 2727 Hunc
1821 2681 1918 2725 ani-

351 2847 369 2864 a
418 2836 509 2872 Tria
541 2838 662 2872 verba
691 2836 967 2883 praecedentia
992 2836 1199 2872 obliterata
1224 2834 1422 2879 videntur,
1448 2833 1591 2869 lineola
1616 2837 1747 2867 tamen
1771 2829 1920 2866 tenuis-

282 2895 392 2932 sima.
446 2917 475 2921 —
492 2897 511 2923 b
538 2895 651 2931 Prius
669 2896 905 2942 approbato,
919 2896 1062 2931 deinde
1080 2894 1330 2933 emendatum
1349 2897 1392 2928 ut
1406 2903 1538 2939 supra.

357 3031 367 3050 ¹
418 3029 477 3064 Ex
495 3028 638 3064 litteris
656 3027 880 3075 apostolicis
899 3027 1087 3074 Exposcit
1104 3027 1278 3062 debitum
1298 3037 1320 3060 a
1338 3024 1442 3071 Julio
1453 3024 1510 3059 III
1522 3031 1563 3058 21
1583 3021 1676 3068 Julii
1694 3028 1785 3065 1550
1802 3019 1918 3056 datis.

282 3088 346 3124 Cf.
366 3088 498 3123 Instit⁴
522 3087 721 3134 Soc.Jesu
739 3087 977 3133 (Florentiae
999 3087 1118 3132 1892),
1140 3085 1166 3132 1,
1188 3085 1248 3122 26,
