2098 3470
316 281 386 329 392
789 284 944 322 Pums
969 285 1214 321 Hmnonnss
1241 285 1392 322 NADAL

271 391 368 426 tum
392 384 609 440 corporis,
637 391 734 428 tum
757 385 957 442 spiritus,
983 385 1054 439 iis,
1076 385 1152 442 qui
1171 395 1452 444 occupantur
1468 387 1513 431 in
1532 388 1792 434 ministeriis
1806 391 1898 447 spi-

271 461 526 504 ritualibus.
550 463 710 517 Itaque
731 469 777 507 et
806 462 907 519 ipsi,
939 470 1118 519 praeter
1146 463 1433 519 quotidianas
1461 464 1652 520 quietes,
1687 467 1844 511 saltem
1873 483 1899 511 a

270 537 461 593 prandio
482 537 644 581 diebus
680 539 892 582 mercurii
931 540 1001 583 vel
1037 539 1153 583 iouis
1190 548 1468 595 recreentur,
1508 549 1646 597 atque
1673 542 1825 596 etiam,
1848 551 1898 587 vt

269 614 418 659 solent
445 614 703 658 scholastici
731 615 925 672 singulis
955 615 1085 659 annis
1120 618 1320 660 exerceri
1346 617 1658 674 spiritualiter,
1695 618 1899 665 similiter

270 691 357 747 ipsi
375 699 674 736 exerceantur
695 694 952 737 commode.
1758 683 1759 686 Ἴ

359 769 506 812 Casus
544 769 764 812 reseruati
802 785 904 813 cum
945 770 1324 814 declarationibus
1355 771 1566 815 omnibus
1602 772 1899 817 exhibeantur

268 845 556 888 confessariis
579 834 948 900 domesticorum3
975 846 1074 890 aliis
1098 861 1204 890 vero
1225 847 1425 891 minime.

358 923 433 966 Ab
456 922 542 975 his,
568 923 645 978 qui
666 931 828 980 petunt
849 923 1150 968 confessarios
1171 939 1254 980 pro
1271 924 1460 968 infirmis
1482 925 1643 969 diebus
1663 926 1900 970 dominicis

267 1006 314 1041 et
336 999 478 1052 festis,
499 1006 682 1055 petatur
696 1015 753 1043 an
776 1000 834 1043 sit
857 1008 1058 1044 extrema
1075 1000 1336 1054 necessitas3
1357 1016 1473 1058 quae
1489 1002 1527 1044 si
1546 1017 1637 1044 non
1655 1003 1808 1059 fuerit,
1829 1003 1899 1046 di-

268 1082 398 1118 catur
421 1083 468 1118 vt
506 1077 710 1129 redeant,
748 1077 959 1132 quoniam
984 1092 1075 1120 non
1099 1077 1315 1120 conuenit
1341 1077 1428 1121 illis
1456 1078 1616 1122 diebus
1645 1079 1898 1135 relinquere

271 1160 477 1196 nostrum
496 1154 732 1210 templum.

355 1229 404 1274 Si
430 1237 550 1274 esset
573 1237 728 1274 tantus
746 1238 1002 1274 nostrorum
1028 1245 1258 1284 numerus,
1287 1239 1336 1274 vt
1366 1245 1458 1275 non
1487 1232 1663 1288 possint
1691 1233 1898 1276 confiteri

272 1306 346 1350 die
367 1307 545 1349 sabbati
573 1315 607 1361 a,
640 1321 724 1351 nec
753 1315 905 1364 posset
934 1322 1151 1352 numerus
1178 1308 1553 1352 confessariorum
1583 1309 1760 1366 augeri,
1795 1324 1900 1366 pars

267 1382 464 1435 illorum,
491 1383 651 1427 nouitii
673 1384 844 1428 scilicet
866 1393 910 1429 et
934 1384 1234 1437 coadiutores,
1259 1392 1305 1428 et
1326 1384 1372 1437 ii,
1398 1385 1456 1429 66
1480 1385 1555 1441 qui
1580 1400 1672 1429 non
1694 1386 1896 1439 student,

270 1467 486 1516 poterunt
515 1460 812 1505 confessionis
839 1468 883 1504 et
914 1460 1243 1504 communionis
1269 1469 1551 1505 sacramenta
1584 1463 1701 1505 infra
1723 1463 1898 1506 hebdo-

268 1538 445 1581 madem
468 1537 717 1594 percipere.·
741 1538 1012 1582 Sacerdotes
1033 1538 1168 1582 etiam
1190 1538 1307 1581 infra
1329 1539 1659 1582 hebdomadam
1689 1538 1896 1582 confiteri

267 1620 497 1669 poterunt:
525 1628 680 1657 omnes
701 1614 776 1657 alii
799 1615 1140 1659 confitebuntur
1160 1614 1234 1658 die
1254 1615 1430 1658 sabbati
1448 1615 1640 1672 vesperi;
1662 1622 1724 1668 et,
1749 1615 1787 1658 si
1806 1630 1899 1659 non

268 1698 455 1747 possent
477 1705 650 1744 omneS,
675 1691 812 1746 aliqui
836 1691 909 1735 die
932 1691 1158 1735 dominico
1176 1706 1308 1735 mane
1330 1699 1564 1748 poterunt.

355 1767 616 1824 Intelligant
637 1768 893 1824 superiores
915 1782 1014 1811 esse
1035 1767 1082 1811 in
1105 1768 1258 1824 primis
1281 1768 1365 1812 sibi
1388 1768 1711 1822 necessarium,
1742 1775 1791 1811 vt
1813 1783 1895 1812 vo-

266 1846 465 1888 luntates
502 1859 688 1887 suorum
725 1844 810 1887 sibi
847 1845 1046 1888 habeant
1082 1845 1345 1889 conciliatas
1380 1844 1414 1888 b:
1454 1853 1503 1888 vt
1541 1846 1676 1890 etiam
1715 1845 1895 1902 fugiant

266 1936 425 1964 omnes
456 1921 728 1966 offensiones
764 1923 837 1966 vel
876 1922 1152 1966 auersiones:
1194 1923 1315 1977 quod
1336 1922 1373 1965 si
1409 1922 1607 1977 aliquem
1635 1921 1897 1978 intelligent

265 1998 550 2042 auersionem
573 1998 710 2041 animi
733 2013 842 2062 erga
871 2013 920 2043 se
957 1998 1240 2055 concepisse,
1282 1999 1495 2042 studeant
1532 1999 1677 2055 primo
1716 2012 1898 2054 quoque

267 2084 469 2132 tempore
490 2075 612 2118 illam
634 2089 793 2118 sanare
816 2075 1140 2128 infirmitatem,
1164 2083 1210 2119 et
1232 2075 1413 2131 quidem
1439 2075 1695 2131 diligenter.

355 2152 750 2208 Congregationes
766 2152 1086 2207 'prouinciales
1114 2168 1181 2202 ‚ne
1203 2153 1330 2204 fiant,
1367 2167 1515 2207 neque
1537 2159 1780 2204 rectorum,
1800 2151 1898 2195 sine

267 2228 494 2286 generalis
522 2230 593 2272 vel
630 2227 786 2272 vicarii
827 2229 1043 2272 facultate
1081 2243 1309 2284 expressa.
1335 2230 1440 2271 Non
1468 2228 1587 2272 enirn
1622 2227 1780 2272 haberi
1811 2229 1897 2272 hae

266 2306 650 2362 congregationes
667 2320 723 2349 ex
744 2305 952 2348 instituto
976 2313 1183 2361 possunt,
1208 2305 1294 2348 nisi
1316 2305 1393 2347 vbi
1414 2305 1652 2349 habendae
1680 2311 1787 2347 sunt
1811 2318 1895 2361 ge—

266 2383 458 2434 nerales,
484 2396 597 2437 quas
618 2380 792 2434 indicit,
818 2383 888 2424 vel
922 2381 1119 2425 vicarius
1148 2381 1389 2438 generalis,
1415 2382 1489 2425 vel
1510 2380 1735 2437 generalis
1765 2395 1894 2436 prae-

267 2458 459 2514 positus,
484 2459 557 2501 vel
578 2458 713 2501 etiam
752 2457 1031 2511 assistentes,
1072 2457 1197 2501 iuxta
1219 2458 1275 2502 67
1311 2457 1675 2502 constitutiones.
1701 2456 1896 2500 Additae

265 2542 373 2579 sunt
396 2534 777 2592 congregationes
798 2534 1100 2590 prouinciales
1129 2550 1185 2578 ex
1211 2536 1394 2578 decreto
1423 2542 1507 2577 2:⁷²³
1537 2532 1764 2590 generalis
1787 2546 1895 2575 con-

266 2613 547 2669 gregationis
571 2613 639 2667 3.⁰
662 2626 841 2669 quoque
864 2626 982 2654 anno
1011 2612 1068 2655 ad
1097 2611 1331 2668 eligendos
1362 2618 1678 2667 procuratores
1706 2611 1895 2653 Romam

268 2690 528 2734 mittendos.
562 2691 749 2734 Praeter
786 2690 867 2731 has
903 2689 1025 2731 nulla
1062 2687 1164 2744 cogi
1199 2695 1349 2744 potest
1378 2686 1666 2744 prouincialis
1699 2699 1895 2742 congre-

269 2766 410 2822 gatio.

357 2842 654 2887 Prouincialis
676 2842 906 2886 adhibebit
933 2842 1213 2899 diligentiam
1242 2855 1347 2884 curn
1378 2840 1501 2883 omni
1533 2839 1752 2894 efficacia,
1778 2845 1827 2881 vt
1848 2838 1895 2881 in

266 2920 478 2964 omnibus
500 2919 833 2976 episcopatibus
850 2920 1104 2963 declaretur
1125 2926 1171 2962 et
1192 2917 1466 2975 publicetur,
1490 2923 1540 2959 vt
1563 2916 1715 2959 nullus
1732 2915 1895 2960 creda-

339 3096 357 3114 a
405 3086 553 3122 sabboti
573 3098 644 3123 ms,
663 3086 726 3122 hie
744 3090 784 3121 et
801 3085 914 3121 infra.
967 3087 1031 3113 -b
1058 3084 1291 3120 consiliatus
1309 3095 1384 3119 ms.
