2098 3470
0 0 447 44 Wffixffw-zsm
462 0 630 27 rvr-2>
660 0 676 15 ¹.
701 0 761 10 ⁴·
807 0 818 9 ²

578 150 599 164 Q

523 252 800 289 Montium-m
825 242 1085 288 Gmm‘mss
1108 249 1454 288 sumamus-36
1693 250 1763 298 239

254 355 346 400 Vbi
365 369 561 412 paruum
583 362 654 400 est
676 354 899 400 ferculum
920 354 1158 406 donatum,
1182 352 1230 395 in
1253 367 1411 398 mensa
1438 353 1484 395 id
1512 353 1808 399 circumfera-

159 439 255 477 tur:
278 432 326 476 id
346 433 385 477 si
402 432 703 476 maiusculum
724 431 800 484 sit,
822 430 872 474 in
893 429 1126 487 portiones
1146 444 1229 486 pro
1249 428 1445 486 singulis
1462 429 1712 474 diuidatur.

254 512 307 554 P.
332 509 603 554 Dominicus
625 509 819 552 retineat
839 506 1039 552 officium
1061 505 1345 559 confessarii,
1370 507 1517 550 donec
1546 507 1598 550 Ρ.
1635 509 1806 551 Paulus

162 581 351 644 Dilinga
372 587 545 639 redeat,
570 587 644 629 vel
664 585 788 629 aliud
810 585 1133 629 constituatur.

184 706 187 709 Α
250 665 418 709 Nullus
433 670 656 710 externus
670 663 860 706 domum
882 661 1184 719 ingrediatur,
1209 662 1291 704 sed
1311 660 1490 705 externi
1517 661 1804 717 excipiantur

154 740 210 784 in
225 741 510 798 hypocausto
526 748 837 793 externorum3
856 739 1101 782 consiliarii
1118 746 1271 782 tamen
1287 738 1419 781 ducis
1437 738 1677 781 intromitti
1695 753 1799 795 pos-

157 825 270 862 sunt
290 825 484 861 tantum:
508 817 666 873 siquis
686 816 803 860 alius
823 815 1062 859 intromitti
1090 816 1272 867 debeat,
1303 815 1350 858 id
1377 814 1599 858 iudicabit
1631 823 1798 861 rector.

247 880 619 939 Confessionaria
639 900 854 938 maneant
874 900 1048 949 aperta.

247 973 351 1016 Non
372 971 625 1016 inuitentur
645 969 861 1024 artifices,
882 983 1079 1025 quorum
1100 969 1271 1012 vtimur
1292 983 1455 1026 opera:
1476 969 1796 1033 potius-parua

154 1050 429 1106 munuscula
448 1048 538 1092 illis
557 1045 759 1091 conuiuii
775 1048 877 1090 loco
892 1048 1138 1090 donentur.
1251 1036 1254 1038 .

243 1125 401 1170 Nostri
421 1127 584 1168 fratres
604 1125 649 1168 in
672 1123 843 1167 scholis
863 1138 948 1168 nec
970 1123 1164 1168 recitent
1180 1138 1265 1167 nec
1281 1123 1601 1167 examinentur
1617 1139 1644 1167 a
1660 1138 1796 1180 prae-

154 1209 359 1259 ceptore,
382 1203 464 1246 sed
485 1201 607 1245 domi
629 1201 675 1244 id
697 1202 776 1245 fiat
797 1200 1058 1257 diligenter.

242 1279 435 1323 Dicatur
456 1293 581 1322 nunc
601 1279 856 1336 guardiano
878 1293 962 1321 nos
983 1292 1076 1321 non
1092 1291 1226 1334 posse
1247 1277 1417 1333 alloqui
1440 1277 1677 1330 moniales,
1709 1278 1796 1322 nisi

150 1355 347 1414 singulis
378 1356 557 1399 uicibus
592 1355 787 1412 explicet
823 1370 958 1399 suum
996 1369 1285 1398 consensum.
1323 1355 1442 1399 Cum
1475 1370 1585 1399 vero
1617 1355 1796 1400 venerit

154 1434 292 1477 Pater
310 1433 618 1490 prouincialis‚
643 1433 682 1476 is
703 1440 811 1490 agat
831 1446 937 1476 cum
958 1431 1170 1485 ducissis,
1196 1440 1246 1475 ut
1267 1432 1381 1476 citra
1402 1432 1645 1489 guardiani
1679 1447 1792 1476 con-

147 1524 336 1554 sensum
358 1524 450 1553 non
473 1524 750 1566 occupemur
771 1510 818 1554 in
841 1509 1130 1554 monasteriis
1151 1509 1431 1553 monialium.

238 1587 405 1632 Nullus
427 1594 752 1632 ueteranorum
784 1586 964 1631 intersit
994 1585 1263 1630 recreationi
1291 1586 1588 1641 nonistorum,
1621 1586 1708 1630 nisi
1735 1586 1793 1631 de

148 1677 378 1708 consensu
394 1664 655 1721 superioris.

235 1741 305 1784 Ex
325 1741 638 1785 selectioribus
665 1740 882 1785 fratribus
910 1754 1030 1784 unus
1056 1749 1136 1785 aut
1163 1742 1276 1785 alter
1303 1741 1478 1785 habitet
1506 1741 1625 1785 inter
1654 1741 1791 1784 noui-

146 1817 253 1870 tios,
276 1816 316 1860 si
337 1818 575 1861 commode
596 1818 694 1862 fieri
715 1817 876 1874 possit.

234 1895 485 1938 Possumus
511 1909 568 1938 ex
595 1894 699 1938 aula
726 1894 933 1951 accipere
959 1910 1170 1946 munera,
1203 1903 1362 1952 utpote
1391 1910 1575 1948 carnes,
1607 1896 1783 1952 pisces,

147 1970 319 2024 uinum,
342 1985 499 2027 panes,
524 1980 634 2024 etc.,
658 1985 763 2016 cum
780 1971 948 2015 scimus
969 1972 1134 2024 danda;
1154 1972 1212 2015 ad
1228 1987 1283 2017 ea
1300 1980 1452 2017 tamen
1468 1973 1779 2017 consumenda

145 2062 279 2092 nemo
299 2056 591 2092 externorum
612 2048 846 2093 innitetur.

228 2126 335 2169 Non
356 2125 626 2179 inuitentur,
651 2126 730 2183 qui
751 2127 825 2170 vel
845 2127 1116 2171 defecerunt
1136 2127 1211 2170 uel
1232 2126 1406 2170 dimissi
1434 2135 1543 2170 sunt
1572 2143 1598 2172 e
1626 2127 1785 2172 Socie-

141 2207 252 2256 tate3
271 2203 352 2246 sed
375 2210 524 2247 tamen
548 2203 716 2259 quibus
737 2203 862 2247 dedit
884 2204 1147 2248 facultatem
1165 2203 1370 2248 Societas
1385 2204 1655 2261 legitimam,
1676 2219 1782 2248 cum

103 2272 110 2341 J
141 2277 212 2323 his
238 2286 379 2336 agant
409 2279 553 2323 amice
583 2279 841 2336 superiores
870 2289 917 2323 et
948 2280 1022 2324 alii
1060 2287 1239 2324 tantum
1276 2281 1451 2334 selecti,
1490 2297 1583 2325 non
1621 2297 1782 2327 omnes

89 2348 98 2349 7
138 2354 465 2402 indifferenter.
493 2357 611 2401 Cum
634 2356 734 2400 aliis
755 2358 908 2400 nullus
930 2364 1054 2414 agat,
1082 2365 1259 2414 praeter
1280 2358 1581 2414 superiorem.

228 2434 435 2479 Tollatur
466 2434 603 2478 lectio
634 2434 799 2491 logica,
832 2435 980 2478 donec
1013 2435 1072 2478 sit
1103 2435 1403 2479 commoditas
1435 2436 1578 2479 maior
1609 2436 1697 2478 loci
1734 2444 1780 2480 et

138 2509 402 2553 auditorum
423 2519 455 2554 ³.

228 2588 281 2632 In
305 2597 607 2641 «memento»,
637 2590 713 2632 vbi
741 2574 936 2634 habetur
963 2591 1218 2634 communis
1245 2590 1502 2647 applicatio,
1535 2590 1612 2632 fiat
1641 2589 1777 2632 etiam

61 2683 66 2728 η’
134 2665 351 2710 memoria
372 2665 656 2722 imperatoris
677 2681 731 2710 ac
752 2666 987 2724 principis,
1012 2667 1204 2723 eiusque
1226 2667 1422 2711 familiae
1444 2666 1632 2709 ducalis.

225 2741 276 2787 Si
297 2757 390 2786 non
411 2758 586 2795 omnes,
606 2744 765 2788 saltem
789 2759 957 2800 magna
979 2745 1167 2787 Patrum
1189 2752 1236 2789 et
1263 2746 1451 2787 fratrum
1484 2758 1587 2798 pars
1616 2751 1689 2786 eat
1718 2744 1775 2785 ad

134 2819 468 2876 processionem
490 2819 536 2862 in
558 2821 677 2865 festo
698 2822 902 2879 corporis
924 2821 1112 2874 Christi,
1138 2829 1187 2864 vt
1209 2822 1423 2872 solemus,
1450 2820 1568 2864 inter
1591 2821 1765 2875 laycos.

223 2897 371 2940 Nemo
393 2896 626 2953 promittat
657 2897 871 2953 cuiquam
900 2906 1091 2943 externo
1122 2912 1171 2941 se
1199 2898 1363 2942 iterum
1397 2898 1453 2940 ad
1484 2897 1583 2940 eius
1610 2896 1774 2939 conui-

205 3059 225 3076 2
271 3048 494 3087 Obliterata
511 3051 607 3088 haec
625 3063 777 3098 paragr.
797 3052 837 3088 in
856 3064 928 3088 ms.
