2098 3470
821 231 1251 270 Ins-rnucnonns—61
1733 239 1805 277 519

311 341 462 384 Caute
478 344 618 393 agant
639 333 901 380 confessarii
922 347 1026 378 cum
1049 332 1244 388 aliquem
1273 331 1519 375 consulunt
1552 333 1608 376 de
1637 332 1709 375 his
1731 331 1844 375 casi-

155 434 158 436 ’
222 418 325 469 bus,
350 430 465 472 quos
484 414 531 457 in
553 412 838 456 confessione
859 410 1100 462 audierint,
1125 424 1185 454 ne
1206 409 1376 453 directe
1399 409 1470 450 vel
1492 408 1712 453 indirecte
1742 423 1847 465 pos-

222 493 314 538 sint
330 491 523 548 intelligi
544 492 602 534 ad
618 504 754 546 quem
771 489 1044 546 pertineant.

311 572 547 614 Mutentur
567 569 851 612 confessores
872 571 1125 622 opportune
1147 565 1204 608 ab
1225 579 1316 607 vno
1339 563 1534 620 collegio
1556 564 1603 606 in
1624 563 1763 614 aliud,
1791 579 1847 606 ne

221 647 539 691 immoderatas
573 642 926 688 consuetudines
953 641 1066 685 inire
1094 641 1284 698 possint;
1310 655 1470 686 verum
1510 655 1602 683 non
1643 650 1731 683 tam
1763 641 1849 684 fre-

221 731 427 780 quenter.
450 721 752 778 Frequentius
772 726 963 777 possunt
986 718 1330 763 concionatores
1353 718 1533 770 mutari,
1560 733 1618 762 ne
1639 719 1848 760 laborent

222 800 427 852 nimium,
452 813 592 855 quum
615 813 735 841 noua
755 811 934 853 semper
960 796 1187 838 adducere
1215 804 1463 852 coguntur,
1488 796 1562 838 vel
1589 795 1769 851 ingrata
1792 793 1849 837 sit

219 878 466 921 earundem
490 890 640 918 rerum
662 873 883 931 repetitio.

309 955 475 998 Nullus
511 953 718 996 absoluat
746 952 791 994 in
827 966 936 995 casu
972 950 1212 994 haereseos
1249 950 1295 992 in
1334 949 1572 1006 Hispania,
1605 956 1653 992 vt
1685 950 1769 991 hac
1802 948 1847 990 in

221 1039 350 1088 parte
367 1031 579 1074 iuuemus
600 1030 647 1072 in
664 1029 751 1072 illis
768 1028 1015 1085 prouinciis
1033 1027 1235 1071 officium
1252 1035 1442 1070 sanctae
1458 1025 1777 1082 inquisitionis.
1800 1027 1848 1067 In

221 1106 320 1153 aliis
346 1107 611 1164 regionibus
646 1106 883 1150 absoluere
917 1098 1211 1162 poterunt,'si
1244 1119 1342 1149 earn
1373 1105 1601 1148 licentiam
1635 1103 1736 1159 quis
1764 1109 1850 1149 426

221 1187 403 1236 habeat,
427 1185 508 1228 sed
529 1183 704 1227 iubebit
725 1197 804 1228 eos
825 1183 1048 1235 abiurare,
1072 1190 1118 1226 et
1139 1182 1475 1238 particularem,
1501 1181 1547 1224 in
1570 1196 1704 1236 quam
1738 1181 1850 1237 lapsi

221 1269 350 1308 erant
381 1268 427 1304 et
454 1275 633 1304 omnem
662 1260 903 1314 haeresim,
927 1261 1050 1316 quod
1077 1269 1144 1303 sat
1177 1260 1261 1303 erit
1288 1259 1325 1302 si
1361 1260 1441 1302 fiat
1468 1259 1516 1301 in
1545 1257 1846 1308 consessione,

220 1346 459 1396 postquam
480 1353 564 1381 nos
586 1345 761 1380 tantum
783 1336 1066 1380 absoluimus
1087 1337 1134 1379 in
1157 1337 1256 1379 foro
1278 1336 1496 1381 interiori.

310 1415 657 1459 Admoneantur
678 1413 939 1456 confessarii
961 1422 1216 1456 nostrorum
1237 1414 1295 1457 de
1318 1414 1391 1457 his
1413 1415 1565 1466 rebus,
1592 1428 1708 1469 quae
1730 1413 1851 1456 dorni

222 1507 315 1536 non
334 1492 651 1543 obseruantur,
678 1491 749 1533 vel
769 1490 826 1533 de
842 1489 930 1534 illis
949 1489 1189 1533 instituant
1203 1490 1455 1547 peculiares
1471 1490 1853 1546 interrogationes

221 1576 268 1613 et
289 1570 400 1613 dent
421 1567 725 1624 poenitentias
746 1575 959 1611 secretas.
982 1566 1231 1624 Praecipue
1252 1582 1361 1612 vero
1383 1568 1713 1611 admoneantur
1738 1582 1852 1610 non-

223 1646 451 1689 nullorum
472 1646 756 1688 confessores
777 1645 835 1687 de
856 1643 1204 1700 particularibus
1226 1659 1381 1688 eorum
1404 1644 1678 1695 defectibus,
1705 1653 1751 1688 et
1782 1644 1849 1686 in-

226 1722 450 1779 telligant,
480 1736 584 1764 cum
613 1722 772 1778 regula
800 1721 951 1776 aliqua
978 1721 1150 1778 irrogat
1177 1721 1500 1778 poenitentiam
1534 1723 1592 1764 ob
1624 1723 1853 1765 defectum

223 1798 436 1854 aliquem,
455 1797 576 1841 illam
594 1799 783 1842 eandem
801 1805 974 1842 secrete
992 1798 1038 1840 in
1060 1798 1375 1843 sacramentali
1392 1798 1678 1843 confessione
1699 1798 1853 1841 iniun-

217 1876 271 1932 gi
293 1889 442 1931 posse,
467 1874 732 1931 praesertim
755 1875 792 1917 si
814 1890 905 1917 non
927 1883 1248 1931 compensetur
1281 1877 1414 1931 culpa
1442 1875 1712 1919 excellentia
1740 1890 1851 1918 con-

212 1951 436 2005 tritionis;
460 1959 510 1994 vt
532 1951 569 1994 si
603 1951 705 2006 quis
730 1952 922 1994 alterum
946 1952 1007 1994 ita
1036 1959 1261 2008 tangeret,
1286 1961 1335 1995 vt
1357 1959 1478 1996 esset
1500 1953 1650 2008 culpa,
1675 1962 1851 1996 secreta
1898 1979 1901 1982 >

223 2027 288 2071 illi
309 2028 546 2084 disciplina
569 2027 849 2084 iniungenda
870 2036 1006 2081 esset,
1032 2042 1166 2084 quam
1191 2030 1348 2085 regula
1377 2029 1566 2085 irrogat,
1593 2029 1679 2071 nisi
1709 2029 1850 2073 maio-

224 2119 324 2150 rem
345 2105 567 2148 iudicaret
588 2104 890 2148 confessarius
913 2104 1256 2162 iniungendam.
1285 2109 1290 2112 ”

312 2183 600 2237 Interrogent
622 2182 904 2224 confessores
921 2183 1300 2237 quemadmodum
1322 2183 1562 2239 proficiant
1580 2183 1698 2228 inter
1715 2199 1764 2227 se
1781 2186 1851 2227 vel

222 2258 361 2302 etiam
383 2262 469 2304 427
492 2257 590 2301 aliis
613 2258 784 2313 prosint
811 2260 968 2302 Patres
992 2267 1037 2302 et
1059 2259 1236 2311 fratres,
1261 2267 1398 2316 atque
1422 2262 1508 2303 hoc
1531 2261 1664 2305 etiam
1690 2269 1854 2316 agatur

225 2337 284 2380 de
301 2334 520 2392 probatis,
546 2335 624 2390 qui
645 2335 763 2379 inter
784 2350 833 2378 se
855 2332 1050 2390 colloqui
1074 2337 1236 2389 solent,
1262 2351 1347 2382 nec
1374 2339 1616 2380 attendunt
1649 2338 1746 2380 aliis
1774 2339 1853 2379 ad-

163 2434 168 2436 >
226 2412 439 2456 iuuandis
460 2426 544 2455 sua
565 2411 927 2456 conuersatione.

315 2491 604 2546 Interrogent
639 2489 774 2532 etiam
811 2491 1026 2546 legantne
1062 2490 1227 2533 librum
1265 2492 1477 2547 aliquem,
1510 2492 1585 2546 qui
1627 2492 1727 2533 illos
1766 2506 1854 2533 non

222 2566 431 2612 aedificet
451 2574 498 2610 et
517 2565 719 2610 adiuuet.

316 2643 514 2699 Quando
536 2644 714 2687 deesset
736 2658 808 2687 res
829 2644 976 2699 aliqua
1001 2645 1138 2697 domi,
1163 2653 1209 2688 et
1237 2647 1355 2689 facta
1388 2646 1676 2701 inquisitione
1706 2657 1750 2688 et
1779 2661 1852 2688 or-

224 2719 402 2763 dinaria
420 2719 657 2776 diligentia
685 2721 937 2766 nesciretur
963 2722 1065 2777 quis
1092 2723 1357 2779 accepisset,
1383 2724 1711 2765 admoneantur
1743 2737 1852 2766 con-

226 2797 438 2850 fessores,
461 2796 816 2854 vtvinterrogent
837 2813 1010 2852 omnes,
1036 2813 1226 2855 quorum
1250 2800 1559 2843 confessiones
1581 2799 1787 2851 audiunt,
1807 2800 1852 2842 in

226 2887 396 2929 genere
425 2888 484 2916 an
520 2874 778 2930 acceperint
813 2875 998 2930 aliquid.
1033 2877 1083 2919 Id
1114 2876 1151 2920 si
1182 2877 1502 2927 confiteantur,
1534 2883 1579 2918 et
1611 2876 1648 2918 si
1686 2890 1758 2918 res
1795 2876 1853 2919 sit

225 2949 470 3004 eiusmodi,
501 2958 549 2992 vt
576 2950 779 2994 iudicent
806 2966 963 2996 casum
991 2966 1091 2996 esse
1123 2961 1427 3004 reseruatum,
1454 2961 1501 2994 vt
1530 2952 1565 2994 si
1602 2952 1853 2995 iudicarent

226 3041 327 3071 esse
348 3027 536 3080 furtum,
560 3037 640 3071 aut
660 3029 1014 3085 vsurpationem,
1041 3036 1119 3072 aut
1136 3029 1541 3085 appropriationem
1561 3029 1750 3071 alicuius
1769 3029 1850 3080 rei,
