2098 3470
0 0 331 40 *vsa-vm«
492 0 547 4 -

2 40 5 42 q
33 29 37 34 .
52 22 85 46 ‘5'
118 23 124 26 ν
147 27 163 35 -,
202 23 230 34 »-
263 22 269 26 “
287 22 293 27 ·
362 39 363 43 Ἰ
403 35 406 38 ⁴

0 59 2 61 ,
24 47 42 62 ἢ·
63 48 66 50 ·
134 64 138 73 x
179 55 183 60 .

767 240 1201 279 Insrnuc‘nonns-61
1683 248 1752 286 577

167 343 267 388 eius
293 343 448 401 partis,
478 344 525 388 in
552 359 643 400 qua
670 344 772 401 quis
798 343 1117 388 commoratur:
1150 355 1204 386 ac
1232 356 1324 398 quo
1350 343 1484 388 modo
1509 343 1799 400 peculiariter

168 419 363 464 animam
384 435 530 465 meam
552 429 598 466 et
619 435 865 478 personam
881 421 1124 478 gubernet.

254 498 327 542 De
347 496 515 541 iudicio
536 498 768 554 peculiari,
793 510 884 553 quo
906 495 1234 552 vnusquisque,
1259 495 1337 552 qui
1358 511 1415 539 ex
1437 497 1523 538 hac
1542 496 1636 540 uita
1652 497 1800 542 disce-

168 574 252 628 dit,
275 574 502 618 iudicatur
522 576 595 618 vel
616 575 674 618 ad
695 581 936 632 perpetuas
956 573 1202 616 inferorum
1224 587 1414 629 poenas,
1438 574 1511 617 vel
1540 574 1598 616 ad
1628 588 1800 631 purga-

170 651 355 704 torium,
373 647 454 694 'vel
476 652 532 695 ad
554 651 693 695 vitam
716 651 1051 708 sempiternam.

225 756 227 758 -
258 729 330 772 De
357 728 526 772 iudicio
557 736 759 773 extremo
786 736 833 773 et
861 728 1099 779 vniuerso,
1139 741 1232 783 quo
1262 727 1588 771 iudicabuntur
1621 743 1795 773 omnes:

169 803 371 860 quidam,
401 805 591 859 scilicet,
619 806 677 849 ad
703 804 1032 850 beatitudinem
1058 803 1397 861 sempiternam,
1429 804 1613 860 quidam
1643 813 1660 830 ³
1689 820 1799 849 vero

170 882 228 925 ad
249 889 461 926 aeternos
482 882 731 926 inferorum
755 881 999 926 cruciatus.

258 960 329 1002 De
355 959 504 1002 tribus
530 959 629 1002 aliis
657 958 932 1011 nouissimis,
972 958 1202 1011 videlicet,
1241 959 1299 1002 de
1335 965 1502 1010 morte,
1542 958 1720 1003 inferno
1757 967 1803 1002 et

171 1035 400 1092 paradise.
916 1021 921 1025 ¹

153 1099 156 1102 ⁴
260 1117 343 1160 562
367 1114 580 1169 Quonam
602 1121 737 1169 pacto
758 1114 885 1156 Deus
901 1120 971 1157 est
988 1112 1033 1156 in
1051 1112 1264 1156 omnibus
1280 1113 1418 1157 rebus
1434 1127 1515 1169 per
1531 1113 1799 1170 potentiam,

172 1188 417 1234 oesentiam
440 1196 486 1232 et
513 1189 832 1246 praesentiam3
857 1196 903 1233 et
922 1190 1011 1233 hac
1032 1188 1397 1233 consideratione
1426 1204 1587 1233 omnes
1608 1197 1803 1245 possunt

174 1273 221 1310 et
246 1266 416 1310 debent
437 1267 636 1308 fructum
666 1275 712 1310 et
740 1266 979 1309 vtilitatem
999 1266 1249 1323 percipere,
1275 1258 1444 1323 magna
1464 1280 1569 1310 cum
1591 1281 1806 1311 reueren—

175 1341 237 1385 tia
259 1342 541 1387 maiestatem
563 1342 683 1386 illam
714 1343 916 1386 diuinam
944 1350 991 1388 et
1017 1343 1240 1386 infinitam
1273 1343 1360 1388 Dei
1388 1344 1727 1401 omnipotentis,
1760 1345 1805 1387 in

175 1419 309 1476 cujus
330 1426 577 1476 conspectu
600 1419 755 1464 omnia
776 1427 929 1463 nostra
951 1419 1048 1464 fieri
1069 1420 1254 1473 debent,
1279 1421 1644 1477 contemplando.

0 1545 6 1559 ,
263 1498 335 1541 De
355 1496 450 1539 vita
476 1504 523 1540 et
550 1496 907 1553 perfectionibus
934 1497 1265 1542 sacratissimae
1298 1496 1486 1554 virginis
1514 1498 1684 1542 Mariae
1713 1513 1806 1542 ma-

123 1609 126 1611 *
177 1573 259 1617 tris
279 1573 382 1617 Dei.
1213 1569 1219 1576 ·

0 1603 13 1673 k
222 1688 224 1690 .
264 1651 336 1695 De
356 1650 463 1695 vitis
484 1658 760 1694 sanctorum.

265 1728 337 1772 De
357 1727 585 1783 mysteriis
606 1735 651 1772 et
675 1727 817 1780 festis,
843 1727 1027 1783 quaein
1053 1728 1245 1772 ecclesia
1274 1729 1413 1772 totius
1441 1729 1550 1773 anni
1578 1730 1804 1774 curriculo

176 1803 482 1858 celebrantur3
508 1804 689 1859 quando
718 1818 825 1847 vero
848 1805 1012 1857 festum
1035 1820 1129 1848 non
1157 1805 1259 1860 erit,
1293 1808 1618 1851 recurrendum
1651 1808 1708 1850 ad
1735 1822 1807 1851 ar-

177 1887 400 1936 gumenta
419 1881 640 1938 quaedam
664 1881 922 1926 communia
943 1882 1302 1927 meditationum.

267 1958 336 2001 De
358 1957 625 2000 hierarchiis
647 1966 693 2002 et
714 1957 950 2001 ordinibus
971 1959 1261 2015 angelorum.

266 2035 338 2078 De
359 2033 611 2078 hierarchia
633 2034 867 2078 ecclesiae.

266 2112 336 2155 De
357 2110 713 2166 perfectionibus
734 2111 918 2154 diuinis.

266 2187 337 2230 De
358 2187 698 2243 operationibus
719 2187 805 2231 Dei
828 2188 1161 2233 essentialibus.

246 2291 249 2293 >
266 2267 350 2310 563
370 2265 441 2308 De
464 2263 605 2307 totius
622 2264 827 2310 vniuersi
841 2265 1088 2318 creatione,
1107 2265 1588 2324 administrationeque
1604 2268 1805 2312 omnium

178 2354 330 2384 rerum
353 2348 457 2384 ante
478 2348 525 2384 et
545 2348 647 2397 post
669 2340 1026 2386 incarnationem
1050 2342 1150 2385 Filii
1171 2343 1275 2389 Dei.

266 2418 337 2460 De
359 2417 620 2473 operatione
641 2417 838 2472 denique
860 2418 947 2463 Dei
969 2434 1072 2462 curn
1094 2418 1306 2464 omnibus
1328 2423 1484 2468 rebus.

266 2495 338 2539 De
359 2494 538 2538 miseria
559 2502 861 2550 peccatorum.

268 2573 340 2616 De
362 2571 579 2627 periculo,
604 2571 650 2613 in
674 2585 764 2627 quo
782 2553 856 2615 est
877 2582 1107 2628 peccator.

267 2649 340 2692 De
362 2647 567 2692 uanitate
587 2648 763 2691 mundi.

269 2726 340 2768 De
359 2724 616 2782 perditione
638 2732 708 2768 tot
730 2725 999 2769 animarum.

269 2804 342 2846 De
364 2800 661 2858 permissione
684 2802 771 2847 Dei
793 2802 839 2846 in
862 2804 989 2860 lapsu
1020 2812 1066 2848 et
1093 2805 1347 2861 perditione
1377 2815 1443 2849 tot
1471 2807 1738 2862 angelorum
1761 2808 1814 2863 [et

180 2879 436 2922 hominum.

253 3055 272 3074 τι
320 3044 482 3091 quidem
501 3056 578 3081 ms.

362 3108 476 3138 Εηετ.
497 3108 534 3138 Ρ.
557 3109 693 3146 Naxon..
712 3118 786 3140 rou.
808 3111 872 3140 lV.
1598 3114 1634 3142 38
