2098 3470
802 289 987 346 Ναὶ-πω
1012 310 1204 340 comeum
1724 313 1773 350 77

179 409 395 460 signantur
417 409 672 460 paragraphi.
698 407 754 459 3.⁰
775 407 821 452 In
841 406 923 454 ino,
942 412 1038 456 post
1056 417 1119 452 ea,
1140 417 1247 454 quae
1275 406 1341 443 hie
1370 405 1572 444 habentur
1590 413 1676 445 tum
1698 408 1821 446 latino

18 466 22 473 ’
179 484 269 521 tum
287 481 500 530 hispanico
519 491 720 526 sermone,
745 483 973 527 sequuntur
989 477 1069 516 alia
1087 477 1141 515 de
1169 477 1375 514 exercitiis
1400 477 1660 525 documenta,
1690 479 1821 517 italica

182 550 334 602 lingua,
354 563 461 600 quae
487 550 655 600 quidem
673 550 739 588 hic
757 561 842 588 non
864 548 1081 616 {nabentun
1099 546 1158 596 4⁰
1179 547 1225 585 In
1244 547 1325 594 illo,
1346 560 1430 594 non
1454 554 1611 586 tantum
1631 550 1670 586 in
1690 551 1820 598 primo

9 663 19 670 ,
118 640 121 646 f
181 614 313 669 titulo,
332 627 496 660 notatur
513 627 656 660 auctor
674 622 821 659 horum
838 619 1191 666 documentorum,
1206 619 1363 657 scilicet
1382 619 1574 669 Ignatius,
1595 625 1636 657 et
1654 621 1821 668 quidem

10 683 14 686 ⁷
54 687 59 689 ⁷
99 704 101 708 ·
167 705 307 744 runnu
324 693 492 740 Namli33
512 693 587 731 sed
605 693 755 731 eadem
771 703 897 730 manu
914 692 1080 729 iteratur
1105 695 1204 728 nota
1227 691 1343 748 «13⁵»
1368 691 1421 728 ad
1454 692 1677 741 marginem
1702 694 1821 730 trium

19 781 36 797 ·,
55 764 58 765 ⁷
113 799 116 802 .
180 764 389 803 titulorum
409 765 530 814 hujus
547 763 796 811 documenti,
815 763 927 803 unde
945 762 1067 800 nobis
1087 767 1250 800 constat
1267 767 1398 800 totum
1415 762 1555 800 deberi
1571 763 1646 809 ipsi
1668 765 1820 802 auctori

175 835 305 875 'libelli
323 837 623 875 exercitiorum.
654 835 720 873 An
739 840 878 873 autem
907 846 1003 884 pars
1022 835 1157 872 italice
1185 834 1349 882 scripta,
1383 845 1489 881 quae
1516 835 1588 871 vix
1614 834 1821 872 dimidiam

181 912 360 957 occupat
376 907 589 957 pagellam,
608 906 676 944 fol.
696 915 807 956 270r,
826 906 947 944 etiam
967 905 1185 943 tribuenda
1204 905 1255 942 sit
1274 904 1313 943 S.
1334 905 1507 955 Ignatio,
1541 906 1634 943 lieet
1662 906 1716 943 ibi
1737 918 1818 944 non

170 982 407 1024 annotetur,
429 990 523 1017 cum
555 977 701 1016 eadem
718 989 842 1015 manu
869 981 911 1014 et
928 977 1122 1015 continua
1141 981 1336 1024 sequatur
1352 978 1551 1023 tractatio,
1578 977 1816 1015 affirmative

115 1079 122 1084 .
178 1045 515 1100 respondendum
533 1049 750 1096 credimus,
768 1059 820 1086 eo
838 1049 951 1097 quod
984 1034 1097 1086 initio
1129 1048 1258 1085 ultimi
1290 1047 1406 1094 tituli,
1432 1048 1497 1085 ina
1517 1054 1614 1086 nota
1653 1049 1773 1086 «Lus»
1796 1061 1820 1086 a

180 1120 315 1160 Natali
331 1111 670 1171 apposita'fuerit,
690 1120 825 1169 prouti
841 1131 974 1168 nuper
987 1119 1142 1157 dictum
1161 1124 1236 1156 est.

260 1184 412 1231 Ex'his
435 1191 603 1242 colliges
627 1191 764 1241 magni
790 1190 1064 1229 aestimandas
1091 1201 1183 1228 esse
1211 1191 1286 1228 has
1315 1191 1616 1237 annotationes,
1647 1196 1687 1228 et
1715 1192 1820 1228 inter

69 1286 77 1291 ‹
129 1292 134 1296 -
181 1264 314 1302 sancti
329 1263 570 1301 institutoris
594 1262 808 1301 Societatis
833 1263 981 1310 scripta
999 1261 1288 1307 recensendas;
1307 1261 1402 1298 lieet
1420 1262 1526 1298 enim
1547 1262 1599 1299 ab
1621 1262 1699 1299 alio
1719 1273 1820 1299 exa-

181 1339 269 1381 rata
286 1334 449 1382 fuerint,
470 1333 698 1373 substantia
721 1333 1064 1386 documentorum
1089 1332 1249 1383 Ignatio
1275 1338 1338 1370 est
1363 1333 1638 1371 adcensenda.
1665 1334 1824 1371 Primus

179 1403 462 1456 igiturtitulus
478 1406 557 1443 inc.
583 1404 731 1454 ‹Quod
749 1404 803 1442 ad
829 1404 1015 1442 ordinem
1042 1405 1197 1451 attinet,
1226 1409 1319 1442 ante
1348 1405 1483 1441 omnia
1510 1404 1820 1442 fundamentum

181 1482 498 1527 proponatur...»
528 1476 626 1515 Des.
657 1476 928 1514 «famulorum
958 1458 1185 1513 ministerio
1217 1475 1364 1513 confici
1398 1476 1569 1514 solent.»
1605 1475 1822 1513 Secundus

180 1541 321 1587 titulus'
346 1554 420 1587 est:
452 1548 704 1586 «Directorio
731 1547 785 1585 de
812 1548 875 1586 los
899 1548 1130 1594 exercicios
1156 1547 1208 1584 de
1234 1547 1272 1584 la
1292 1547 1477 1597 segunda
1503 1559 1706 1585 semana.»
1736 1548 1818 1585 Ine.

159 1646 163 1649 Α
184 1619 295 1658 «Los
313 1631 395 1668 que
414 1631 466 1658 en
486 1619 524 1657 la
542 1619 672 1668 prima
691 1630 858 1656 semana
876 1631 931 1656 no
950 1615 1265 1656 mostrassen...»
1287 1619 1386 1656 Des.
1409 1634 1471 1656 «...
1492 1619 1554 1656 los
1575 1625 1751 1667 punctos
1768 1631 1818 1656 en

184 1691 333 1730 escrito
358 1692 679 1730 succintamente
704 1695 909 1740 puestos.›
939 1678 1104 1728 Tertius
1128 1690 1280 1728 titulus:
1315 1689 1563 1728 ‹Direetorio
1593 1701 1737 1727 aeerea
1765 1690 1818 1727 de

163 1780 170 1815 2
180 1761 256 1801 las·
275 1762 535 1801 electiones.»
570 1762 653 1800 Ine.
684 1762 1027 1800 «Primeramente
1054 1773 1099 1799 se
1127 1761 1234 1799 deue
1259 1762 1410 1799 insistit
1434 1773 1515 1809 que
1541 1762 1654 1799 entre
1683 1773 1733 1798 en
1760 1761 1822 1799 las

43 1830 85 1867 ’;-”
115 1870 119 1871 7
181 1832 475 1872 electiones...»
495 1833 594 1872 Des.
619 1850 678 1872 «ι...
699 1834 725 1871 ὁ
743 1833 870 1871 modo
890 1834 943 1871 de
962 1833 1078 1880 uiuir‚
1098 1846 1124 1883 y
1143 1837 1227 1870 assi
1244 1845 1350 1882 uaya
1369 1833 1685 1870 discurriendo.»
1711 1833 1819 1870 Nota

180 1905 348 1944 tertium
378 1906 488 1944 hunc
519 1905 693 1952 titulum,
721 1910 763 1942 et
788 1905 1038 1943 documenta
1067 1905 1144 1942 sub
1177 1905 1279 1954 ipso.
1296 1910 1501 1950 contenta,
1532 1916 1622 1941 esse
1652 1905 1819 1941 omnino

128 1976 131 1977 ⁷
178 1976 342 2024 eadem,
361 1977 528 2025 quaein
554 1977 634 2015 hoe
655 1977 812 2023 codice,
838 1977 879 2014 ff.
907 1986 1147 2026 233v-234r,
1172 1976 1318 2014 eadem
1343 1988 1466 2013 manu
1493 1977 1640 2024 scripta
1661 1975 1817 2013 haben-

126 2046 131 2054 ⁴
178 2053 258 2086 tur.
283 2046 406 2086 Unde·
431 2049 552 2097 hujus
577 2049 829 2086 monumenti
854 2048 1005 2096 triplex
1030 2039 1169 2086 exstat
1194 2048 1443 2096 exemplum,
1470 2059 1643 2095 quorum
1663 2047 1747 2084 duo
1777 2047 1816 2083 in

181 2120 263 2158 hoc
281 2119 439 2166 codice,
459 2125 500 2157 et
517 2120 680 2181 tertium
698 2120 739 2157 in
759 2119 851 2157 cod.
877 2118 1047 2157 Collecta
1060 2125 1136 2169 per
1155 2118 1207 2156 P.
1228 2117 1428 2163 Natalem,
1450 2118 1542 2155 loeo
1564 2118 1697 2155 citato.
1731 2117 1814 2154 Fo—

180 2190 236 2230 lia
255 2200 448 2241 237-239,
466 2202 596 2229 vacua
616 2196 722 2229 sunt.

246 2246 351 2300 'Fo‘L
387 2271 626 2310 240r-241v,
663 2261 748 2299 «De
780 2261 904 2300 rebus
936 2260 1246 2310 particularibus
1278 2261 1514 2309 prouinciae
1547 2261 1817 2310 Portugaliae,

70 2334 103 2367 ὲ
139 2324 150 2368 Ᾰῖ
179 2345 290 2383 quae
307 2345 332 2372 a
352 2333 586 2383 praeposito
605 2333 784 2384 generali
803 2333 842 2371 in
861 2333 1018 2382 priuata
1037 2333 1356 2382 congregatione
1377 2332 1538 2369 suerunt
1557 2333 1809 2370 constituta.

151 2396 154 2397 ⁷
176 2387 303 2444 *Plura
331 2405 465 2454 capita
490 2405 545 2442 ibi
573 2409 955 2450 commemorantur,
983 2412 1007 2441 a·
1035 2403 1213 2454 generali
1241 2405 1474 2452 praeposito
1504 2405 1732 2447 constituta,
1763 2403 1815 2439 de

71 2466 82 2509 -Ῑ
145 2509 147 2511 ,
180 2476 487 2518 conditionibus
501 2476 599 2526 regii
615 2476 774 2525 collegii
790 2475 1135 2521 conimbricensis,
1150 2475 1203 2512 de
1217 2475 1447 2512 visitatione
1463 2481 1503 2512 et
1515 2475 1815 2520 reformatione,

134 2565 157 2571 ··
181 2556 307 2597 quam
330 2558 407 2586 rex
431 2547 715 2594 meditabatur,
734 2547 787 2584 de
812 2546 1138 2584 examinatorum
1158 2545 1370 2591 electione,
1391 2546 1443 2582 de
1463 2545 1675 2582 Societatis
1696 2545 1811 2581 iuris-

155 2635 158 2638 *
182 2618 363 2657 dictione
386 2618 554 2664 tuenda,
580 2618 632 2655 de
658 2618 816 2655 statutis
836 2617 1120 2662 universitatis,
1140 2617 1192 2653 de
1220 2616 1409 2654 eborensi
1434 2616 1641 2653 academia
1669 2615 1812 2651 admit-

179 2689 318 2737 tenda,
337 2694 415 2728 ete.
434 2689 581 2727 Manus
600 2680 664 2726 est
681 2689 839 2735 eadem,
859 2699 964 2736 quae
981 2687 1268 2736 praecedentia
1282 2688 1527 2724 documenta
1543 2687 1594 2723 de
1611 2687 1816 2722 exercitiis

175 2761 354 2810 scripsit.
374 2761 459 2799 Ine.
482 2761 706 2809 «Imprimis
742 2770 785 2809 13
813 2759 880 2796 die
906 2759 1080 2809 Augusti
1106 2764 1242 2796 actum
1268 2759 1340 2796 fuit
1366 2759 1417 2794 de
1445 2756 1807 2795 conditionibus...»

182 2831 281 2872 DeS.
306 2849 365 2870 «τ...
386 2831 553 2880 quando
573 2843 618 2868 se
636 2831 806 2879 pudiere
825 2830 1218 2868 commodamente.»

261 2903 347 2942 Fol.
376 2912 614 2951 242r-247v,
641 2901 1040 2939 «Deterrninaeiones
1069 2900 1122 2937 de
1147 2900 1209 2937 los
1234 2900 1390 2937 studios
1417 2899 1467 2935 de
1495 2887 1642 2943 Ebora,
1669 2910 1749 2946 que
1775 2898 1812 2935 el

116 2968 163 3011 ⁷22
178 2972 313 3012 'Padre
341 2978 507 3010 nuestro
536 2972 668 3010 Nadal
694 2972 801 3009 dio.»
831 2972 891 3008 Ea
910 2971 1020 3008 edita
1039 2970 1167 3008 habes
1187 2971 1290 3007 inter
1311 2976 1482 3015 caetera,
1502 2969 1554 3005 de
1575 2969 1718 3006 studiis
1739 2969 1812 3006 So-

176 3044 352 3091 cientis,
380 3045 421 3081 in
450 3042 629 3082 Monam.
657 3043 848 3091 Paedag„
877 3053 970 3091 pag.
999 3043 1091 3088 684.
1120 3042 1266 3079 Manus
1293 3041 1449 3085 eadem,
1471 3051 1575 3087 quae
1606 3041 1812 3087 superiora

179 3114 355 3164 scripsit,
374 3126 397 3152 a
425 3114 494 3152 fol.
523 3123 612 3161 230.
639 3114 723 3152 Ine.
751 3113 895 3151 «Basta
921 3114 1001 3150 seis
1028 3115 1129 3150 anos
1154 3124 1250 3161 para
1278 3124 1360 3149 uno
1388 3123 1431 3147 se
1458 3112 1576 3147 hazer
1602 3111 1810 3147 doctor...»

75 3175 105 3198 εὶ
