2098 3470
336 232 406 275 560
809 234 963 271 PATms
989 235 1232 291 Hmnonyffl
1259 236 1409 274 NADAL

406 297 418 316 ι
1045 292 1049 297 .

376 333 424 377 Si
449 334 526 388 qui
548 334 709 378 leuiter
732 336 847 379 male
871 337 1084 388 habeant,
1111 351 1194 381 nec
1226 337 1432 381 videatur
1455 341 1748 384 aduocandus
1776 343 1916 387 medi-

285 423 383 461 cus,
409 412 791 465 quemadmodum
822 412 852 454 ii
875 414 1094 456 tractandi
1118 414 1208 456 sint
1230 416 1539 459 consulendus
1561 420 1699 462 semel
1722 426 1806 474 est;
1833 434 1917 462 no·

286 485 486 529 minatim
511 503 617 532 vero
639 496 790 532 Vtrum
813 489 933 533 dieta
954 490 1041 532 illis
1069 490 1125 532 sit
1149 492 1343 535 tenenda
1373 500 1418 534 et
1447 507 1684 548 quaenam:
1717 510 1825 538 num
1858 496 1916 540 sit

283 563 404 607 Vtilis
428 565 596 617 futura,
621 580 756 622 quam
779 567 937 610 dicunt
959 567 1058 609 Itali
1081 569 1351 622 panatellam
1376 570 1532 625 vulgo,
1558 578 1604 614 et
1624 571 1675 613 fit
1697 586 1753 615 ex
1783 573 1914 628 panis

285 641 438 684 frustis
460 650 478 666 a
500 642 547 684 in
570 642 667 686 iure
688 643 909 696 carnium,
930 645 1001 688 vel
1026 644 1070 687 in
1088 658 1204 699 aqua
1226 646 1326 689 oleo
1349 654 1393 690 et
1411 647 1909 702 sale-paulatimcoctis:
1964 687 1968 691 .

281 725 350 762 est
372 718 492 761 enim
521 727 802 775 compertum
826 722 944 764 hanc
978 721 1208 776 prodesse,
1241 728 1286 765 et
1314 722 1671 766 dissimulatione
1699 724 1717 748 ¹³
1746 725 1911 782 alioqui

280 794 403 851 abigi
426 810 559 851 posse
581 795 784 840 infirmae
806 797 1079 840 valetudinis
1101 812 1263 841 vanam
1288 798 1564 854 opinionem.

369 871 623 928 Diligenter
644 881 861 918 curentur
884 874 1047 916 infirmi
1070 874 1231 926 nostri,
1257 882 1303 917 ct
1326 876 1468 918 multo
1489 876 1753 932 diligentius
1775 892 1908 933 quam

277 950 473 992 antehac
496 947 713 1004 vnquam,
733 950 771 993 si
789 951 904 994 sorte
922 950 979 992 sit
1002 950 1171 1006 aliquid
1189 952 1467 1007 neglectum3
1489 953 1758 997 adhibeatur
1774 953 1909 998 etiam

277 1040 429 1081 opera,
455 1027 664 1069 consulto
687 1027 879 1079 medico,
904 1032 973 1073 521
997 1027 1034 1070 si
1058 1042 1147 1082 qua
1175 1028 1348 1072 ratione
1382 1028 1478 1071 fieri
1500 1029 1660 1084 possit,
1685 1038 1734 1072 vt
1757 1031 1908 1086 proui-

275 1103 434 1145 deatur
456 1117 508 1146 ac
530 1112 856 1159 praecaueatur
878 1104 1118 1160 diligenter
1140 1119 1199 1148 ne
1220 1104 1489 1161 sanguinem
1508 1106 1649 1149 nostri
1672 1115 1903 1161 euomant‚

274 1193 326 1222 ac
349 1195 406 1223 ne
428 1179 474 1222 in
502 1180 686 1236 pthisim
714 1180 915 1231 incidant
944 1182 1015 1224 vel
1044 1181 1245 1225 dolorem
1274 1181 1435 1237 capitis
1465 1183 1536 1225 vel
1569 1183 1805 1236 stomachi,
1835 1185 1908 1229 vel

275 1255 320 1298 in
345 1257 663 1300 melancholias
684 1257 783 1302 siue
806 1257 1056 1310 tristiciam;
1083 1257 1130 1299 hi
1153 1258 1274 1319 enim
1292 1258 1437 1300 morbi
1455 1258 1622 1301 nostris
1638 1260 1787 1303 solent
1808 1274 1907 1304 esse

275 1333 444 1378 infesti.

361 1411 510 1455 Curae
532 1426 641 1456 vero
669 1411 950 1455 infirmorum
980 1419 1026 1454 et
1054 1411 1301 1455 infirmario
1331 1411 1416 1468 ipsi
1445 1413 1790 1468 superintendat
1820 1413 1903 1456 rni-

272 1487 429 1541 nister,
455 1495 500 1532 et
523 1494 633 1531 tunc
657 1488 866 1540 maxime,
899 1488 975 1531 vbi
1004 1503 1094 1530 non
1126 1496 1194 1532 est
1222 1487 1385 1543 aliquis
1418 1490 1674 1544 praefectus
1701 1490 1903 1533 infirmo-

271 1579 387 1607 rum.
413 1565 646 1622 Singulari
667 1565 802 1609 etiam
827 1565 1108 1622 studio-agat
1131 1572 1279 1609 rector
1300 1572 1349 1608 vt
1371 1579 1481 1609 cura
1509 1568 1621 1610 haec
1644 1581 1777 1610 suum
1805 1582 1902 1610 sor-

272 1640 411 1684 tiatur
433 1643 663 1686 effectum.

359 1718 547 1772 Infirmi,
573 1719 650 1775 qui
678 1733 772 1771 eos,
808 1719 884 1774 qui
918 1733 1022 1761 cum
1055 1718 1162 1775 ipsis
1195 1726 1356 1775 agunt,
1393 1733 1483 1762 non
1515 1719 1771 1772 aedificant,
1804 1735 1901 1763 mo-

268 1805 462 1839 neantur
493 1810 597 1839 cum
629 1796 864 1848 charitate,
890 1803 939 1838 vt
971 1796 1063 1838 sint
1095 1795 1289 1840 modesti
1321 1803 1366 1839 et
1395 1795 1686 1849 aedificatiui3
1719 1797 1839 1853 quod
1861 1798 1898 1840 si

267 1888 359 1916 non
391 1873 597 1926 fecerint,
623 1881 848 1928 seponant
877 1873 977 1915 illos
1006 1872 1052 1915 in
1077 1887 1215 1916 vnum
1245 1872 1524 1925 cubiculum,
1555 1882 1600 1916 et
1631 1888 1726 1916 non
1756 1873 1899 1916 intro-

267 1950 448 1993 mittant
481 1951 539 1993 ad
571 1964 648 1993 eos
681 1949 767 1992 nisi
794 1951 1052 2005 deputatos,
1078 1949 1155 2004 qui
1186 1949 1286 1991 illos
1309 1948 1468 1993 iuuare
1490 1949 1682 2004 possint,
1708 1965 1794 1993 nec
1815 1950 1898 2007 ipsi

267 2028 572 2071 offendantur.
601 2028 657 2070 Et
679 2026 717 2070 si
739 2041 796 2069 ne
819 2027 905 2069 hoc
928 2026 1174 2078 suffecerit,
1201 2040 1255 2069 ea
1276 2034 1345 2070 est
1375 2026 1595 2069 seueritas
1622 2026 1894 2080 adhibenda,

265 2119 382 2160 quae
405 2105 583 2148 illorum
608 2103 784 2160 spiritui
818 2103 975 2159 prosit,
1011 2102 1189 2146 etiamsi
1221 2102 1396 2159 corpori
1430 2102 1663 2147 timeretur
1693 2103 1896 2146 nonnihil

236 2233 237 2236 Ἴ
263 2181 490 2225 nocitura.

352 2264 437 2306 522
470 2259 669 2301 Curetur
690 2257 843 2312 itaque
867 2256 1074 2301 suauiter
1096 2264 1141 2300 et
1164 2256 1422 2308 efficaciter,
1455 2263 1503 2299 vt
1525 2255 1689 2298 infirmi
1712 2263 1894 2299 seruent

263 2337 468 2393 regulam
492 2333 711 2378 examinis
733 2341 779 2377 et
803 2342 885 2388 3.δῦ
915 2333 1054 2390 partis
1083 2332 1478 2385 constitutionum,
1509 2332 1554 2375 id
1572 2340 1660 2384 est,
1685 2339 1734 2374 vt
1765 2332 1893 2376 debi-

261 2421 351 2456 tam
391 2420 575 2456 seruent
608 2410 976 2463 submissionem,
1012 2409 1334 2461 obedientiam,
1369 2424 1422 2452 ac
1453 2411 1617 2452 bonam
1650 2409 1893 2465 praebeant

259 2490 635 2534 aedificationem.
677 2489 954 2532 Consulatur
993 2495 1146 2531 autem
1180 2486 1384 2531 medicus
1418 2485 1695 2530 familiariter
1725 2485 1770 2527 in
1803 2486 1891 2528 hoc

258 2575 446 2612 euentu.

348 2644 734 2688 Conualescentes
776 2649 821 2686 et
863 2641 1034 2685 debiles
1085 2646 1337 2684 tractentur
1386 2639 1512 2683 iuxta
1559 2638 1888 2682 ordinationem

257 2721 434 2765 medici.

345 2798 482 2842 Nulla
504 2810 799 2854 personarum
822 2794 1028 2850 exceptio
1059 2793 1106 2836 in
1129 2794 1230 2836 cibo
1253 2799 1298 2837 et
1319 2799 1429 2849 potu
1451 2792 1545 2843 fiat,
1571 2791 1656 2834 nisi
1671 2805 1751 2848 per
1767 2791 1887 2835 ordi-

256 2875 485 2918 nationem
509 2873 687 2917 medici.
715 2874 871 2927 Itaque
895 2872 1046 2914 nullus
1075 2870 1275 2926 potiatur
1297 2868 1553 2926 priuilegio,
1584 2867 1721 2911 officii
1748 2867 1886 2912 alicu-

321 3054 339 3070 a
381 3041 556 3089 frustris
575 3052 646 3078 ms.
697 3040 763 3067 —b
789 3038 1129 3074 dissimulationes
1148 3047 1224 3072 ms.
