2098 3470
0 2061 17 2300 w·3····w⁷--⁷-·-
0 1999 2 2029 ’⁴
0 1965 13 1973 J

758 244 1200 290 summasunmna—25
1680 247 1752 284 863

156 356 312 392 'tamen
334 347 422 391 ista
442 347 489 390 in
510 346 796 391 humanitate
817 353 941 398 sunt,
968 360 1062 389 non
1084 345 1131 389 in
1153 346 1338 398 deitate,
1364 361 1480 402 quae
1501 348 1797 394 immutabilis

158 439 340 482 semper
372 431 609 482 permanet
645 431 785 479 atque
816 424 976 468 eadem
1007 422 1231 479 ipsissima
1263 423 1309 466 in
1341 432 1592 470 aeternum.
1630 429 1797 470 Parum

162 510 312 547 tamen
340 503 455 546 haec
486 500 675 544 forsitan
704 499 961 552 miraberis,
985 501 1109 555 quod
1137 501 1195 542 ad
1227 501 1492 556 mysterium
1521 502 1799 548 incarnatio-—

160 578 231 622 nis
251 578 392 624 Verbi
414 578 654 630 attineant,
679 577 726 620 in
748 591 840 633 quo
862 578 979 621 haec
1000 590 1240 621 necessum
1263 585 1332 622 est
1353 588 1399 621 et
1421 580 1607 624 credere
1622 587 1669 623 et
1685 595 1795 624 con-

160 656 294 701 fiteri.
323 657 396 701 De
422 656 578 699 labore
610 655 752 712 igitur
782 654 871 699 Dei
902 654 1148 699 dicendum
1181 668 1357 709 censes,
1391 657 1588 712 seposita
1620 657 1798 701 interim

160 732 486 776 incarnatione.
521 732 665 776 Cedo:
699 731 824 776 istud
853 746 1064 788 agamus.
1101 731 1195 776 Sed
1218 739 1368 775 tamen
1390 732 1569 777 interim
1591 749 1681 790 ego
1712 736 1800 778 hoc

158 823 254 853 non
274 810 500 862 concedo,
515 816 565 852 vt
581 808 765 865 sejungi
782 823 961 865 semper
975 807 1119 865 possit
1134 809 1263 851 dolor
1278 814 1349 855 231
1369 810 1469 862 Dei,
1492 811 1562 855 vel
1579 812 1637 854 ab
1653 811 1800 856 incar·

160 887 359 939 natione,
395 887 468 929 vel
498 901 526 930 a
557 886 661 939 X.⁰;
697 886 822 942 quod
851 892 1094 942 propterea
1131 894 1177 930 te
1206 901 1497 942 praemoneo,
1524 903 1596 939 ne,
1618 888 1694 930 vbi
1727 888 1802 931 illa

154 964 409 1016 adduxero,
441 963 648 1007 clamites
675 964 805 1020 leges
832 978 906 1007 me
932 961 1253 1019 disputationis
1276 963 1511 1020 negligere
1532 979 1585 1008 ac
1609 979 1801 1021 praeua—

166 1040 315 1099 ricari.
341 1039 344 1042 ⁴

249 1117 374 1161 Audi
387 1116 557 1174 'igitur.
590 1116 923 1163 Poenitentiam
949 1116 1048 1173 agit
1069 1118 1212 1170 Deus,
1247 1117 1386 1169 dolet,
1412 1119 1602 1172 laborat,
1633 1119 1796 1174 gemit,

158 1193 474 1240 contristatur.
502 1193 707 1250 Simplici
737 1201 874 1250 atque
901 1193 1063 1237 humili
1090 1194 1474 1250 contemplatione
1495 1195 1581 1239 ista
1601 1197 1803 1252 comple·

129 1316 132 1318 ,
159 1276 354 1323 ctamur,
373 1285 427 1315 ac
450 1271 589 1316 corde
611 1271 937 1328 intelligamus,
957 1285 1094 1327 quam
1116 1270 1464 1327 intelligentiam
1482 1274 1628 1329 Xpus.
1650 1273 1802 1329 requi-

162 1346 235 1390 rit.
265 1348 371 1391 Hoc
398 1346 584 1392 senties:
616 1347 887 1403 scripturam
920 1347 968 1390 in
1000 1347 1295 1404 poenitentia,
1322 1348 1493 1400 dolore,
1519 1349 1714 1404 gemitu,
1756 1350 1803 1393 in

156 1424 503 1468 contristatione
525 1424 628 1478 Dei,
651 1425 885 1482 porrigere
906 1432 1046 1480 atque
1066 1425 1276 1482 ingerere
1298 1425 1344 1467 in
1374 1415 1453 1468 cor
1482 1434 1612 1468 tuum
1642 1426 1804 1470 intrin-

158 1515 294 1546 secus
312 1501 652 1558 poenitentiam,
672 1501 890 1555 dolorem,
903 1502 1121 1554 laborem,
1136 1502 1376 1558 gemitum,
1391 1503 1800 1557 contristationem3

161 1577 223 1622 ita
249 1578 371 1623 enim
398 1577 601 1634 loquitur
628 1579 686 1623 de
713 1579 816 1623 Deo
846 1578 1086 1636 scriptura,
1117 1587 1166 1622 vt
1195 1594 1313 1635 quae
1343 1579 1443 1622 illos
1472 1579 1518 1622 in
1546 1581 1553 1638 Ι
1582 1580 1712 1624 nobis
1740 1582 1806 1624 af-

160 1657 308 1699 fectus
329 1664 517 1713 quaerat
538 1670 591 1699 ac
612 1663 895 1712 promoueat,
919 1656 999 1712 qui
1019 1656 1068 1700 in
1089 1658 1240 1700 Deum
1262 1657 1461 1701 incidere
1480 1672 1574 1701 non
1593 1666 1801 1714 possunt.

163 1734 219 1777 Et
238 1733 330 1776 hoc
351 1732 552 1788 quidem,
578 1734 700 1789 quod
721 1733 768 1776 in
790 1733 924 1777 nobis
946 1733 1171 1790 scriptura
1191 1734 1376 1786 excitat,
1403 1750 1495 1778 non
1518 1734 1702 1778 nomina
1730 1749 1806 1778 so·

161 1809 256 1853 lum
275 1809 375 1866 ipsa
395 1811 660 1863 ostendunt,
686 1811 768 1855 sed
790 1810 935 1855 virtus
956 1810 1060 1864 Dei,
1091 1811 1221 1867 quasi
1250 1811 1577 1868 poenitentiam
1609 1812 1806 1868 agentis,

160 1885 370 1939 dolentis,
393 1886 659 1939 laborantis,
680 1886 907 1943 gementis
928 1901 982 1930 ac
1004 1887 1274 1939 contristati,
1298 1888 1615 1931 vehementius
1633 1889 1690 1931 ad
1709 1888 1810 1930 illos

156 1963 351 2007 >affectus
371 1970 544 2015 exerta,
569 1971 728 2007 contra
743 1978 880 2019 quam
895 1964 983 2007 sibi
999 1964 1217 2020 placeret,
1237 1972 1283 2009 et
1301 1973 1460 2008 contra
1479 1979 1615 2020 quam
1636 1964 1809 2008 voluis-

160 2047 248 2083 set.
274 2039 396 2084 Hinc
416 2039 559 2097 igitur
580 2055 761 2084 rursum
783 2042 1090 2097 contemplare
1112 2043 1263 2085 Deum
1291 2043 1591 2085 laborantem:
1623 2041 1729 2086 vide
1759 2056 1811 2085 ac

162 2124 300 2173 gusta
326 2118 709 2173 quemadmodum
739 2125 784 2163 te
811 2117 970 2162 incitat
996 2119 1055 2162 ad
1081 2119 1283 2164 dolorem
1314 2134 1367 2162 ac
1391 2120 1581 2175 proinde
1604 2119 1661 2162 ad
1683 2133 1809 2161 amo-

162 2207 258 2236 rem
277 2193 554 2238 dulcissime.
579 2195 842 2247 Caeterum,
866 2195 904 2238 si
926 2196 1059 2248 haec,
1085 2210 1202 2252 quae
1224 2203 1331 2238 ante
1361 2196 1564 2239 Verbum
1598 2196 1806 2239 incarna-

162 2278 260 2313 tum
287 2270 455 2328 scripta
483 2280 606 2324 sunt,
631 2273 688 2314 ad
710 2272 973 2316 memoriam
996 2272 1070 2316 xj
1091 2273 1397 2325 conferamus,
1424 2273 1468 2315 in
1493 2287 1582 2327 quo
1605 2271 1680 2314 illa
1703 2286 1811 2315 vere

157 2351 245 2394 ²³²
265 2348 502 2392 subiturus
522 2357 620 2393 erat
640 2351 767 2393 Deus
783 2349 880 2406 ipse
897 2364 980 2406 pro
998 2357 1154 2394 nostra
1170 2351 1334 2402 salute,
1355 2358 1478 2394 extat
1497 2350 1649 2392 denuo
1669 2363 1809 2392 causa

159 2432 208 2470 et
228 2425 395 2469 doloris
416 2433 463 2469 et
482 2425 650 2470 amoris
671 2442 727 2471 ex
748 2427 1147 2483 contemplatione.
1173 2428 1267 2472 Sed
1288 2429 1399 2471 haec
1425 2427 1504 2469 tibi
1527 2441 1626 2470 esse
1652 2435 1811 2482 aperta

160 2509 290 2546 certo
320 2502 431 2554 scio,
465 2503 637 2546 homini
673 2503 886 2560 religioso
922 2511 969 2548 et
1003 2505 1156 2556 docto,
1198 2519 1355 2547 verum
1394 2519 1447 2546 ef)
1486 2503 1623 2545 miror
1662 2503 1810 2559 magis

164 2585 365 2622 nostram
387 2580 817 2636 contemplationem
839 2580 983 2624 visam
1006 2581 1088 2624 tibi
1108 2595 1211 2625 esse
1238 2596 1417 2631 vanam,
1453 2580 1538 2623 nisi
1571 2586 1810 2636 propterea

162 2667 281 2698 vana
301 2663 388 2708 est,
412 2657 536 2712 quod
558 2655 766 2701 dificilior
786 2657 1018 2713 aliquanto
1042 2658 1123 2701 tibi
1139 2658 1235 2701 visa
1252 2666 1337 2709 est,
1359 2672 1494 2713 quam
1513 2671 1594 2712 pro
1614 2671 1812 2699 consue-

167 2731 324 2776 tudine
356 2739 537 2776 tuarum
569 2734 1021 2790 contemplationum.
1057 2734 1289 2790 Quocirca
1318 2748 1481 2790 operae
1510 2732 1710 2788 precium
1745 2733 1813 2775 fa-

163 2814 347 2852 cturum
369 2824 442 2854 me
464 2809 673 2863 arbitror,
697 2810 736 2854 si
756 2810 879 2854 illam
901 2826 1125 2868 exponam
1150 2811 1335 2855 diserte.

253 2886 370 2938 Scis,
396 2887 548 2941 Pater,
572 2887 967 2944 contemplationis
987 2888 1260 2945 principium
1285 2902 1483 2931 amorem
1509 2902 1609 2930 esse
1632 2887 1704 2928 vel
1735 2886 1812 2927 de-

169 2962 383 3008 siderium
414 2963 493 3016 rei,
524 2978 662 3020 quam
685 2963 828 3008 simus
850 2965 1218 3021 contemplaturi,
1240 2966 1454 3008 affectum
1473 2963 1645 3006 scilicet
1669 2963 1810 3012 illum,

163 3039 245 3096 qui
266 3041 339 3084 vel
361 3055 387 3084 a
409 3041 635 3086 charitate
656 3042 729 3086 vel
746 3043 804 3085 ab
822 3057 902 3098 spe
919 3042 1224 3098 progreditur.
1248 3040 1686 3096 Contemplationem
1706 3052 1813 3081 vero
