2098 3470
329 286 399 333 356
804 286 958 323 PATms
984 287 1226 323 Hissnonvnn
1252 286 1404 321 NADAL

374 389 425 431 P.
454 386 646 429 Ioannes
684 387 911 430 Lamberti
948 387 1032 430 erit
1069 387 1356 430 contionator
1379 386 1426 428 in
1455 386 1585 442 pagis
1609 393 1655 431 et
1682 389 1915 431 confessa-

283 465 394 518 rius;
420 466 543 520 leget
565 462 782 508 lectiones
803 479 970 517 sacras,
1003 479 1116 520 quas
1143 463 1255 520 legit
1289 465 1339 506 P.
1369 462 1638 519 Gregorius,
1671 471 1914 520 postquam

283 540 559 593 discesserit3
579 540 703 597 leget
724 554 857 583 casus
879 540 1183 585 conscientiae
1213 540 1353 584 semel
1375 546 1452 582 aut
1482 539 1551 583 bis
1575 540 1850 593 domesticis,
1878 541 1916 584 si

287 617 446 675 possit.

374 696 436 739 M.
464 695 655 737 Ioannes
678 694 899 738 Halenius
921 694 1099 737 docebit
1121 694 1167 736 in
1190 694 1332 737 classe
1349 701 1606 748 syntaxeos;
1633 704 1678 738 et
1707 693 1915 750 quando-

286 772 469 829 quidem
493 786 584 814 non
607 771 787 814 videtur
804 772 888 814 sibi
912 772 1144 814 confidere
1166 772 1287 826 quod
1309 770 1451 827 possit
1473 771 1663 814 classem
1686 770 1806 813 illam
1829 785 1918 827 gu-

286 851 495 902 bernare,
522 848 575 900 is,
602 862 735 903 quem
760 849 907 891 mittet
933 851 1066 892 Pater
1089 847 1394 904 prouincialis,
1415 847 1578 903 poterit
1606 862 1710 891 eum
1740 847 1917 901 iuuare,

287 933 334 970 et
356 926 546 978 interea,
571 925 610 968 si
627 925 684 968 sit
705 939 958 977 necessum,
986 927 1038 969 P.
1065 926 1350 969 Lambertus.
1554 981 1558 984 -
1657 932 1661 934 ’

378 1005 440 1047 Μ.
468 1003 658 1046 Ioannes
680 1002 864 1045 Roberti
890 1001 1129 1045 exercebit
1150 1016 1199 1044 se
1226 1001 1272 1044 in
1301 1001 1452 1045 studio
1484 1000 1677 1057 priuato,
1705 1010 1749 1045 et
1774 1000 1820 1043 in
1844 1015 1918 1044 re·

289 1079 496 1131 fectorio,
521 1079 732 1136 legendo,
769 1086 813 1124 et
849 1078 1160 1122 concionando
1183 1078 1442 1133 aliquando,
1467 1085 1516 1120 vt
1544 1077 1685 1134 possit
1707 1077 1922 1134 expedire

293 1157 517 1213 linguam,
539 1163 585 1200 et
606 1155 747 1212 possit
763 1171 861 1200 esse
884 1156 1004 1198 vtilis
1027 1155 1275 1199 ministerio
1291 1154 1490 1211 collegii.
1518 1154 1614 1197 Erit
1636 1154 1785 1198 socius
1801 1155 1918 1203 clas-

289 1233 386 1277 sico
411 1235 464 1276 P.
492 1233 799 1281 Bartholomei
821 1233 868 1275 in
889 1232 1046 1275 vltima
1067 1233 1226 1275 classe.

380 1311 435 1355 P.
461 1310 810 1353 Bartholomeus
836 1315 1097 1365 perseueret
1118 1308 1165 1351 in
1193 1308 1288 1352 suis
1316 1308 1557 1362 exercitiis,
1583 1315 1628 1353 et
1657 1309 1823 1353 habeat
1846 1322 1918 1351 re·

288 1395 386 1431 ctor
415 1401 570 1430 curam
598 1385 697 1429 eius
726 1385 995 1430 valetudinis
1023 1393 1068 1428 et
1105 1401 1197 1429 non
1230 1385 1315 1430 erit
1350 1400 1604 1437 necessum,
1636 1393 1685 1428 vt
1721 1378 1826 1428 hinc
1863 1386 1921 1428 ad

289 1465 413 1508 aliud
435 1463 678 1520 collegium
700 1462 916 1506 discedat.
942 1462 1135 1505 Curabit
1156 1478 1276 1516 eum,
1297 1479 1355 1507 ne
1377 1478 1426 1507 se
1453 1462 1703 1506 immisceat
1725 1462 1922 1518 negotiis

291 1555 493 1585 suorum:
520 1540 557 1583 si
579 1540 687 1583 velit
709 1540 815 1582 dare
837 1539 995 1591 sorori,
1020 1541 1178 1583 donet.

379 1620 433 1664 P.
460 1617 732 1661 Franciscus
754 1624 1013 1672 perseueret
1035 1617 1080 1659 in
1103 1617 1197 1660 suis
1218 1617 1464 1662 exercitiis,

379 1698 426 1739 M
434 1694 449 1741 .”
469 1695 703 1739 Gerardus
725 1695 950 1737 Massetus
971 1694 1281 1749 perseuerabit
1311 1694 1357 1736 in
1380 1694 1474 1737 suis
1502 1693 1744 1746 exercitiis,
1776 1707 1920 1749 vsque

289 1774 347 1816 ad
367 1771 725 1816 renouationem:
749 1769 797 1812 in
820 1760 1116 1814 renouatione
1137 1785 1244 1814 vero
1272 1772 1396 1814 solus
1421 1770 1697 1828 gubernabit
1726 1771 1920 1814 classem

288 1864 434 1902 suam,
461 1848 840 1904 quemadmodum
862 1847 1033 1890 dictum
1061 1855 1130 1891 est
1159 1848 1216 1892 de
1239 1848 1390 1901 scolis,
1416 1856 1461 1892 et
1490 1847 1626 1891 etiam
1657 1854 1763 1890 ante
1793 1861 1923 1892 reno-

290 1926 538 1978 uationem,
564 1924 601 1968 si
623 1924 779 1980 possit:
806 1924 843 1966 si
865 1939 956 1967 non
975 1924 1132 1980 possit,
1153 1924 1303 1981 potius
1322 1925 1584 1981 reliquenda
1604 1931 1674 1968 est
1691 1924 1769 1966 illa
1786 1924 1925 1967 lectio

288 2002 689 2059 hystoriographa.
710 2000 780 2046 Sit
802 2000 936 2044 etiam
960 2003 1217 2057 praefectus
1238 2016 1390 2046 rerum
1408 2001 1708 2058 spiritualium
1726 2007 1772 2044 et
1789 2001 1923 2044 noui·

291 2081 458 2124 tiorum
484 2081 536 2122 P.
564 2080 756 2122 Ioannes
778 2078 1025 2123 Lamberti.

380 2158 435 2202 P.
475 2155 709 2208 Nicolaus,
748 2162 911 2199 rector:
954 2155 1262 2208 concionator,
1295 2154 1599 2198 confessarius
1637 2161 1683 2198 et
1710 2153 1924 2197 consilia-

291 2234 386 2277 rius
407 2231 721 2290 prouincialis.
1861 2222 1863 2224 ’

379 2311 435 2357 Ρ.
460 2310 724 2354 Leonardus
745 2310 775 2363 ¹,
799 2309 1004 2353 minister
1025 2317 1071 2353 et
1093 2309 1398 2353 confessarius
1420 2316 1466 2353 et
1487 2308 1788 2352 consiliarius.

382 2386 640 2432 Consiliarii
661 2386 866 2431 rectoris:
896 2388 952 2431 P.
999 2387 1280 2440 Leonardus,
1313 2388 1370 2430 P.
1402 2387 1596 2429 Ioannes
1626 2384 1859 2430 Lamberti
1880 2390 1927 2427 et

295 2468 347 2510 P.
376 2465 745 2515 Bartholomeus,
771 2469 816 2506 et
839 2463 1108 2516 admonitor,
1135 2463 1356 2508 minister.

385 2544 436 2586 P.
459 2543 651 2585 Ioannes
669 2539 897 2584 Lamberti
914 2540 999 2583 erit
1017 2540 1198 2596 quidem
1222 2541 1478 2596 praefectus
1501 2538 1873 2583 commensalium
1889 2546 1922 2590 ³,

292 2620 438 2664 donec
456 2619 666 2663 videatur
687 2616 854 2660 rectori
878 2617 1154 2660 moderatius
1177 2624 1369 2660 tractare
1391 2625 1436 2662 et
1454 2615 1612 2661 maiori
1637 2630 1743 2660 cum
1761 2615 1924 2672 gratia;

367 2767 385 2784 a
410 2756 732 2792 commessalium
750 2766 821 2793 mS.

370 2859 380 2879 ¹
432 2856 695 2892 Probabiliter
724 2855 839 2902 hujus
870 2855 996 2891 Patris
1027 2867 1244 2902 cognomen
1274 2861 1335 2892 est
1353 2856 1551 2902 Villarius,
1573 2855 1622 2890 de
1639 2865 1716 2902 quo
1739 2854 1788 2889 P.
1822 2850 1928 2888 DELss

295 2924 448 2962 PLACE,
467 2917 542 2951 loc.
562 2915 644 2962 cit.,
666 2915 763 2950 haec
787 2920 960 2950 annotat:
983 2915 1183 2950 «Leonard
1202 2914 1388 2950 Divillers
1413 2913 1642 2960 (ViHarius),
1662 2916 1712 2949 ne
1741 2913 1763 2948 a
1780 2913 1928 2948 Dinant

297 2986 387 3011 vers
409 2975 512 3022 1526,
533 2974 658 3010 admis
676 2974 698 3010 a
722 2973 899 3020 Cologne
917 2986 966 3009 en
988 2983 1091 3019 1555,
1113 2980 1212 3010 mort
1230 2974 1251 3009 a
1269 2974 1438 3010 Tournai
1463 2985 1515 3018 en
1536 2973 1664 3018 1585.»
1688 2973 1732 3008 In
1751 2972 1929 3018 catalogo

295 3035 512 3070 coloniensi
530 3034 621 3070 anni
643 3033 734 3079 1563
751 3033 855 3069 idem
873 3033 1014 3069 dicitur
1034 3034 1210 3070 minister
1228 3035 1332 3070 illius
1357 3033 1528 3079 collegii.
1551 3033 1611 3069 Cf.
1632 3033 1827 3078 HANSEN,
1853 3032 1929 3067 loc.

304 3093 390 3140 cit.,
410 3105 502 3141 pag.
526 3093 612 3139 780.
