2098 3470
672 251 907 290 Omnoms
931 257 1377 294 onsanvanomzs-7o
1723 258 1794 295 717

207 356 329 400 diam
350 355 711 412 contemplemur
731 360 779 398 et
798 353 912 396 alias
936 351 1240 409 perfectiones
1266 350 1463 403 diuinas,
1489 352 1731 408 aliquando
1761 367 1838 395 no·

206 440 347 477 stram
370 432 678 477 infirmitatem
699 438 745 475 et
766 436 970 487 peccata.
1002 431 1208 485 Vtraque
1236 428 1435 484 denique
1462 430 1767 481 conferamus,
1795 439 1844 472 vt

206 509 254 553 in
275 509 444 554 nostris
465 508 658 554 miseriis
678 507 812 551 simul
833 507 988 564 vigeat
1010 513 1177 563 gustus
1199 520 1252 549 ac
1274 519 1437 549 sensus
1458 505 1640 550 diuinae
1662 507 1841 550 bonita-

209 586 268 630 tis
287 601 340 630 ac
363 585 712 630 misericordiae.

295 665 469 708 Sensus
501 661 702 718 spiritus,
733 663 863 717 quasi
894 660 932 704 si
961 660 1087 704 dicas
1114 674 1388 703 concursum
1417 659 1601 703 diuinae
1630 661 1844 703 motionis

207 755 314 784 cum
342 739 566 797 superiori
594 746 723 796 parte
752 738 945 791 animae,
970 752 1088 793 quae
1107 739 1258 782 Deum
1287 737 1487 794 respicit,
1518 737 1706 793 dissipat
1734 753 1843 781 vero

208 825 532 874 oppugnantes
552 830 603 859 se
624 830 781 859 omnes
802 822 955 871 partes
975 814 1228 866 inferiores,
1253 814 1492 866 mundum,
1517 814 1778 858 daemones.

251 914 254 915 ⁷
296 894 565 938 Cauendum
603 908 661 937 ne
691 900 877 949 propter
909 893 1137 935 humanos
1168 899 1405 948 respectus
1436 892 1510 936 vel
1540 891 1843 948 cogitationes

206 970 520 1014 dimoueamur
539 970 613 1014 vel
634 969 868 1012 minimum
891 968 1072 1024 quidem
1096 969 1154 1011 ab
1176 983 1247 1021 e0‚
1272 973 1359 1015 253
1379 970 1502 1025 quod
1530 975 1686 1024 aperte
1716 968 1843 1012 vide-

206 1046 329 1091 bitur
349 1047 534 1103 exigere
555 1053 761 1090 nostrum
780 1045 1041 1089 institutum
1061 1052 1109 1089 et
1129 1046 1312 1102 gratia..
1324 1081 1333 1090 .

293 1125 550 1181 Aliquoties
570 1125 627 1168 ad
655 1125 822 1177 locum,
847 1123 922 1166 vbi
954 1130 1161 1166 mortuus
1188 1132 1257 1167 est
1279 1124 1415 1167 Pater
1448 1123 1670 1180 Ignatius,
1696 1123 1843 1166 orauit

205 1200 387 1257 quidam
410 1215 515 1244 cum
537 1200 690 1244 multis
708 1199 934 1243 lachrimis
954 1199 1217 1255 spontaneis
1238 1215 1291 1243 ac
1312 1200 1524 1244 dulcibus
1545 1200 1591 1242 in
1613 1199 1842 1243 suauitate

205 1277 489 1322 humilitatis.

292 1356 395 1400 Lux
416 1369 600 1411 magna,
626 1356 749 1410 quod
771 1355 991 1413 singulari
1012 1371 1084 1400 me
1105 1355 1253 1412 gratia
1274 1364 1584 1411 prosequutus
1606 1355 1663 1398 sit
1685 1355 1841 1398 Domi-

204 1447 308 1485 nus,
333 1431 412 1487 qui
440 1446 550 1475 cura
577 1437 666 1480 254
697 1432 840 1476 voluit
869 1432 1144 1489 praeleuari,
1175 1447 1265 1488 qua
1293 1432 1382 1476 iam
1411 1432 1640 1475 decimum
1668 1447 1837 1475 armum

203 1509 432 1566 grauabar
459 1510 769 1561 vehementer,
800 1509 1003 1564 illudque
1030 1509 1155 1552 visus
1177 1524 1277 1553 sum
1308 1509 1462 1552 videre
1490 1509 1629 1553 vitam
1652 1509 1759 1551 mihi
1793 1509 1837 1550 in

203 1585 535 1643 longitudinem
559 1594 759 1642 apertam
782 1586 827 1629 in
851 1586 1148 1639 iucunditate,
1167 1601 1283 1643 quae
1299 1594 1405 1630 ante
1423 1589 1509 1630 hoc
1526 1595 1706 1643 tempus
1724 1601 1839 1629 con-

203 1663 332 1707 clusa
353 1662 609 1714 videbatur,
634 1663 761 1718 quasi
784 1663 831 1706 in
854 1663 971 1706 diem
993 1663 1194 1708 viuerem
1217 1663 1340 1707 curis
1361 1678 1607 1720 oppressus
1622 1671 1669 1707 et
1686 1663 1838 1706 solici-

203 1740 377 1784 tudine.
550 1729 562 1738 ⁶

292 1817 468 1862 Sensus
489 1817 728 1860 vndecimo
751 1817 970 1873 Augusti,
991 1817 1067 1874 qui
1084 1817 1181 1860 dies
1196 1825 1267 1869 est
1289 1817 1396 1860 mihi
1415 1818 1731 1874 genethliacus
1750 1818 1837 1861 mei

202 1893 335 1937 nihili
357 1902 403 1939 et
423 1894 512 1939 Dei
533 1894 861 1950 operationis...

289 1975 359 2019 261
392 1971 597 2015 Verbum
620 1970 706 2015 Dei
727 1971 774 2013 in
796 1971 957 2027 spiritu
978 1971 1072 2014 vita
1100 1980 1300 2025 aeterna,
1325 1973 1449 2029 quod
1470 1973 1654 2026 sentire,
1680 1983 1837 2029 gusta—

200 2064 266 2102 re,
289 2049 427 2092 corde
448 2048 663 2104 recipere,
689 2055 734 2092 et
756 2048 984 2104 amplecti,
1010 2048 1282 2106 praecipuus
1303 2059 1374 2093 est
1402 2050 1619 2094 orationis
1640 2052 1832 2094 fructus.

200 2125 334 2171 Vnde
370 2125 640 2169 suauissime
676 2125 911 2169 deriuatur
947 2125 1055 2168 vnio
1091 2127 1148 2170 ad
1178 2125 1420 2171 ecclesiam
1452 2128 1741 2181 catholicam,
1778 2129 1836 2170 ad

200 2201 307 2259 Xpi.
343 2202 579 2254 vicarium,
614 2203 671 2245 ad
704 2202 968 2246 traditiones
989 2217 1148 2246 omnes
1174 2211 1220 2247 et
1248 2204 1529 2249 ceremonias
1557 2204 1836 2249 ecclesiasti—

203 2292 296 2333 cas,
319 2278 595 2331 obedientia,
618 2286 706 2321 etc.

291 2356 392 2399 Lux
414 2355 460 2399 in
488 2355 777 2398 immaculata
798 2355 1045 2412 genetricis
1067 2356 1153 2399 Dei
1175 2358 1493 2415 conceptione,
1518 2359 1563 2401 in
1587 2373 1675 2413 qua
1697 2367 1742 2400 et
1768 2358 1834 2400 in-

202 2431 493 2488 telligebatur
524 2439 814 2488 praeseruata
844 2440 939 2475 tota
966 2433 1172 2486 materia,
1204 2449 1322 2490 quae
1350 2435 1672 2479 animationem
1701 2450 1831 2491 prae-

201 2508 354 2562 cessit,
378 2516 425 2551 et
445 2508 594 2552 anima
616 2523 642 2552 a
663 2517 853 2565 peccato
874 2510 921 2552 in
943 2509 1041 2566 ipsa
1062 2511 1296 2556 creatione
1319 2519 1455 2567 atque
1471 2512 1714 2556 infusione.
1735 2513 1835 2555 Nec

202 2599 361 2641 aspere
383 2599 483 2629 esse
504 2586 732 2641 agendum
755 2586 977 2630 aduersus
999 2601 1094 2639 eos,
1120 2587 1196 2643 qui
1215 2597 1378 2631 contra
1395 2588 1614 2642 sentiunt,
1634 2589 1714 2631 sed
1731 2589 1833 2630 dul—

202 2662 316 2707 citer
337 2676 389 2705 ac
411 2662 596 2706 deuote:
622 2662 686 2705 sic
709 2663 886 2707 facilius
907 2665 1025 2707 hanc
1046 2679 1148 2708 esse
1171 2665 1407 2710 veritatem
1432 2673 1754 2722 accepturos...

291 2740 340 2782 In
355 2738 649 2783 meditatione
667 2739 785 2783 vitae
797 2740 968 2783 Christi
985 2756 1040 2785 ex
1053 2742 1375 2786 concordantia
1390 2742 1505 2798 legis
1518 2741 1832 2798 euangelicae,

202 2830 396 2872 magnae
425 2830 478 2859 ac
506 2815 675 2859 multae
696 2816 1022 2862 illustrationes
1053 2818 1326 2875 spirituales,
1353 2834 1468 2874 quae
1490 2819 1527 2862 si
1549 2827 1701 2863 essent
1722 2819 1835 2861 scri—

203 2892 397 2956 bendae,
417 2907 635 2949 magnum
653 2900 834 2950 tempus
851 2893 1147 2939 insumerent:
1167 2897 1293 2940 dabit
1311 2898 1457 2952 Xpus.
1480 2904 1527 2938 vt
1550 2895 1595 2938 id
1611 2895 1777 2951 possim
1803 2899 1831 2937 ¹.

275 2997 285 3018 ¹
337 2997 381 3033 Id
402 2997 560 3045 quidem
585 2999 746 3045 egregie
776 2999 972 3046 praestitit
994 3000 1145 3037 Natalis
1176 3002 1322 3038 ultimis
1356 3001 1459 3037 vitae
1489 3013 1583 3036 suae
1612 3000 1743 3038 annis,
1770 3001 1831 3037 Cf.

204 3056 334 3105 Epist.
348 3058 398 3094 P.
410 3057 562 3098 Nadul,
574 3058 646 3104 111,
657 3057 840 3104 700,739,
851 3064 944 3103 etc.;
958 3065 998 3095 et
1013 3059 1125 3103 infra,
1139 3067 1432 3096 monumentum
1448 3061 1520 3096 sub
1535 3073 1572 3096 n.
1589 3069 1629 3104 71
1647 3060 1830 3107 positum.
