2098 3470
495 236 648 282 Dic-m,
677 242 733 270 Ex
757 233 1012 270 Secura-ris
1037 232 1252 268 Pramnos
1276 232 1594 277 consen—65
1744 231 1815 277 647

226 383 326 426 zm
908 391 952 422 P.
985 390 1142 420 FABER
1173 383 1192 401 ²

317 493 435 536 Cum
458 506 561 535 oras
581 506 664 548 pro
684 492 919 543 defuncto,
950 489 1089 533 facias
1118 490 1220 532 loco
1247 488 1367 532 illius
1388 489 1740 542 confessionem,
1764 488 1859 532 dis·

225 583 416 613 currens
447 584 528 626 per
558 569 784 622 mandata,
819 576 908 613 ete.
937 567 1174 620 «Domine,
1209 566 1247 609 si
1275 565 1385 622 quid
1414 565 1622 622 peccauit
1645 566 1690 608 in
1712 566 1858 622 primo

225 653 484 703 praecepto,
509 645 592 698 sic,
612 653 702 688 etc.
728 659 907 702 parce.»

314 724 352 766 F
353 722 612 767 amilianter
634 721 825 779 rogandi
846 721 991 765 sancti
1012 729 1059 765 et
1078 720 1239 764 Deus
1227 735 1342 776 ipse,
1363 734 1467 763 curn
1486 687 1575 763 illis
1591 722 1857 776 colloquen—

222 800 353 850 dum,
378 799 675 843 necessitates
695 799 995 850 ostendendo,
1020 806 1107 843 etc.

314 881 424 924 2721·
445 876 706 932 Aliquando
734 884 889 920 tenera
909 878 1131 932 quaedam
1153 875 1283 932 quasi
1305 875 1561 929 indignatio
1590 876 1773 932 profuit,
1808 885 1856 919 ut

226 954 287 1006 ei,
307 954 387 1009 qui
403 954 683 998 Crucifixum
705 955 878 1004 orabat,
898 961 943 996 et
959 953 1154 997 dicebat:
1183 953 1422 1011 «Domine,
1442 953 1481 996 si
1501 955 1588 995 hoc
1610 968 1701 996 non
1726 953 1852 1006 facis,

223 1045 478 1086 conquerar
499 1032 557 1074 ad
579 1033 702 1074 tuam
725 1038 958 1075 matrem.»
984 1033 1324 1087 Nonnunquam
1341 1030 1470 1086 quasi
1493 1032 1782 1086 exprobrare,
1804 1038 1855 1073 ut

220 1107 301 1164 qui
317 1107 513 1151 dicebat:
538 1109 655 1151 «Tot
676 1108 807 1151 annis
829 1108 911 1151 tibi
931 1108 1098 1161 Seruio,
1118 1117 1164 1152 et
1186 1110 1272 1151 hoc
1293 1123 1386 1151 non
1410 1107 1520 1150 mihi
1543 1109 1668 1152 das.»
1690 1123 1854 1152 seuero

227 1185 424 1240 quodam
447 1185 633 1237 affectu,
658 1185 786 1240 quasi
809 1185 987 1241 pueruli
1008 1187 1065 1228 ad
1080 1195 1287 1228 matrem.

310 1260 406 1317 Qui
426 1260 688 1304 desiderant
710 1268 867 1305 nostro
887 1261 1137 1305 ministerio
1157 1262 1223 1305 vti
1243 1261 1278 1314 b,
1314 1262 1344 1305 ii
1376 1277 1425 1306 se
1458 1261 1591 1306 facile
1622 1262 1848 1318 aperiunt:

218 1338 291 1382 his
313 1337 455 1394 igitur
470 1337 652 1381 difficile
674 1352 764 1380 non
783 1345 852 1382 est
874 1338 919 1381 in
940 1341 1060 1395 xpo.
1084 1347 1102 1365 ⁰
1123 1353 1242 1394 quae
1259 1340 1317 1383 ad
1339 1355 1434 1384 rem
1457 1347 1582 1391 sunt,
1607 1341 1853 1396 persuade-

219 1430 286 1467 re,
311 1422 357 1459 et
378 1414 650 1457 medicinam
679 1415 910 1470 adhibere;
935 1417 1016 1460 sed
1042 1416 1081 1459 si
1101 1417 1203 1472 quis
1231 1424 1301 1461 est
1328 1417 1503 1461 alienus
1534 1418 1591 1459 ab
1614 1404 1702 1460 hoc
1730 1417 1851 1461 desi-

216 1491 344 1535 derio
365 1492 438 1535 vel
458 1489 478 1516 ‘¹
500 1491 722 1547 pertinax,
747 1507 981 1548 nunquam
1004 1493 1129 1536 illum
1150 1493 1368 1537 adoriaris
1390 1508 1480 1550 qua
1501 1509 1559 1539 ex
1582 1502 1707 1550 parte
1723 1495 1851 1537 labo-

216 1576 303 1621 rat,
328 1575 381 1612 ut
401 1569 459 1611 de
481 1568 751 1621 concubina,
771 1569 809 1612 si
825 1577 895 1613 est
911 1570 1278 1623 concubinarius,
1298 1572 1380 1615 sed
1396 1571 1590 1628 primum
1610 1571 1849 1628 negotiare

217 1653 268 1689 ut
289 1659 367 1689 cor
389 1645 510 1689 illius
531 1646 749 1698 emollias,
775 1654 820 1690 et
849 1648 1131 1690 uoluntatem
1164 1662 1298 1692 sanes
1329 1648 1442 1692 locis
1473 1649 1746 1691 comunibus
1778 1648 1850 1691 in-

144 1707 151 1714 ·
213 1722 348 1775 ferni,
371 1722 585 1779 paradisi,
620 1723 839 1779 exemplis
860 1731 1139 1777 sanctorum,
1165 1725 1374 1780 passione
1397 1725 1584 1778 Christi,
1610 1734 1718 1778 etc.;
1745 1733 1790 1770 et
1812 1726 1850 1768 si

215 1799 327 1855 quid
348 1799 447 1855 ipse
468 1800 526 1844 de
547 1814 632 1843 suo
654 1807 775 1843 statu
797 1800 994 1857 ingerat,
1018 1815 1076 1844 ne
1097 1802 1332 1858 permittas
1353 1802 1399 1845 in
1422 1802 1499 1846 illo
1527 1802 1770 1854 immorari,
1794 1817 1850 1845 vne

214 1876 462 1919 induretur
483 1885 515 1929 θ,
540 1878 620 1920 sed
642 1878 700 1920 ab
722 1877 798 1920 illo
815 1879 1046 1930 abstrahe,
1065 1885 1127 1932 et,
1147 1887 1369 1934 quantum
1387 1888 1535 1936 potes,
1549 1885 1696 1937 perge
1712 1881 1850 1922 emol-

215 1954 318 2009 lire,
354 1967 695 2009 nonnumquam
734 1958 883 1997 tamen
922 1954 1007 1999 erit
1044 1963 1402 2000 consentaneum
1436 1956 1461 2009 f,
1497 1965 1547 2000 ut
1581 1971 1670 2000 non
1702 1958 1849 2000 solum

217 2038 510 2088 praeceptum
531 2031 807 2075 contrarium
831 2031 1083 2087 praedices,
1107 2034 1188 2078 sed
1214 2034 1350 2078 etiarn
1378 2034 1636 2086 consilium,
1671 2042 1720 2078 ut
1748 2042 1848 2078 tan-

209 2109 315 2152 dem
346 2107 538 2163 ipsemet
570 2109 826 2161 erubescat,
861 2116 908 2153 et
939 2110 1099 2152 uolens
1129 2111 1384 2167 lubensque
1412 2113 1468 2154 ad
1498 2113 1692 2156 salutern
1715 2126 1844 2154 suam

208 2185 399 2228 nitatur.

301 2261 582 2317 Principium
604 2269 656 2305 ut
677 2262 873 2318 aliquem
895 2265 995 2308 Deo
1017 2265 1205 2308 lucreris
1226 2265 1272 2308 in
1294 2266 1416 2309 omni
1446 2266 1768 2310 exhortatione
1800 2274 1845 2310 et

211 2338 402 2396 negotio
423 2338 662 2394 spirituali,
687 2339 725 2382 si
749 2340 976 2384 feruorem
1004 2356 1108 2385 eum
1141 2342 1390 2395 charitatis,
1427 2358 1562 2398 quem
1595 2343 1651 2385 ad
1684 2357 1842 2385 omnes

207 2416 365 2467 habes,
390 2415 435 2458 in
458 2415 584 2459 illum
605 2430 765 2460 exeras
786 2424 819 2468 g,
845 2431 929 2460 nec
951 2418 1148 2473 aliquam
1169 2420 1518 2463 amaritudinem
1537 2421 1608 2463 uel
1628 2418 1842 2461 irritatio-

205 2507 310 2538 nem
333 2493 556 2537 aduersus
578 2493 704 2536 illum
727 2494 802 2538 uel
825 2495 996 2538 sentias
1019 2496 1093 2538 uel
1114 2496 1302 2541 indices.

295 2571 472 2626 Quater
492 2570 648 2613 locuta
678 2571 849 2627 legitur
880 2571 1012 2628 virgo
1046 2573 1188 2616 Maria
1215 2574 1263 2617 in
1291 2573 1560 2630 euangeliis:
1592 2582 1836 2628 antequam

272 2698 292 2715 ²
340 2687 416 2724 Hic
439 2688 577 2724 titulus
599 2701 621 2724 a
646 2689 736 2728 Nat.
764 2695 824 2726 est
848 2696 1045 2727 exaratus.
1077 2691 1253 2739 Singulis
1289 2693 1405 2739 hujus
1437 2692 1552 2727 seriei
1584 2691 1836 2738 paragraphis

204 2746 357 2783 Natalis
374 2748 475 2783 hanc
491 2754 624 2783 notam
643 2761 725 2798 «epo,
746 2749 785 2784 id
809 2756 884 2795 est,
904 2749 1066 2797 «Φάβερ»
1083 2752 1277 2798 apposuit,
1332 2754 1398 2779 ——b
1425 2751 1683 2787 Emendatum
1703 2762 1724 2785 a
1744 2750 1835 2785 Nat.

203 2818 255 2842 ex
273 2807 320 2842 Si
335 2806 425 2853 quis
442 2810 624 2843 nostrum
642 2810 803 2854 quaerit
822 2810 1108 2849 ministerium,
1161 2822 1223 2839 -c
1249 2811 1507 2847 Emendatum
1532 2822 1553 2845 a
1573 2810 1662 2846 Nat.
1686 2821 1735 2844 ex
1754 2821 1836 2843 «συν

202 2865 383 2913 Χριστῶ».
434 2869 501 2895 -d
526 2868 636 2904 Haec
654 2876 675 2912 5
701 2870 820 2904 verba
839 2869 971 2905 addita
987 2876 1080 2906 sunt
1096 2882 1119 2906 a
1136 2871 1227 2908 Nat.
1248 2871 1287 2907 in
1314 2882 1433 2916 marg.
1488 2891 1521 2896 -—
1534 2880 1550 2898 e
1576 2869 1835 2904 Emendatum

201 2935 226 2960 a
249 2925 342 2961 Nat.
366 2937 416 2962 ex
434 2938 530 2962 nam
555 2928 835 2963 indurabitur.
888 2930 949 2956 -f
969 2922 1227 2966 Emendatum
1252 2943 1273 2966 a
1303 2931 1392 2967 Nat.
1426 2942 1475 2965 ex
1506 2935 1704 2975 quantum
1725 2931 1838 2974 potes

200 2985 407 3030 emollias;
429 2998 508 3022 non
532 2999 743 3033 nunquam
769 2989 850 3024 erit
872 2993 1195 3026 cousentaneum.
1248 3002 1312 3025 —g
1339 2989 1596 3025 Emendatum
1622 3001 1643 3023 a
1667 2988 1757 3023 Nat.
1785 2999 1836 3023 ex

197 3044 236 3079 si
244 3043 461 3091 feruorem
478 3047 703 3089 charitatis,
723 3060 839 3094 quem
857 3050 912 3084 ad
923 3060 1063 3098 *omnes
1079 3051 1206 3092 habes,
1225 3051 1342 3085 illum
1363 3051 1405 3085 in
1424 3049 1542 3084 illum
1561 3060 1712 3083 exeras.
