2098 3470
718 313 992 351 monimenta
1017 315 1188 350 lunas
1201 335 1225 341 -
1240 323 1284 350 ιο
1702 319 1768 355 123

279 428 347 460 12.
413 415 655 460 Pueriliter
674 423 721 460 et
747 417 888 460 stulte
914 424 1127 473 egerunt,
1151 415 1256 460 cum
1284 418 1341 460 ad
1369 419 1606 462 consilium
1646 421 1815 477 primos

185 493 348 535 Patres
368 493 639 537 fundatores
651 507 742 536 non
765 494 1158 546 conuocauerunt,
1183 494 1306 548 quod
1333 501 1352 518 ²
1372 494 1572 549 justicia,
1599 497 1811 550 charitas,

182 567 431 624 antiquitas
451 569 782 626 expostulabat.

271 645 510 700 Vltimum,
534 647 659 702 quod
680 653 750 691 est
771 646 1035 702 pessimum,
1066 655 1136 692 est
1164 647 1286 702 quia,
1318 661 1423 690 cum
1447 649 1529 704 ipsi
1559 650 1650 691 sint
1679 664 1814 693 causa

181 720 316 766 istius
351 723 468 766 male
495 722 857 780 gubernationis,
890 723 1098 767 tribuunt
1119 723 1138 749 b
1165 723 1264 767 aliis
1292 725 1488 780 culpam,
1514 734 1559 769 et
1581 726 1814 769 diffamant

182 810 279 852 eos,
303 799 426 854 quod
447 800 716 856 perturbant
738 799 951 845 vnionem
971 807 1019 844 et
1038 799 1331 853 Societatem,
1357 801 1463 857 quia
1485 816 1575 845 non
1600 817 1703 845 cum
1728 803 1813 846 illis

182 875 301 919 male
321 877 540 921 sentiunt.
736 883 742 885 ⁴

960 989 1041 1032 110

539 1079 632 1121 ΡΡ.
666 1079 911 1131 LAINEZ,
947 1079 1287 1123 POLANCUS
1320 1079 1456 1124 ETC.

398 1173 828 1217 'CARmNALmns
874 1186 1158 1217 TRANENSI
1208 1187 1276 1217 ET
1324 1187 1594 1218 REOMANO

617 1281 776 1319 ROMAE,
796 1281 921 1310 emen
940 1281 1043 1308 mnu
1060 1282 1107 1308 20
1122 1282 1224 1316 JULu
1245 1281 1336 1319 1557
1352 1276 1378 1312 ¹.

103 1357 107 1366 ¹
162 1359 423 1407 >Dt'plomata
452 1355 699 1417 apostolica,
722 1363 1023 1398 constitutiones
1050 1365 1088 1398 et
1114 1363 1310 1398 sociorum
1344 1364 1591 1412 catalogum,
1616 1365 1818 1412 pontificis

229 1426 234 1431 '
822 1422 947 1468 jussu
962 1421 1162 1458 exhibent.

939 1512 1040 1606 jlis.

222 1648 229 1652 ’
269 1649 383 1692 Ill.¹¹¹i
403 1657 448 1695 et
471 1649 736 1710 Rani-sffin
758 1650 844 1696 X?
866 1650 1012 1694 obs.¹ni

273 1727 362 1770 Per
384 1727 573 1772 ubedire
593 1727 955 1784 simplicemente
976 1729 1047 1772 all'
1077 1727 1236 1772 ordine
1263 1727 1308 1770 di
1337 1729 1386 1772 S.
1413 1728 1530 1779 8³2,
1560 1726 1816 1782 significato

179 1817 261 1860 per
282 1803 386 1855 W.
410 1804 495 1850 SS.
522 1805 645 1857 ΠΡΟ,
670 1804 734 1862 gli
756 1806 998 1848 mandamo
1015 1811 1134 1848 tutte
1149 1805 1192 1848 le
1208 1805 1345 1858 bolle,
1363 1811 1409 1847 et
1426 1803 1620 1848 rescritti
1639 1810 1816 1859 aposto-

178 1879 275 1935 lici,
299 1887 426 1924 tanto
446 1881 551 1925 dell’
570 1881 780 1925 instituto
798 1890 972 1935 nostro,
996 1890 1168 1937 quanto
1184 1882 1302 1925 delle
1319 1881 1483 1924 facolta
1501 1894 1715 1923 concesse
1732 1881 1818 1922 alla

183 1957 469 2025 Compagnia
490 1965 647 2002 nostra
668 1973 749 2015 per
770 1958 895 2002 aiuto
916 1959 1021 2002 dell’
1046 1958 1212 2003 anime.
1238 1958 1286 2002 Si
1311 1958 1474 2000 manda
1497 1957 1631 2001 etiam
1653 1957 1695 1999 la
1718 1956 1818 1998 lista

24 2030 50 2046 ³
76 2020 86 2061 .'
126 2072 134 2074 .
180 2034 287 2079 delli
308 2035 431 2078 nomi
452 2035 498 2078 di
520 2035 677 2091 quanti
700 2035 742 2078 ci
765 2025 974 2078 trouamo
995 2036 1038 2078 al
1060 2043 1270 2091 presente
1287 2035 1334 2077 in
1356 2036 1514 2085 Roma,
1540 2033 1760 2089 aggionte
1776 2034 1818 2076 le

180 2111 355 2156 nationi
375 2126 456 2168 per
476 2112 563 2169 piu
586 2112 836 2157 chiarezza.

269 2189 335 2232 Le
356 2188 671 2232 constitutioni
694 2187 830 2234 etiam
855 2196 974 2232 tutte
997 2203 1086 2232 con
1108 2203 1190 2233 sue
1213 2187 1523 2240 declarationi,
1552 2194 1598 2230 et
1626 2201 1815 2239 essame,

210 2288 273 2334 ’Ἢ
292 2331 297 2335 -
321 2318 358 2354 q.
378 2317 450 2343 ms·
502 2308 570 2335 —b
595 2307 752 2342 tribunt
772 2318 849 2344 ms-

246 2413 265 2436 *¹
315 2415 374 2450 Ex
397 2413 634 2450 adversariis
657 2413 895 2461 archetypis,
927 2425 1044 2449 manu
1074 2412 1234 2449 Polanci
1264 2411 1496 2457 emendatis,
1528 2411 1568 2446 in
1598 2411 1730 2446 codice
1759 2411 1816 2445 De

181 2466 299 2510 r'ebnis
315 2485 454 2522 congr.
469 2485 566 2522 gen.
586 2474 620 2508 I·
632 2473 676 2515 V,
696 2473 811 2509 unico
830 2473 913 2519 fol„
933 2481 979 2518 77
996 2472 1075 2518 (34,
1095 2481 1178 2518 104,
1201 2474 1297 2517 171).
1322 2470 1582 2509 Occasionem
1608 2470 1722 2515 hujus
1741 2479 1815 2503 mo-

181 2531 361 2569 numenti
389 2532 503 2569 nobis
533 2532 718 2579 scriptam
748 2532 908 2579 reliquit
937 2533 981 2568 P.
1012 2531 1177 2575 Natalis,
1198 2536 1280 2566 tum
1307 2531 1345 2566 in
1369 2530 1450 2565 suis
1470 2528 1813 2575 Ephemeridibus,

182 2591 313 2639 Epist.
331 2592 382 2629 P.
401 2591 553 2636 Ναᾱαῑ,
571 2591 622 2638 11,
649 2600 703 2638 14,
717 2601 777 2640 543
798 2598 879 2627 tum
900 2592 939 2627 in
958 2591 1188 2637 opusculis,
1203 2601 1318 2636 pagg.
1341 2590 1424 2633 206,
1445 2598 1528 2632 207,
1548 2589 1614 2622 ubi
1634 2589 1728 2622 haec
1747 2587 1813 2621 ait:

183 2649 308 2687 «Cum
324 2650 499 2687 auditum
518 2655 640 2695 esset,
659 2656 817 2698 propter
834 2649 1072 2686 delationem
1090 2649 1308 2694 cuiusdam,
1329 2648 1484 2683 dedisse
1504 2645 1816 2681 commissionem

181 2722 323 2759 papam
338 2709 526 2746 cardinali
543 2710 744 2745 Reomano
761 2716 801 2745 et
818 2709 1024 2751 Tranensi,
1051 2714 1094 2743 vt
1117 2708 1265 2743 vicario
1290 2707 1394 2743 Patri
1420 2707 1576 2752 Laynez
1601 2704 1816 2739 indicerent

182 2770 340 2813 nomine
356 2780 444 2814 suo,
462 2775 506 2806 vt
523 2769 618 2817 ipsis
636 2769 842 2805 exhiberet
860 2769 989 2804 omnia
1006 2768 1195 2815 rescripta
1213 2766 1424 2813 apostolica
1444 2771 1483 2799 et
1500 2763 1815 2805 constitutiones,

184 2833 226 2864 et
242 2827 398 2864 nomina
415 2827 558 2874 omnia,
581 2832 773 2874 quotquot
797 2838 932 2862 sumus
958 2827 1120 2871 Romae,
1153 2831 1356 2872 praeterea
1387 2835 1435 2858 ne
1462 2822 1548 2869 quis
1577 2822 1699 2856 Roma
1732 2820 1815 2855 sine

182 2885 343 2923 licentia
360 2886 446 2923 8.Πὶ
463 2885 730 2932 egrederetur,
749 2885 907 2932 quidam
931 2897 1019 2921 cum
1043 2890 1159 2920 antea
1183 2884 1382 2919 desolatus
1409 2881 1563 2922 fuisset,
1585 2886 1708 2914 totum
1727 2890 1815 2913 eum

184 2945 302 2993 diem,
321 2945 389 2992 qui
405 2944 482 2980 fuit
501 2944 544 2980 18
562 2945 656 2991 Julii
686 2952 791 2990 1557,
818 2950 859 2980 et
882 2944 980 2980 duos
1011 2949 1079 2979 aut
1104 2942 1126 2978 3
1150 2948 1360 2990 sequentes
1391 2940 1487 2986 dies,
1519 2945 1665 2973 tantam
1695 2937 1816 2972 sensit

185 3003 490 3040 consolationem
508 3003 668 3050 spiritus
686 3009 727 3038 et
742 3003 944 3050 gaudium,
969 3008 1008 3038 et
1033 3014 1191 3038 sensum
1219 3000 1438 3044 Societatis,
1472 2996 1699 3045 praesertim
1724 3007 1816 3031 vero

53 3045 82 3078 ἶ
123 3082 126 3083 ’
184 3063 274 3100 finis
291 3063 515 3107 Societatis,
533 3067 574 3098 et
591 3062 835 3098 substantiae
853 3061 975 3110 ipsius
994 3060 1178 3104 instituti,
1201 3067 1242 3095 vt
1266 3071 1342 3095 non
1368 3058 1490 3105 possit
1515 3067 1674 3091 sensum
1692 3055 1815 3101 expri-

174 3121 309 3170 'mere,
325 3134 442 3170 quem
461 3126 671 3168 v'tcumque
689 3122 911 3168 lachrymae
929 3120 1272 3167 exprimebant...»
