2098 3470
346 601 874 656 MONUMENTA
928 603 1416 658 PROVINCIAE
1464 605 1873 660 AUSTRIAE

1070 787 1145 830 47

414 879 587 935 QUAE
629 882 799 925 DIXIT
841 883 1113 926 NATALIS
1155 883 1426 928 RECTORI
1459 884 1791 929 VIENNENSI

966 991 1083 1018 ΑΝΝο
1111 981 1202 1027 1563
1229 985 1256 1021 ¹.

378 1071 650 1115 Sacerdotes
671 1072 840 1117 debent
862 1072 1079 1116 interesse
1097 1071 1216 1115 tonis
1234 1073 1265 1115 ἐ
1292 1072 1369 1128 qui
1390 1079 1542 1116 autern
1565 1089 1621 1118 ex
1643 1073 1730 1117 illis
1746 1088 1837 1117 non
1855 1075 1925 1118 fa—

286 1147 580 1202 cient1tonos,
606 1148 652 1191 id
674 1148 758 1194 erit
779 1149 825 1191 in
848 1148 1034 1192 arbitrio
1055 1149 1259 1202 rectoris,
1284 1164 1328 1192 v,
1350 1163 1396 1206 g.
1424 1149 1462 1192 si
1484 1149 1707 1194 eximatur
1725 1153 1788 1195 M.
1809 1151 1927 1195 Cor-

283 1224 431 1269 nelius
454 1227 468 1247 ³
492 1226 565 1269 vel
582 1226 735 1281 aliqui,
762 1241 876 1282 quos
898 1232 1076 1270 constet
1098 1241 1189 1269 non
1212 1240 1311 1271 esse
1332 1226 1626 1270 destinandos
1654 1228 1712 1270 ad
1734 1227 1920 1271 concio-

289 1316 383 1346 nes,
409 1302 531 1346 Idem
554 1302 638 1346 erit
661 1303 878 1346 iudicium
915 1318 973 1347 an
1010 1302 1147 1359 aliqui
1185 1302 1275 1346 sint
1312 1302 1538 1348 eximendi
1565 1319 1591 1347 a
1619 1303 1924 1348 concionibus

291 1379 532 1423 refectorii.

378 1457 578 1499 Possunt
599 1456 782 1512 quidem
811 1456 971 1500 nouitii
1003 1457 1157 1502 venire
1179 1458 1236 1501 ad
1269 1464 1403 1502 tonos
1434 1464 1708 1512 nostrorum3
1734 1458 1830 1510 sed,
1857 1473 1917 1502 an

286 1532 532 1577 conueniat
553 1533 739 1577 nouitiis
760 1533 898 1577 huius
926 1533 1122 1590 collegii,
1147 1534 1193 1577 id
1215 1534 1434 1578 iudicabit
1461 1534 1750 1591 prouincialis
1773 1541 1818 1578 et
1844 1549 1919 1578 re-

287 1615 401 1652 ctor.
1938 1669 1942 1673 ι

374 1687 423 1729 In
452 1686 746 1740 recreatione,
773 1687 810 1731 si
832 1689 1068 1732 commode
1099 1687 1196 1731 fieri
1232 1695 1401 1744 potest,
1432 1688 1522 1731 sint
1545 1703 1702 1733 omnes
1738 1688 1785 1731 in
1807 1687 1920 1731 'vno

287 1763 405 1816 loco,
431 1770 520 1806 etc.

373 1841 422 1882 In
445 1841 595 1884 danda
617 1841 931 1886 benedictione
949 1850 994 1886 et
1015 1842 1264 1899 gratiarum
1302 1841 1479 1885 actione
1502 1841 1559 1884 sit
1589 1841 1776 1885 omnino
1807 1855 1923 1885 con-

286 1916 508 1960 formitas.

355 2075 365 2096 ¹
418 2077 476 2112 Ex
491 2078 719 2124 archetypo,
733 2077 884 2113 Natalis
900 2090 1015 2114 manu
1030 2078 1251 2122 emendato,
1266 2078 1306 2113 in
1320 2078 1454 2114 codiee
1470 2078 1607 2114 Natal.
1624 2079 1743 2114 instr.
1763 2079 1922 2120 Germ„

282 2134 385 2171 foliis
406 2135 561 2181 138-145
579 2138 783 2181 (204-211).
801 2138 957 2173 Titulus
975 2138 1025 2173 ab
1043 2137 1128 2184 ipso
1146 2138 1190 2176 P.
1211 2137 1343 2173 Natali
1361 2143 1421 2173 est
1439 2143 1637 2184 exaratus,
1661 2143 1777 2184 prout
1800 2137 1925 2173 anim-

284 2194 526 2231 advertimus
545 2195 585 2231 in
603 2197 788 2233 Monam.
814 2197 1014 2244 Paedag.‚
1034 2208 1123 2243 pag.
1144 2196 1228 2243 798,
1247 2197 1328 2243 ubi,
1353 2208 1453 2244 quae
1477 2197 1525 2232 ad
1551 2197 1679 2233 studia
1704 2197 1922 2244 pertinent,

283 2253 399 2290 simul
418 2256 584 2291 collecta
603 2256 808 2294 edidimus.
830 2257 890 2291 De
910 2261 1098 2303 tempore,
1119 2267 1197 2303 quo
1214 2257 1311 2291 haee
1328 2255 1473 2302 scripta
1490 2262 1581 2291 sunt
1598 2267 1621 2291 a
1639 2255 1682 2291 P.
1703 2255 1847 2299 Natali,
1863 2256 1917 2291 nil

282 2314 397 2349 nobis
421 2313 518 2350 dicit
542 2327 659 2351 manu
683 2315 885 2362 scriptum3
912 2315 982 2350 sed
1007 2327 1056 2350 ex
1082 2315 1142 2359 iis,
1171 2327 1271 2362 quae
1295 2315 1344 2350 de
1371 2314 1602 2350 invitatione
1628 2315 1839 2350 amicorum
1869 2314 1920 2350 ad

281 2372 486 2419 prandium
505 2379 744 2421 statuuntur,
764 2374 831 2410 ubi
850 2375 1030 2421 exempla
1049 2374 1191 2421 Ignatii
1206 2379 1246 2410 et
1265 2373 1404 2420 Lainii,
1423 2374 1561 2421 prioris
1574 2373 1733 2421 quidem
1751 2373 1791 2409 in
1809 2385 1919 2421 prae-

282 2432 413 2479 terito,
433 2433 596 2469 secundi
614 2440 745 2470 autem
764 2434 803 2469 in
821 2434 1030 2481 praesenti,
1058 2433 1316 2479 adducuntur,
1334 2433 1384 2469 de
1403 2433 1574 2469 editione
1601 2433 1690 2469 libri
1714 2432 1919 2469 exercitio-

282 2503 367 2527 rum
392 2497 433 2528 et
456 2504 505 2528 ex
529 2493 616 2529 aliis
641 2493 811 2540 indiciis,
834 2499 894 2529 sat
911 2494 1015 2529 clare
1034 2494 1118 2529 erui
1142 2493 1297 2528 videtur
1314 2494 1388 2529 hoc
1406 2497 1699 2528 monumentum
1717 2492 1767 2527 ad
1790 2492 1919 2539 inspe-

279 2550 452 2586 ctionem
470 2552 628 2598 collegii
647 2551 967 2598 vindobonensis,
984 2564 1006 2587 a
1020 2552 1150 2588 Natali
1163 2553 1237 2588 sub
1251 2553 1295 2588 P.
1312 2551 1462 2596 Laini0,
1477 2550 1641 2596 scilieet,
1657 2556 1807 2587 aestate
1825 2550 1919 2586 anni

284 2609 388 2656 1563,
409 2616 620 2658 peractam,
642 2616 834 2658 spectare.

350 2673 365 2693 ⁹
415 2671 516 2707 Toni
534 2671 575 2708 in
593 2671 791 2708 Societate
809 2671 992 2707 dicuntur
1010 2671 1315 2707 exercitationes
1332 2670 1627 2707 declamationis
1654 2670 1728 2706 sub
1752 2670 1920 2707 formula

278 2729 446 2777 quadam
463 2730 676 2775 communi,
694 2731 734 2766 in
751 2742 827 2778 qua
844 2730 1024 2766 diversae
1042 2730 1212 2766 rationes
1230 2730 1444 2766 affectuum
1463 2729 1804 2776 exprimendorum
1827 2740 1917 2766 con-

280 2788 469 2828 tinentur.
494 2789 617 2825 Hisce
641 2789 914 2826 communibus
938 2791 1040 2826 tonis
1065 2789 1257 2826 accedunt
1281 2790 1357 2825 alia
1379 2789 1567 2825 exercitia
1584 2789 1833 2836 particularia
1850 2788 1919 2824 de-

279 2849 473 2885 clamandi
491 2861 540 2884 ex
559 2854 734 2897 tempore
751 2843 947 2896 de'aliquo
965 2855 1197 2895 argumento
1215 2861 1237 2884 a
1255 2848 1566 2884 moderatoribus
1583 2848 1796 2894 assignato.

352 2909 366 2928 ⁵
416 2908 460 2944 P.
492 2908 701 2945 Cornelius
729 2909 1040 2954 Brogelmannus
1071 2909 1373 2955 (Brogelmans)‚
1401 2908 1468 2955 qui
1493 2908 1532 2943 in
1557 2908 1735 2954 catalogo
1759 2907 1916 2954 collegii

278 2966 585 3003 vindobonensis
603 2968 695 3004 anni
716 2967 807 3012 1566
824 2967 967 3003 dicitur
989 2967 1251 3004 confessarius
1274 2967 1450 3014 :fratrum3
1476 2973 1516 3002 et
1539 2966 1642 3014 apud
1665 2968 1920 3012 POLANCUM,

279 3024 444 3068 Chron„
470 3027 537 3071 V1,
564 3026 611 3062 23
637 3033 676 3062 et
701 3037 763 3072 40,
788 3026 1072 3074 professionem
1097 3038 1120 3073 4
1143 3033 1324 3063 votorum
1347 3026 1387 3062 in
1411 3026 1537 3062 Lainii
1564 3026 1743 3062 manibus
1767 3025 1918 3061 Romae

277 3096 380 3120 anno
402 3085 492 3130 1556
511 3085 683 3122 edidisse
701 3085 837 3122 fertur.
857 3085 919 3123 Cf.
940 3086 1297 3129 BRAUNSBERGER‚
1316 3087 1390 3121 loc.
1410 3086 1493 3129 cit.‚
1514 3085 1583 3130 III,
1601 3085 1683 3130 760.
1768 3077 1771 3081 ⁵
