2098 3470
32 2292 54 2321 *r

677 226 728 266 11(
749 231 926 262 13me
951 220 1381 260 ANNOTArlousss-66
1731 219 1807 266 649

987 361 1071 404 66

529 448 597 490 Ρ.
648 443 1123 489 HIERONYMI
1169 438 1535 485 NATALIS

653 555 703 584 m
734 553 930 584 EXAMEN
965 550 1337 583 ANNOTATmNEs
1370 538 1397 579 ¹.

298 636 431 680 «Fuit
451 651 479 679 a
499 636 621 681 Sede
642 634 910 692 Apostolica
930 641 1194 689 nuncupata
1214 631 1423 677 Societas
1437 633 1550 689 Jesu
1568 632 1602 676 ².
1614 651 1630 670 υ
1653 633 1714 675 Vt
1731 632 1846 676 aliae

204 721 357 771 partes
378 712 590 765 instituti,
613 713 678 757 ita
703 719 749 756 et
780 714 865 755 hoc
892 725 1059 755 nomen
1086 709 1414 754 authoritatem
1445 708 1620 765 accepit
1647 710 1705 753 ab
1734 724 1844 765 apo-

198 791 362 834 stolica
388 791 514 842 sede,
554 789 823 847 principium
859 795 1012 832 tamen
1038 802 1066 831 a
1091 787 1179 831 Dei
1211 786 1356 844 ipsius
1382 785 1692 842 inspiratione.
1726 787 1843 830 Nam

204 868 320 911 ratio
356 875 538 910 nostrae
575 865 827 910 uocationis
858 864 1015 908 militia
1050 865 1274 920 quaedam
1309 871 1381 907 est
1401 864 1488 906 sub
1517 862 1684 906 uexillo
1712 863 1841 919 Xpi.,

196 946 323 1000 quod
345 953 391 988 et
414 944 519 988 totis
547 943 775 987 exercitiis
791 939 1074 999 colligimus,
1098 950 1145 985 et
1172 942 1225 983 in
1247 940 1543 984 meditatione
1573 940 1841 996 praesertim

201 1022 348 1079 Regis
367 1022 640 1077 *temporalis
661 1035 714 1064 ac
752 1020 1032 1065 Uexillorum
1059 1019 1298 1071 sentimus3
1334 1033 1438 1061 nam
1468 1017 1515 1059 in
1547 1017 1843 1061 meditatione

199 1099 347 1156 Regis
367 1099 631 1155 temporalis
666 1112 885 1142 uocamur
905 1113 932 1141 a
958 1096 1151 1142 >Christo
1168 1098 1288 1154 Jesu·
1301 1109 1481 1138 summo
1504 1102 1549 1139 et
1571 1095 1842 1151 angelorum

193 1183 245 1221 et
265 1176 516 1228 hominum,
539 1179 582 1218 et
603 1189 713 1231 rege
729 1178 771 1218 et
790 1175 908 1218 duce
928 1175 987 1218 ad
1007 1173 1268 1218 societatem
1292 1172 1364 1216 sui
1381 1173 1506 1227 belli,
1526 1173 1650 1228 quod
1671 1173 1839 1215 aduer-

197 1266 278 1296 sus
314 1254 553 1302 mundum,
593 1267 793 1306 carnem,
834 1251 1184 1306 teterrimosque
1222 1251 1468 1294 daemones
1510 1249 1652 1306 gerit,
1693 1250 1839 1292 donec

145 1330 152 1331 ’
196 1330 347 1373 tradat
369 1331 562 1385 regnum
585 1331 686 1374 Deo
707 1336 754 1374 et
777 1329 918 1381 Patri,
942 1335 1082 1384 atque
1102 1331 1287 1370 euacuet
1308 1341 1489 1370 omnem
1512 1326 1835 1383 principatum,

134 1438 138 1443 .
195 1413 467 1462 potestatem
484 1413 531 1449 et
553 1405 771 1450 uirtutem
794 1407 827 1458 ³,
853 1404 1037 1448 nomina
1057 1419 1145 1448 nos
1164 1404 1328 1447 damus
1349 1411 1487 1459 atque
1505 1402 1839 1446 conscribimus

189 1482 342 1540 digito
369 1482 456 1527 Dei
478 1482 524 1525 in
548 1483 669 1526 illam
692 1482 899 1526 militiam
926 1488 1277 1526 sacrosanctam.
1312 1482 1388 1523 Ex
1418 1481 1696 1524 Vexillorum
1731 1494 1836 1523 vero

191 1559 486 1603 meditatione
524 1559 823 1615 intelligimus
859 1558 965 1615 xpi.
1000 1560 1131 1617 Jesu,
1155 1558 1214 1601 ad
1252 1557 1494 1614 ipsumque
1515 1556 1835 1614 imperatorem

188 1636 428 1680 Christum
460 1651 544 1679 nos
571 1650 860 1688 concurrere,
899 1650 1005 1679 cum
1026 1649 1083 1680 eo
1105 1635 1150 1678 in
1188 1634 1332 1679 aciem
1364 1634 1624 1690 procedere,
1661 1634 1709 1677 in
1738 1634 1836 1677 acie

187 1719 330 1766 stare,
352 1728 411 1757 ex
430 1713 529 1757 acie
543 1718 631 1769 per
652 1713 778 1756 illum
803 1713 1065 1769 confligere.
1086 1698 1194 1768 *Hac
1214 1711 1389 1756 ratione
1420 1711 1614 1768 primum
1642 1718 1835 1754 uocatus

189 1798 261 1833 est
282 1791 338 1833 P.
366 1790 586 1847 Ignatiu33
626 1792 712 1833 hac
734 1804 816 1846 per
845 1789 943 1833 illas
979 1789 1296 1834 meditationes
1330 1803 1417 1832 nos
1455 1797 1591 1832 uocat
1613 1790 1759 1845 Xpus.
1787 1788 1832 1830 in

187 1867 467 1914 Societatem
491 1882 602 1912 suae
622 1867 824 1920 militiae;
849 1867 912 1910 ita
930 1881 1095 1910 nomen
1118 1866 1217 1910 eius
1239 1866 1408 1910 vicario
1425 1865 1472 1909 in
1490 1865 1620 1909 terris
1637 1880 1828 1908 romano

188 1944 393 2002 pontifici
413 1945 500 1987 sub
539 1944 705 1989 uexillo
742 1944 892 1987 crucis
926 1944 1035 1987 dare
1055 1958 1139 1987 nos
1160 1943 1206 1986 in
1229 1944 1427 1987 formula
1453 1942 1653 2001 instituti
1682 1943 1827 1985 nostri

186 2021 398 2078 legimus.
440 2022 838 2077 Quemadmodum
875 2024 1026 2073 autem
1062 2020 1330 2064 confirmata
1358 2019 1494 2065 suerit
1531 2019 1688 2062 diuina
1712 2020 1828 2063 haec

181 2096 422 2154 inspiratio
443 2106 489 2141 et
510 2097 770 2154 appellatio,
795 2097 965 2149 audite,
1006 2098 1167 2141 fratres
1204 2096 1308 2151 mei.
1350 2098 1467 2141 Nam
1490 2111 1595 2140 cum
1618 2096 1708 2140 iam
1733 2096 1830 2152 pri-

183 2189 311 2218 mum
343 2175 519 2218 ueniret
548 2176 684 2220 Pater
716 2174 923 2231 [gnatius
954 2173 1160 2227 Romam,
1195 2182 1441 2231 antequam
1479 2174 1727 2229 quidquam
1766 2174 1795 2215 d

180 2252 528 2295 confirmatione
557 2250 801 2296 Societatis
834 2258 1065 2308 ageretur,
1088 2259 1233 2307 atque
1252 2250 1299 2294 in
1331 2251 1492 2294 itinere
1521 2258 1688 2303 oraret,
1714 2265 1823 2294 ecce

177 2328 476 2385 apparuitilli
498 2330 644 2385 Xpus.
670 2330 821 2386 jesus,
852 2343 1035 2373 crucem
1065 2328 1289 2382 baiulans,
1321 2328 1498 2372 audiuit
1532 2342 1640 2371 uero
1674 2329 1827 2371 Deum

183 2405 367 2450 Patrem
391 2405 437 2448 in
459 2405 635 2462 spiritu,
661 2420 714 2448 ac
735 2405 878 2449 sensit
900 2405 1020 2460 quod
1050 2420 1100 2449 se
1127 2405 1185 2448 ad
1211 2407 1385 2462 Xpum.
1411 2403 1676 2460 applicaret,
1716 2411 1762 2447 et
1785 2402 1830 2444 in

175 2480 300 2524 illius
319 2482 588 2526 seruitutem
611 2492 657 2526 et
684 2483 915 2538 sequelam
952 2490 1176 2527 assereret
1210 2497 1264 2526 ac
1301 2483 1490 2526 diceret:
1538 2482 1666 2536 «Ego
1692 2480 1826 2523 uobis

181 2572 263 2602 ero
289 2559 558 2615 propitius.»
593 2560 723 2603 Haec
751 2574 851 2603 sese
877 2559 1061 2603 audisse
1087 2560 1146 2603 ab
1174 2559 1252 2603 illo
1281 2560 1520 2602 confirmat
1551 2559 1605 2600 P.
1639 2557 1824 2608 Lainez‚

188 2672 197 2676 ⁵
253 2677 263 2698 ¹
315 2678 374 2712 Ex
390 2678 620 2724 archetypo,
637 2676 791 2713 Natalis
809 2689 926 2712 manu
944 2677 1167 2724 emendato,
1186 2678 1227 2714 in
1244 2677 1382 2713 codice
1401 2676 1567 2712 Afiscell.
1588 2677 1637 2711 de
1654 2676 1770 2715 Inst„
1793 2674 1818 2708 I
1819 2703 1826 2719 ‚

178 2733 290 2772 nuln-
319 2735 354 2782 8,
375 2735 480 2772 foliis
513 2744 545 2782 1,
578 2745 614 2781 2,
645 2745 682 2781 5,
716 2744 841 2781 15-17.
875 2735 976 2772 Vide
1007 2735 1109 2772 dicta
1140 2736 1191 2772 de
1219 2738 1292 2772 hoe
1323 2736 1475 2771 Natalis
1506 2734 1667 2781 scripto,
1692 2744 1824 2779 supra,

178 2806 301 2842 pagg.
324 2797 382 2840 26,
403 2805 463 2840 27.
483 2797 596 2842 Quae
613 2795 755 2831 italicis
774 2796 880 2843 typis
903 2801 1096 2843 notamus,
1125 2796 1276 2833 Natalis
1302 2808 1418 2831 manu
1443 2794 1651 2831 emendata
1677 2794 1740 2829 vel
1759 2792 1824 2827 ad·

172 2853 260 2891 dita
277 2863 382 2891 sunt.
402 2856 507 2892 Usus
526 2861 588 2890 est
603 2856 678 2891 hoc
694 2854 830 2891 codiee
849 2855 891 2891 P.
914 2856 1118 2902 ASTRAm,
1135 2856 1339 2897 Historia,
1359 2856 1389 2898 Ι,
1417 2855 1497 2900 106,
1519 2863 1602 2898 107.

183 2926 190 2929 ”
249 2916 264 2936 ²
314 2915 421 2950 Haec
442 2916 562 2950 verba
578 2913 786 2961 desumpta
803 2920 895 2950 sunt
913 2926 962 2949 ex
981 2914 1196 2958 Examine,
1215 2927 1301 2962 cap.
1323 2916 1351 2959 1,
1370 2916 1387 2961 ἓ
1411 2923 1442 2952 1.
1469 2913 1535 2949 Cf.
1565 2913 1825 2948 Constitutio-

127 2966 131 2968 ἡ
177 2985 247 3010 aes
266 2973 465 3021 Soc.Jesu
483 2975 562 3010 lat.
583 2977 621 3010 et
637 2974 757 3020 hisp„
775 2985 864 3021 pag.
884 2983 922 3010 2.

251 3034 267 3053 ³
316 3034 333 3068 Ι
353 3034 472 3076 Con..
490 3034 577 3080 XV,
600 3042 660 3079 24.
