2098 3470
694 242 929 281 Oui-roms
952 248 1398 286 onsnnvarronns—70
1750 248 1816 285 711

324 345 488 392 Omnis
508 327 602 388 vita
622 352 794 396 nostra,
818 357 978 387 omnes
999 341 1218 393 actioneS,
1242 341 1300 385 ab
1322 340 1579 384 obedientia
1602 341 1866 396 gubernan-

234 423 335 475 dae,
360 423 433 465 vel
454 420 684 478 praesenti
702 428 750 464 et
785 419 958 472 sensili,
981 419 1059 462 vbi
1089 419 1146 463 ab
1173 417 1484 474 superioribus
1512 417 1766 474 dirigimur,
1794 419 1866 462 vel

234 499 456 542 orandum
488 506 538 541 vt
557 497 710 542 omnia
745 503 899 540 nostra
920 496 988 546 ab,
1009 494 1269 539 obedientia
1289 493 1476 550 spiritus
1503 502 1549 538 et
1579 495 1755 550 gratiae
1776 495 1866 539 So-

233 574 411 620 cietatis
433 576 767 632 gubernentur,
792 581 839 618 et
859 572 1231 616 contendendum
1249 578 1298 614 vt
1314 586 1370 615 ex
1387 571 1664 627 proprietate
1679 571 1867 628 spiritus

233 651 476 713 Societatis
502 666 556 696 ea
591 650 727 695 etiam
763 664 972 707 agamus,
1011 663 1130 705 quae
1151 647 1283 691 nobis
1319 647 1461 690 libera
1499 648 1816 703 relinquuntur
1839 663 1865 692 a

233 728 560 785 superioribus.

282 846 285 849 .
323 806 375 848 In
397 805 647 850 tentatione
666 803 886 849 meditare
901 802 1151 860 spiritualia
1167 810 1214 845 et
1235 802 1468 845 abstracta
1490 811 1627 856 atque
1650 810 1822 846 remota
1840 818 1866 844 a

233 897 282 927 re
303 882 481 938 quauis‚
507 897 625 938 quae
640 896 745 939 cum
766 880 955 926 materia
976 879 1241 923 tentationis
1263 878 1323 922 sit
1344 878 1606 922 coniuncta.

321 961 522 1016 Magnus
543 973 704 1003 sensus
730 958 777 1002 in
804 957 1053 1015 gratiarum
1082 956 1277 1009 actione,
1301 956 1427 1012 quod
1455 957 1583 999 Deus
1610 956 1668 999 sit
1690 955 1864 1000 miseri-

234 1035 404 1079 cordia:
436 1035 650 1080 Christus
686 1050 769 1079 sua
805 1034 1012 1092 passione
1047 1035 1220 1090 absque
1257 1033 1349 1076 vllo
1370 1047 1472 1077 meo
1500 1032 1661 1076 merito
1682 1037 1767 1078 227
1788 1047 1861 1076 me

232 1112 560 1168 praeseruarit,
576 1127 660 1156 nec
676 1110 980 1168 dereliquerit,
998 1111 1378 1166 quemadmodum
1395 1110 1563 1152 multos
1579 1109 1691 1152 alios
1708 1109 1857 1154 etiarn.

326 1191 525 1246 Magnus
541 1197 791 1246 prouentus
805 1204 862 1232 ex
878 1187 1206 1232 tentationibus
1222 1186 1376 1240 variis;
1387 1195 1449 1240 et,
1461 1186 1578 1231 inter
1594 1185 1864 1242 praecipuos

234 1280 415 1318 sensus,
446 1265 629 1321 quidam
665 1265 1023 1309 mortificationis
1057 1275 1111 1308 ac
1143 1264 1318 1308 timoris
1347 1279 1404 1308 ex
1436 1263 1649 1307 memoria
1676 1263 1865 1306 tribula-

235 1342 385 1386 tionis.

322 1419 663 1464 Meditationem
685 1419 915 1476 praecedit
935 1408 982 1464 et
997 1418 1239 1462 comitatur
1260 1418 1434 1474 petitio,
1460 1419 1548 1460 hoc
1570 1426 1656 1470 est,
1680 1416 1859 1460 deside-

234 1495 351 1539 rium
369 1495 597 1549 adiutorii,
621 1496 918 1552 consequitur
938 1495 1093 1539 diuina
1114 1495 1282 1539 virtute
1303 1502 1349 1539 et
1370 1494 1518 1551 gratia
1537 1495 1713 1536 fructus
1729 1493 1774 1536 in
1792 1493 1863 1536 in-

241 1572 426 1625 tellectu
448 1577 502 1616 ac
522 1572 670 1629 potior
691 1573 736 1615 in
758 1574 1009 1616 voluntate.

323 1650 429 1694 Non
451 1657 522 1694 est
542 1663 759 1706 magnum
776 1649 831 1701 si,
857 1649 931 1692 vbi
953 1649 1150 1693 laudaris
1164 1657 1210 1693 et
1232 1650 1494 1692 consolatus
1521 1663 1585 1699 eS,
1614 1649 1685 1691 vel
1708 1648 1784 1690 vbi
1806 1661 1862 1690 ex

231 1726 458 1772 sententia
495 1726 575 1770 tibi
609 1742 681 1772 res
723 1728 991 1779 succedunt,
1028 1726 1293 1779 humilieris3
1317 1727 1398 1769 sed
1427 1725 1502 1768 vbi
1527 1726 1751 1769 accedunt
1789 1724 1863 1767 his
1928 1730 1934 1734 '

231 1803 476 1848 contraria.

318 1881 481 1925 Oratio
502 1881 583 1924 tibi
606 1882 839 1938 sequenda
860 1888 930 1925 est
950 1895 1020 1934 ea,
1043 1895 1161 1936 quae
1177 1895 1236 1925 ex
1259 1880 1507 1923 voluntatis
1537 1882 1704 1924 affectu
1727 1879 1866 1935 profi-

232 1957 435 2012 ciscitur,
459 1958 498 2001 si
520 1958 750 2015 potentiae
784 1958 864 2001 tibi
898 1957 1095 2003 tenuiter
1116 1957 1371 2001 inseruiunt
1406 1958 1464 2001 ad
1486 1956 1772 2014 operationes
1795 1956 1866 1999 in-

232 2034 527 2079 tellectuales.
554 2036 683 2080 Haec
713 2044 783 2079 est
805 2035 876 2077 via
898 2034 1079 2094 amoris,
1110 2049 1243 2090 quam
1274 2042 1511 2090 tantopere
1539 2033 1764 2077 extollunt
1785 2034 1866 2075 de-

232 2110 331 2154 uoti
351 2111 571 2155 homines.

322 2188 432 2231 Esto
452 2188 623 2232 Christi
637 2191 748 2246 jesu
771 2188 1022 2245 discipulus
1043 2189 1088 2231 in
1111 2188 1486 2245 sim228plicitate
1515 2188 1682 2238 cordis,
1714 2186 1839 2228 humi
1853 2213 1864 2216 -

233 2263 376 2318 litate,
399 2279 454 2308 ac
474 2265 580 2309 fide.

323 2341 381 2384 Et
400 2341 512 2384 nihil
528 2343 669 2385 altum
690 2357 850 2399 sapere
872 2343 1044 2399 cupias.

323 2419 499 2474 Aperto
519 2433 598 2463 ore
619 2419 768 2463 cordis
785 2419 850 2462 tui
880 2419 1084 2472 Christo,
1114 2420 1296 2476 suscipe
1325 2420 1532 2476 spiritum
1562 2419 1606 2460 in
1640 2416 1865 2460 suauitate

234 2494 412 2538 animae
433 2503 554 2548 tuae,
580 2504 626 2540 et
646 2510 870 2541 concurre
892 2511 996 2540 cum
1017 2496 1140 2540 iuius
1165 2496 1321 2541 diuina
1344 2496 1624 2553 operatione.

322 2572 555 2617 Diuinitus
576 2572 816 2616 videbatur
836 2573 1044 2630 impediri
1074 2573 1258 2630 quidam
1281 2589 1339 2618 ne
1361 2588 1542 2629 operam
1573 2573 1701 2614 daret
1725 2569 1866 2613 literis

235 2648 431 2701 curiose,
456 2664 574 2694 neue
610 2649 792 2694 lectioni
821 2651 1108 2694 ethnicorum
1143 2652 1273 2696 daret
1305 2665 1504 2707 operam,
1535 2648 1664 2705 quasi
1692 2647 1866 2691 videret

233 2726 382 2770 lucem
403 2726 582 2769 infundi
603 2726 688 2770 sibi
710 2741 876 2771 nouam
898 2728 957 2771 ad
978 2727 1204 2771 actionem
1227 2728 1411 2785 spiritus
1434 2727 1478 2768 in
1508 2724 1701 2780 simplici
1721 2731 1767 2767 et
1785 2725 1867 2767 de-

238 2810 343 2847 uota
364 2803 620 2860 scripturae
654 2804 963 2857 meditatione,
989 2805 1174 2849 Christo
1210 2805 1445 2861 magistro,
1478 2811 1571 2846 tum
1606 2802 1651 2843 in
1680 2808 1867 2843 externa

233 2879 564 2925 ministratione
580 2881 935 2925 ministeriorum
959 2882 1216 2927 Societatis.

322 2957 578 3014 Diligenter
599 2959 931 3003 aduertendum
954 2974 1011 3003 ne
1038 2960 1141 3011 luce
1168 2958 1493 3003 consolationis
1522 2955 1725 2999 abutaris
1747 2954 1867 2997 indi-

235 3041 382 3078 screte
400 3035 475 3079 vel
501 3035 648 3091 gratia
685 3036 952 3080 vocationis.
994 3039 1119 3081 Bene
1154 3037 1274 3082 enim
1298 3045 1445 3093 potest
1468 3043 1512 3079 et
1536 3034 1651 3076 male
1675 3031 1762 3075 illis
1783 3032 1865 3082 vti:
