2098 3470
625 218 981 254 Annonranoms
1005 215 1083 252 ὀμ
1108 218 1432 261 Excurrit—67
1739 217 1810 263 655

217 333 300 375 per
321 333 404 363 vos
423 320 585 364 efficax
607 319 667 363 sit
686 319 786 364 eius
806 319 1014 371 verbum;
1039 318 1163 374 quod
1185 331 1327 372 quum
1355 317 1414 360 sit
1442 318 1579 374 plane
1606 318 1852 374 infinitum,

215 395 418 440 diuinam
435 397 576 440 habet
592 395 891 447 maiestatem,
910 394 1203 446 suauitatem,
1222 394 1456 447 virtutem,
1476 396 1852 441 consolationem.

307 474 400 518 Sed
421 473 589 528 quibus
610 473 774 516 studiis
794 472 1026 515 literarum
1048 472 1157 514 dare
1178 485 1365 526 operam
1393 471 1531 515 debet
1559 480 1716 517 noster
1744 488 1856 518 con—

219 550 447 594 cionator?
483 551 747 606 Antequam
783 550 872 592 hoc
907 548 1073 603 dicam,
1113 547 1268 591 audite
1300 547 1588 592 traditionem
1624 564 1680 593 ex
1721 553 1856 594 Patre

219 627 413 684 Ignatio.
438 627 626 672 Sciebat
646 626 717 670 vir
737 626 813 670 ille
833 625 1015 682 sapiens
1035 625 1265 669 excellens
1287 638 1388 669 esse
1410 625 1711 670 ministerium
1729 642 1855 683 prae·

166 703 172 708 '
214 704 399 748 dicandi
420 705 612 748 verbum
633 703 720 747 Dei
741 703 790 746 in
817 702 1028 755 ecclesia,
1054 710 1151 745 tum
1178 701 1226 744 in
1254 701 1485 746 Societate
1508 702 1554 744 in
1586 703 1742 759 primis
1772 720 1855 750 ne-

216 780 464 824 cessarium
480 789 526 826 et
548 781 673 824 vtile.
699 782 816 824 Nam
833 794 975 836 quum
997 786 1155 822 noster
1175 778 1236 822 sit
1257 779 1363 821 finis
1383 786 1434 821 vt
1454 778 1708 823 animarum
1730 783 1853 825 salu-

215 865 368 902 temet
389 858 717 914 perfectionem
741 870 1052 913 procuremus,
1078 856 1205 899 nulla
1226 856 1297 899 vis
1331 855 1475 899 maior
1497 857 1556 899 ad
1583 857 1672 900 hoc
1699 859 1853 901 admo-

215 934 311 979 ueri
329 941 494 990 potest,
508 949 645 990 quam
663 933 934 977 concionum
951 932 989 977 si
1006 934 1162 976 demas
1178 940 1196 958 ³
1209 941 1514 985 sacramenta,
1536 948 1655 989 quae
1668 948 1724 978 ex
1742 949 1853 992 ope-

215 1017 264 1054 r‘e
291 1019 478 1067 operato
504 1013 569 1065 (vt
600 1012 852 1066 loquuntur
879 1010 1096 1066 theologi)
1129 1017 1238 1053 sunt
1269 1009 1490 1053 efficacia.
1537 1009 1591 1053 In
1619 1010 1706 1054 illis
1733 1012 1853 1056 enim

214 1100 350 1131 omne
370 1087 671 1131 ministerium
709 1087 838 1131 verbi
872 1086 960 1132 Dei
997 1085 1278 1138 continetur,
1312 1086 1525 1139 docendi,
1562 1089 1849 1140 exhortandi,

216 1164 448 1215 mouendi,
473 1164 670 1208 affectus
691 1178 850 1209 omnes
878 1178 983 1207 cum
1010 1163 1134 1208 omni
1166 1163 1391 1207 industria
1421 1172 1467 1208 et
1494 1164 1682 1220 spiritus
1711 1168 1851 1211 vehe-

216 1241 405 1285 mentia:
425 1242 531 1284 fons
547 1241 593 1284 in
611 1241 682 1284 his
697 1241 900 1298 aperitur
915 1240 1174 1285 diuinarum
1191 1240 1522 1297 scripturarum
1539 1249 1586 1285 et
1602 1242 1853 1298 sapientiae

148 1302 150 1304 ,
217 1325 264 1362 et
281 1317 501 1362 scientiae
517 1318 619 1363 Dei.
641 1319 771 1364 Haec
787 1318 932 1375 igitur
952 1332 1092 1374 quum
1108 1317 1248 1362 sciret
1272 1320 1325 1361 P.
1351 1318 1559 1374 [gnatius
1580 1327 1627 1363 et
1647 1321 1851 1374 doceret,

204 1394 330 1438 -illud
361 1395 699 1451 praescribebat
725 1396 897 1438 nullam
925 1403 1068 1438 artem
1105 1395 1355 1449 liberalem,
1387 1395 1558 1439 nullam
1595 1397 1848 1450 scientiam,

212 1486 330 1527 quae
356 1472 524 1516 afferre
552 1472 722 1527 aliquid
750 1472 958 1516 vtilitatis
992 1473 1051 1516 ad
1086 1473 1338 1516 ornandam
1374 1472 1641 1517 concionem
1679 1483 1850 1530 posset,

210 1562 312 1594 esse
341 1563 368 1592 a
395 1549 564 1592 nostris
591 1548 990 1603 concionatoribus
1022 1549 1315 1606 negligenda.
1350 1549 1524 1592 Audiui
1562 1565 1666 1607 ego,
1709 1566 1851 1607 quum

216 1626 399 1682 quidam
431 1626 557 1669 illum
584 1627 845 1687 consuleret
881 1641 938 1670 an
967 1626 1202 1670 Ciceronis
1231 1626 1461 1671 orationes
1488 1627 1766 1684 legerentur,
1800 1637 1849 1672 vt

212 1702 320 1748 inde
340 1702 511 1758 aliquid
527 1703 719 1746 subsidii
739 1703 796 1746 ad
814 1703 1063 1748 conciones
1080 1718 1342 1760 comparare
1363 1712 1535 1761 posset,
1561 1706 1849 1762 respondisse

213 1780 412 1823 Patrem:
438 1794 587 1836 posse.
609 1780 731 1823 Hinc
748 1780 859 1823 illud
878 1789 1109 1836 praeterea
1129 1789 1199 1825 est
1218 1784 1341 1838 quod
1364 1789 1539 1824 tantam
1563 1782 1848 1839 diligentiam

211 1853 262 1901 et
281 1857 653 1902 exercitationem
676 1858 734 1900 ad
755 1857 1001 1901 conciones
1022 1857 1327 1902 adhibendam
1351 1860 1582 1904 curauerit
1614 1869 1752 1916 atque
1775 1860 1848 1904 in-

198 1934 429 1987 .stituerit;
455 1934 564 1977 hinc
584 1936 707 1990 quod
729 1934 775 1976 in
803 1934 1207 1978 constitutionibus
1236 1943 1449 1979 accurate
1470 1937 1528 1980 de
1549 1937 1846 1981 concionato-

208 2025 311 2053 rum
349 2011 692 2067 praeparatione
722 2011 972 2072 tradiderit,
1003 2012 1111 2055 hinc
1147 2013 1269 2068 quod
1308 2021 1442 2056 tonos
1480 2014 1610 2071 (quos
1636 2014 1844 2077 dicimus)

210 2087 476 2140 instituerit,
501 2088 578 2144 qui
609 2088 804 2132 attinent
834 2090 891 2132 ad
919 2088 1146 2132 actionem
1182 2098 1227 2133 et
1263 2090 1696 2146 pronuntiationem,
1728 2107 1844 2148 quae

207 2179 291 2221 pro
311 2165 533 2208 varietate
555 2165 794 2208 nationum
816 2165 998 2209 diuersa
1018 2173 1102 2218 est,
1128 2181 1187 2211 ne
1216 2167 1319 2222 quis
1340 2169 1512 2220 credat,
1538 2169 1730 2224 qualiter
1752 2171 1846 2212 Ro-

213 2256 317 2287 mae
338 2242 433 2285 toni
455 2257 482 2284 a
503 2242 671 2286 nostris
698 2243 830 2294 fiunt,
856 2242 918 2285 ita
946 2243 990 2285 in
1018 2243 1230 2288 omnibus
1258 2245 1504 2300 prouinciis
1532 2246 1629 2288 fieri
1658 2247 1842 2292 debere.

297 2318 470 2362 Eodem
491 2326 700 2375 spectant
722 2327 813 2362 tam
837 2320 1099 2375 frequentes
1120 2321 1363 2364 conciones
1391 2322 1437 2363 in
1466 2322 1718 2366 refectoriis
1746 2324 1840 2365 col—

208 2394 433 2451 legiorum
450 2403 496 2439 et
517 2397 738 2439 domuum
755 2395 1051 2451 probationis.
1071 2397 1187 2440 Illud
1209 2398 1316 2441 item
1335 2398 1622 2441 meminimus
1639 2400 1842 2443 voluisse

205 2474 260 2516 P.
279 2471 526 2528 Ignatium,
546 2480 611 2524 vt,
626 2472 704 2528 qui
721 2473 891 2528 aliquid
908 2474 1136 2518 facultatis
1153 2475 1488 2531 pollicebantur
1505 2477 1561 2518 ad
1578 2477 1838 2531 conciones,

206 2556 256 2591 vt
288 2549 348 2592 ad
377 2549 533 2592 ruinas
555 2549 654 2593 illas
682 2549 904 2593 immanes
931 2550 1146 2606 antiquae
1175 2553 1346 2596 Romae
1384 2566 1545 2594 vocem
1577 2563 1842 2598 exercerent

205 2634 253 2669 et
274 2625 519 2678 actionem,
544 2626 760 2669 adhibitis
788 2627 1172 2672 obseruatoribus.
1206 2630 1314 2672 Huc
1349 2629 1612 2684 praesertim
1646 2631 1841 2674 contulit

204 2702 357 2746 omnia
377 2703 528 2746 studia
549 2702 764 2756 literaria,
783 2710 920 2760 atque
941 2704 1078 2747 etiam
1095 2715 1307 2749 accurate
1325 2707 1499 2748 solebat
1516 2708 1838 2751 commendare

204 2778 407 2822 studium
436 2779 754 2823 humaniorum
783 2780 1013 2823 literarum
1050 2782 1323 2838 etphrasim
1357 2782 1578 2825 eruditam
1617 2785 1838 2827 sermonis

205 2843 423 2913 vulgaris
459 2857 527 2899 Ex
554 2856 625 2900 his
655 2858 707 2900 P.
740 2856 905 2913 Ignatii
933 2857 1251 2901 traditionibus
1279 2859 1389 2902 satis
1418 2867 1597 2902 constat
1625 2859 1669 2901 in
1695 2875 1838 2915 quae-

275 3033 293 3049 a
341 3020 520 3059 Obscure
538 3029 754 3059 exaratum.
