2098 3470
666 269 900 310 ona-rioms
917 276 1313 306 vesunu-nones·-
1323 278 1370 314 70
1717 268 1788 315 713

291 375 387 418 Ora
406 375 555 419 Deum
575 380 640 427 vt,
665 371 843 429 aequali
863 367 963 415 eius
984 370 1193 423 seruitio,
1225 370 1307 413 tibi
1334 383 1473 426 opera
1499 385 1668 427 magna
1688 370 1726 414 si
1749 371 1831 415 de-

195 449 334 503 derit,
364 451 422 494 ad
448 450 548 495 eius
574 449 808 494 seruitium
836 448 884 491 id
907 447 971 491 'sit
998 462 1103 491 cum
1131 446 1387 491 humilitate
1414 446 1550 492 etiam
1578 455 1766 492 externa
1787 457 1834 491 et

194 527 452 572 >abiectione
471 527 529 571 ad
551 526 764 571 maiorem
785 524 1086 583 Christi-jesu
1108 524 1422 569 imitationem:
1455 538 1652 580 magnus
1675 524 1721 567 in
1743 526 1831 568 hac

151 663 159 671 .
201 619 251 648 re
272 619 451 657 sensuS,
475 603 742 658 consolatio,
766 610 856 646 etc.

289 681 462 726 Sensus
482 681 735 737 profundae
754 678 1022 732 humilitatis
1051 678 1191 721 totius
1212 677 1470 730 Societatis,
1495 678 1540 720 in
1565 677 1696 720 suaui
1718 692 1833 734 qua-

131 789 133 793 1
193 758 302 801 dam
323 759 430 802 luce
464 772 519 802 ac
553 756 704 801 cordis
738 755 996 808 dulcedine,
1036 762 1082 798 et
1102 754 1385 811 simpliciter,
1423 761 1470 799 et
1498 755 1621 810 quod
1648 769 1697 798 se
1720 755 1831 797 nulli

199 834 407 892 religioni
428 836 668 891 praeferat;
692 834 774 877 sed
794 832 986 878 caeteris
1007 831 1220 876 omnibus
1241 831 1377 875 etiam
1394 831 1561 875 sentiat
1578 846 1627 876 se
1648 831 1831 876 inferio-

195 919 310 964 rem,
335 913 511 955 nullum
534 925 651 968 opus
671 924 807 955 suum
827 909 1257 966 aliorum-operibus
1278 909 1522 966 praeferat,
1547 916 1677 953 ete...

286 993 371 1035 237
402 990 600 1045 Magnus
620 987 796 1044 gratiae
815 994 863 1031 et
881 985 1025 1030 diuini
1041 1000 1293 1030 concursus
1309 986 1409 1028 siue
1430 985 1707 1041 operationis
1723 1000 1831 1029 sen—

201 1080 280 1109 sus
301 1065 347 1109 in
370 1064 590 1122 principio
610 1064 732 1108 anni.

286 1141 625 1186 Animaduertit
645 1141 846 1197 quidam,
871 1140 948 1183 vbi
973 1147 1167 1184 conatur
1194 1139 1459 1193 admodum,
1494 1140 1588 1183 fere
1612 1139 1723 1183 nihil
1744 1140 1831 1183 sibi

196 1218 436 1276 provenire
456 1233 607 1262 rerum
628 1217 945 1274 spiritualium,
971 1218 1044 1260 vel
1064 1231 1238 1271 earum,
1263 1231 1382 1273 quae
1409 1217 1465 1259 ad
1497 1216 1738 1261 Societatis
1760 1225 1831 1260 at-

196 1295 344 1339 tinent
365 1294 629 1347 ministeria,
668 1302 777 1348 etc.;
816 1302 971 1351 postea
1006 1309 1117 1340 vero
1153 1295 1417 1350 frequenter
1453 1295 1596 1336 multa
1618 1293 1681 1336 illi
1702 1309 1830 1337 mon-

194 1379 412 1424 strantur,
438 1382 555 1427 quae
575 1371 749 1415 nesciat
770 1373 890 1415 vnde
910 1371 996 1415 sibi
1017 1370 1303 1428 proveniant,
1322 1371 1445 1415 haud
1466 1370 1605 1413 dubie
1620 1386 1645 1414 a
1667 1370 1829 1427 spiritu

195 1449 300 1503 Dei,
318 1456 369 1491 vt
389 1448 436 1491 in
457 1463 506 1492 se
527 1463 620 1492 non
641 1448 701 1492 sit
716 1449 967 1492 confidens.

285 1525 517 1570 Christum
546 1525 591 1568 in
619 1525 908 1577 eucharistia,
949 1525 995 1568 in
1016 1525 1151 1569 oculo
1189 1525 1295 1568 fidei
1331 1532 1616 1581 praesentem
1655 1525 1701 1567 in
1729 1540 1824 1569 cor-

196 1602 270 1655 de,
293 1609 381 1646 etc.

283 1680 355 1722 Tu
376 1679 522 1722 malus
543 1694 594 1722 es
615 1687 661 1724 et
691 1688 920 1736 peccator;
947 1679 1054 1724 time
1085 1679 1225 1737 igitur
1261 1681 1429 1732 Deum3
1470 1679 1548 1734 qui
1570 1694 1661 1722 non
1679 1679 1823 1731 timet,

194 1755 430 1812 profitetur
465 1771 516 1800 se
551 1771 643 1799 non
680 1771 780 1800 esse
817 1739 1121 1813 peccatorem3
1151 1756 1270 1800 'time
1303 1755 1444 1813 igitur
1483 1758 1649 1811 Deum,
1680 1764 1726 1800 et
1757 1764 1828 1800 ta-

192 1847 298 1877 men
318 1847 435 1876 ama.

284 1909 505 1966 Operatio
525 1923 629 1952 cum
651 1911 751 1954 Deo
773 1910 926 1954 corde.

283 1986 415 2042 Quae
442 1988 665 2029 hactenus
693 1986 818 2031 dedit
842 1987 1084 2040 Dominus,
1117 1988 1363 2043 repetenda
1390 2002 1443 2030 ac
1472 1989 1751 2040 renouanda,
1778 1996 1825 2030 vt

192 2061 324 2118 quasi
360 2077 417 2106 ex
446 2061 627 2120 integro
663 2063 819 2106 maiori
857 2063 1017 2119 spiritu
1050 2063 1096 2106 in
1134 2063 1390 2108 humilitate
1427 2065 1641 2121 progredi
1683 2064 1827 2121 possis

193 2137 240 2181 in
264 2140 385 2196 Xpo.

279 2220 367 2263 2³8
397 2215 544 2260 Simul
566 2217 716 2260 danda
736 2231 874 2273 opera
894 2232 949 2260 ex
972 2217 1152 2274 integro
1172 2224 1243 2260 est
1263 2217 1506 2271 exercitiis,
1537 2218 1823 2261 constitutio-

194 2291 346 2346 nibus,
369 2292 622 2349 priuilegiis
642 2293 922 2349 apostolicis,
943 2293 1130 2350 regulis,
1155 2294 1268 2338 actis
1291 2294 1441 2338 Patris
1468 2294 1632 2351 Ignatii
1663 2309 1714 2338 ac
1738 2295 1826 2339 So-

189 2368 384 2423 cietatis;
407 2369 623 2424 breuiter,
650 2370 733 2414 toti
748 2369 976 2423 instituto,
1001 2385 1054 2414 ac
1080 2371 1342 2428 proprietati
1366 2371 1541 2428 gratiae
1570 2379 1751 2415 nostrae
1774 2371 1819 2413 in

192 2446 311 2502 Xpo.
329 2448 458 2504 Jesu,
482 2454 528 2490 et
549 2446 682 2490 simul
706 2447 823 2490 serio
840 2446 1164 2504 coniungenda
1179 2447 1412 2492 meditatio
1430 2448 1537 2491 noui
1561 2447 1819 2491 testamenti

190 2522 236 2564 in
257 2522 428 2578 primis,
455 2531 551 2567 tum
578 2523 745 2568 veteris
767 2523 920 2578 etiarn,
952 2524 999 2567 in
1026 2524 1279 2569 humilitate
1308 2525 1493 2582 spiritus
1523 2539 1575 2567 ac
1605 2524 1823 2580 simplici-

191 2605 299 2644 tate.

279 2675 420 2719 Aliud
434 2683 503 2721 est
519 2676 787 2733 principium
806 2677 1109 2723 communiter
1130 2680 1440 2730 statuendum,
1461 2693 1550 2721 non
1574 2693 1629 2722 ex
1654 2677 1696 2720 vi
1720 2692 1823 2720 cor-

187 2751 275 2805 dis,
298 2753 380 2796 sed
400 2767 456 2796 ex
478 2753 706 2798 suauitate
726 2762 773 2797 et
795 2755 1144 2801 mansuetudine
1164 2755 1367 2812 spirituS.

277 2829 425 2874 Etiam
446 2830 485 2872 si
505 2830 783 2887 contigerint
798 2845 967 2887 magna
983 2832 1103 2875 dona
1119 2832 1320 2889 spiritus,
1342 2847 1509 2888 magna
1530 2831 1665 2874 etiam
1683 2846 1821 2887 opera

187 2913 236 2950 et
255 2906 605 2961 consolationes,
630 2921 807 2964 semper
831 2916 875 2952 te
890 2908 1118 2955 constitue
1134 2909 1183 2952 in
1199 2925 1254 2955 eo
1270 2911 1386 2962 loco,
1407 2909 1484 2951 vbi
1503 2916 1547 2952 te
1565 2909 1822 2964 apprehen-

179 2983 357 3027 derunt
378 2983 469 3036 illa,
493 2985 580 3027 hoc
602 2992 689 3039 est,
712 2984 760 3027 in
782 2984 947 3028 misero
969 2998 1023 3028 ac
1043 2987 1236 3042 perdito,
1260 2995 1350 3030 etc.

280 3059 479 3116 Quidam
500 3068 672 3112 attente
699 3061 858 3104 orabat
881 3062 1094 3117 angelum
1122 3077 1255 3106 suum
1284 3063 1535 3106 custodem:
1570 3062 1709 3105 sensit
1733 3061 1822 3117 pri-
