2098 3470
175 2559 331 2602 habet.

630 225 867 264 ourionis
892 232 1338 270 nasammonas—70
1686 222 1757 260 683

156 344 284 386 ,quae
309 343 432 374 nunc
458 330 687 374 habentur
712 327 759 371 in
786 325 954 384 precio;
978 333 1138 370 contra
1165 339 1274 369 vero
1300 325 1500 382 gloriosa
1527 327 1801 382 aparebunt‚

166 420 284 463 quae
305 420 428 451 nunc
449 405 753 464 ignominiosa
773 411 896 448 sunt.
923 403 1014 449 Hic
1036 417 1199 449 sensus
1222 417 1374 447 rerum
1405 410 1476 447 est
1499 402 1580 445 tibi
1604 402 1802 446 circum-

170 483 406 530 ferendus,

255 559 488 618 Affligeris
508 561 642 617 plena
663 558 975 603 tribulatione?
997 559 1203 603 Accurre
1224 558 1282 600 ad
1298 556 1549 608 Christum,
1575 557 1803 600 dicentem

169 638 215 681 in
237 651 390 681 cruce:
415 637 563 690 «Heli,
588 635 694 681 Heli
721 638 778 690 ¹3»
804 635 979 679 Times?
994 634 1292 695 angustiaris?
1314 633 1456 677 tristis
1478 635 1547 678 es?
1571 635 1646 676 Ad
1668 633 1779 677 Chri

168 723 290 758 stum
311 714 534 771 prolixius
554 722 776 766 orantem,
802 713 973 756 factum
1001 711 1048 754 in
1070 711 1253 769 agonia,
1278 719 1325 756 et
1348 711 1591 755 sudantem
1614 711 1779 767 sangui
1794 737 1804 741 -

170 808 276 838 nem
314 791 501 848 copiose
523 792 555 834 ἐ
576 806 680 834 nam
708 790 753 834 in
783 804 874 846 quo
904 805 1067 847 passus
1102 797 1171 834 est
1199 790 1297 846 ipse
1325 797 1370 834 et
1399 796 1618 840 tentatus,
1645 797 1806 845 potens

163 877 239 914 est
266 876 312 913 et
341 868 430 921 his,
461 868 539 924 qui
568 867 611 913 16
639 874 887 920 tentantur,
911 866 1133 910 auxiliari.
1167 865 1354 911 Recuba
1381 880 1560 922 semper
1589 867 1646 909 ad
1668 867 1807 923 pedes

170 945 375 990 crucifixi
392 947 521 1003 Jesu3
547 960 682 1001 super
705 952 752 989 te
777 945 964 990 deffluat
984 945 1084 990 eius
1111 944 1317 1002 sanguis;
1349 945 1486 988 corde
1507 958 1612 987 eum
1644 945 1808 999 depre-

170 1037 276 1068 care
297 1023 544 1074 feruenter,
585 1032 632 1063 vt
670 1021 784 1065 nihil
813 1022 959 1079 possis
980 1023 1103 1067 aliud
1141 1037 1278 1078 quam
1314 1021 1592 1065 desiderium
1615 1023 1701 1064 sub
1733 1021 1808 1063 illa

174 1098 562 1156 contemplatione
585 1099 641 1141 ad
663 1083 768 1143 eum
789 1099 1003 1156 dirigere.
1029 1100 1168 1156 Quod
1188 1099 1227 1143 si
1244 1107 1289 1142 te
1306 1099 1395 1142 alio
1411 1113 1503 1142 non
1520 1099 1659 1141 ducat
1676 1113 1807 1154 aper-

174 1186 250 1220 tus
269 1176 472 1233 spiritus,
497 1177 584 1218 hoc
616 1175 674 1219 sit
697 1176 763 1218 tui
790 1175 1036 1232 spiritualis
1055 1177 1258 1220 exercitii
1280 1176 1477 1219 initium.
1503 1177 1602 1220 Sub
1631 1177 1806 1227 vmbra,

159 1251 323 1309 ‘inquit
344 1253 576 1305 Salomon,
601 1252 721 1296 illius
743 1267 879 1309 quem
900 1253 1280 1306 desideraueram‚
1300 1253 1397 1297 sedi
1415 1255 1447 1296 ³.

261 1330 508 1374 Ponendus
536 1337 605 1374 est
643 1331 804 1373 modus
835 1330 1013 1384 studiis,
1038 1338 1087 1373 vt
1107 1330 1212 1383 iam,
1237 1339 1341 1387 post
1370 1338 1686 1374 consummata
1708 1338 1807 1373 stu-

170 1406 262 1461 dia,
285 1421 377 1450 non
409 1407 652 1450 admodum
681 1407 740 1450 sit
766 1408 1063 1453 laborandum
1091 1407 1138 1452 in
1159 1406 1302 1462 libris;
1326 1409 1408 1452 sed
1429 1423 1548 1465 quae
1578 1408 1703 1452 dedit
1728 1407 1808 1450 tibi

170 1485 298 1528 Deus
318 1497 399 1540 per
422 1491 551 1527 tuum
573 1484 792 1537 studium,
817 1499 871 1528 ea
890 1498 1054 1529 exerce
1075 1486 1133 1529 ad
1155 1493 1280 1528 tuam
1301 1493 1348 1529 et
1375 1486 1687 1542 proximorum
1716 1485 1808 1527 vti—

170 1560 359 1606 litatem.
383 1561 611 1623 Succedet
629 1575 739 1604 vero
760 1561 807 1604 in
828 1563 977 1606 locum
1000 1562 1257 1606 studiorum
1279 1562 1515 1607 meditatio
1537 1570 1584 1605 et
1601 1570 1809 1606 contem-

172 1637 328 1694 platio,
352 1652 410 1681 ex
430 1652 521 1693 qua
549 1639 627 1681 fiet
654 1653 735 1694 per
772 1639 1122 1683 misericordiam
1150 1639 1255 1692 Dei,
1286 1647 1335 1683 vt
1363 1648 1741 1685 consummentur
1764 1648 1810 1683 et

176 1713 462 1758 illustrentur
489 1715 689 1758 humana
717 1722 796 1757 tua
817 1715 967 1758 studia
995 1715 1147 1759 omnia
1168 1723 1215 1760 et
1241 1716 1446 1760 efficacia
1466 1717 1579 1760 fiant
1607 1717 1664 1759 ad
1686 1717 1809 1760 salu-

177 1797 269 1835 tem
290 1791 552 1843 multorum;
578 1799 625 1835 et
647 1799 797 1835 tamen
820 1792 864 1835 in
888 1792 974 1844 his,
996 1799 1043 1835 vt
1065 1793 1112 1835 in
1128 1792 1243 1846 aliis,
1262 1793 1493 1850 permittet
1514 1808 1565 1838 se
1582 1793 1732 1848 quiuis
1748 1794 1812 1836 le·-

174 1866 364 1924 gitimae
378 1867 680 1912 obedientiae.

260 1944 400 1987 Indue
423 1958 662 2000 personam
685 1953 979 2000 peccatorum
1001 1946 1203 1989 omnium
1226 1947 1271 1990 in
1295 1947 1339 1991 17
1368 1948 1575 1991 oratione
1603 1955 1649 1992 et
1677 1962 1811 1991 exer-

175 2019 295 2064 citiis
317 2020 408 2064 tuis
430 2035 508 2076 per
529 2021 771 2066 cordialem
810 2023 1024 2066 affectum
1061 2031 1107 2066 et
1133 2023 1407 2068 desiderium
1444 2024 1603 2068 salutis
1632 2039 1808 2069 eorum.

173 2095 243 2140 Ita
264 2097 371 2141 fecit
393 2099 560 2154 Xpus.,
581 2097 658 2154 qui
680 2106 835 2142 nostra
855 2107 1041 2155 peccata
1063 2100 1167 2143 tulit
1187 2101 1235 2143 in
1256 2115 1321 2154 se,
1341 2116 1424 2158 pro
1439 2101 1573 2145 nobis
1588 2110 1703 2155 orat,
1724 2116 1807 2144 no-

175 2181 316 2217 stram
338 2187 575 2231 personam
599 2175 732 2230 gerit.
1406 2222 1411 2240 ἱ

261 2250 382 2294 Vtile
409 2259 456 2295 et
484 2251 573 2294 hoc
603 2260 688 2295 est:
729 2266 966 2308 personam
1002 2253 1107 2310 Xpi.
1148 2268 1302 2311 agere,
1343 2255 1472 2311 quasi
1502 2256 1548 2298 in
1573 2263 1616 2298 te
1640 2255 1812 2300 sentias

175 2328 364 2384 Xpum.,
389 2335 435 2372 et
457 2343 511 2372 ex
534 2329 622 2371 hoc
643 2336 765 2371 statu
788 2330 860 2374 vel
882 2344 1020 2374 sensu
1041 2330 1214 2376 iudices
1235 2333 1309 2374 vel
1325 2332 1518 2389 dissipes
1536 2332 1813 2376 tentationes

174 2404 223 2447 in
239 2404 354 2461 ipso.

259 2481 467 2524 Abstulit
483 2496 562 2525 cor
579 2490 783 2525 nostrum
800 2482 1011 2527 Christus
1029 2485 1283 2530 ascendens
1300 2487 1356 2530 ad
1374 2487 1567 2538 coelum,
1590 2495 1635 2530 et
1652 2500 1807 2530 secum

228 2676 231 2677 ⁷
261 2635 364 2687 His,
389 2635 466 2691 qui
483 2635 663 2679 infirmo
679 2644 787 2680 sunt
804 2638 969 2694 capite,
988 2653 1080 2682 non
1098 2647 1168 2684 est
1183 2641 1479 2684 laborandum
1500 2640 1808 2691 meditatione,

174 2713 256 2757 sed
278 2714 445 2757 affectu
467 2714 699 2770 agendum
721 2729 826 2758 cum
849 2715 1040 2771 simplici
1063 2717 1263 2764 obiecto.

264 2789 526 2834 Humilitas.
551 2791 843 2848 Simplicitas.

262 2868 439 2910 Hortus
454 2867 514 2911 sit
536 2868 617 2911 tibi
634 2868 841 2913 consitus
870 2870 1169 2915 amenissimis
1196 2874 1434 2917 arboribus
1465 2888 1517 2915 ac
1547 2871 1811 2914 fructuosis-

245 2974 256 2996 ¹
308 2974 506 3027 Marwa,
531 2976 703 3023 XXVII,
722 2978 785 3023 46.
1221 2985 1235 3004 2
1286 2983 1406 3027 Luc„
1426 2982 1550 3027 XXII,
1570 2980 1630 3025 43,
1649 2991 1710 3025 44.

245 3035 260 3054 ⁵
309 3033 462 3081 CANT„
480 3035 530 3082 11,
548 3035 584 3071 3.
