2098 3470
323 270 393 316 566
791 271 946 309 Parius
973 273 1218 309 Hmaonvm
1243 272 1395 310 NADAL

277 387 365 415 non
390 371 636 416 dediscere.
663 373 907 417 Caeterum
929 389 987 417 an
1010 373 1068 417 sit
1090 373 1318 417 interdum
1349 374 1488 418 maior
1516 374 1753 431 diligentia
1774 376 1911 420 adhi-

279 449 443 502 benda,
468 447 514 490 id
537 448 742 492 censebit
764 449 1068 505 prouincialis.

366 529 448 571 535
471 525 875 570 Animaduertatur
898 526 1168 582 grauissime
1190 535 1235 571 et
1259 534 1445 570 curetur
1473 542 1530 571 ne
1556 529 1809 572 studiorum
1837 529 1910 573 in·-

279 600 421 644 tentio
446 601 644 645 remittat
667 601 885 645 virtutum
916 611 961 646 et
991 602 1229 659 religiosae
1256 603 1614 647 conuersationis
1643 604 1906 660 simplicita-

279 686 386 721 tem:
413 685 526 730 tum,
552 685 601 720 vt
622 677 874 722 studiorum
898 679 1017 733 finis,
1042 694 1176 734 quem
1199 681 1338 723 habet
1366 681 1585 732 Societas,
1617 681 1678 725 sit
1707 682 1911 738 perfecte

279 755 445 797 infixus
467 754 512 797 in
535 754 749 798 cordibus
770 764 1026 799 nostrorum
1051 756 1447 802 scholasticorum.

369 831 461 887 Qui
484 837 589 875 sunt
613 830 784 888 ingenii
806 833 1087 885 excellentis,
1113 833 1150 876 si
1168 818 1259 876 sint
1275 835 1423 878 bonae
1438 834 1619 886 mentis,
1639 834 1677 878 si
1694 835 1906 889 humiles,

280 908 317 950 si
329 907 510 973 ?deuoti,
536 907 590 950 iis
611 909 776 951 dentur
793 916 951 952 exacta
969 909 1134 962 studia,
1155 917 1203 952 vt
1222 911 1496 955 excellentes
1513 912 1710 955 euadant
1725 911 1770 954 in
1788 912 1911 955 omni

281 985 513 1028 literarum
537 985 807 1039 eruditione;
833 986 930 1028 aliis
953 987 1184 1029 moderata
1205 987 1354 1030 danda
1376 994 1501 1030 sunt.

371 1061 605 1106 Sustinere
627 1070 816 1118 possunt
839 1063 979 1106 nostri
1003 1070 1132 1106 actus
1154 1078 1262 1107 suos
1289 1064 1496 1119 publicos
1524 1064 1568 1106 in
1603 1064 1915 1108 vniuersitati-

283 1139 385 1191 bus,
412 1146 456 1182 et
479 1138 634 1181 selecti
657 1153 713 1182 ex
735 1138 843 1195 ipsis
866 1141 921 1182 ad
950 1141 1120 1195 gradus
1146 1129 1419 1196 promoueri,
1450 1141 1530 1184 sed
1557 1140 1655 1185 sine
1682 1141 1908 1197 expensis,

283 1216 441 1259 saltem
466 1223 579 1270 q'uas
601 1215 736 1258 faciat
759 1216 1018 1272 collegium.
1046 1218 1148 1259 Hoc
1171 1224 1322 1261 tamen
1339 1233 1397 1262 ne
1413 1218 1492 1259 fiat
1508 1217 1606 1261 sine
1623 1217 1918 1273 prouincialis

283 1292 575 1344 authoritate,
600 1292 639 1345 si
661 1307 758 1337 eam
782 1294 944 1336 habeat
967 1309 992 1336 a
1015 1293 1215 1350 generali
1238 1294 1512 1350 praeposito.

373 1371 637 1413 Doceantur
665 1369 808 1412 nostri
838 1370 972 1413 etiam
1002 1370 1252 1413 doctrinam
1275 1370 1586 1423 christianam,
1611 1371 1731 1414 vnde
1763 1371 1912 1414 idonei

287 1446 483 1488 evadant
505 1446 563 1488 ad
584 1445 703 1489 illam
726 1447 904 1502 publice
923 1448 1188 1495 docendam.

374 1527 457 1570 536
480 1524 585 1566 Non
607 1523 926 1579 permittantur
949 1524 1090 1566 nostri
1113 1538 1214 1566 cum
1246 1523 1445 1568 externis
1473 1524 1596 1579 loqui
1626 1532 1826 1581 tempore
1846 1512 1932 1568 lei

287 1599 492 1643 ctionum
515 1607 560 1643 et
582 1599 973 1653 exercitationum,
1007 1615 1125 1656 quae
1155 1601 1198 1643 in
1229 1601 1386 1644 schola
1413 1608 1491 1643 aut
1518 1601 1639 1643 domi
1670 1602 1801 1654 fiunt,
1837 1610 1916 1646 aut

286 1676 622 1721 exercitationis
645 1677 909 1733 corporalis.
938 1678 1093 1733 Itaque
1114 1677 1277 1734 ianitor
1299 1691 1353 1720 eo
1377 1684 1579 1733 tempore
1596 1686 1774 1722 nostros
1796 1679 1917 1736 apud

286 1761 499 1797 externos
522 1753 771 1798 excusabit.

376 1830 425 1875 Si
454 1830 555 1886 quis
582 1845 637 1874 ex
658 1830 864 1874 'externis
893 1831 1043 1874 studio
1081 1831 1311 1876 literarum
1351 1847 1438 1875 non
1478 1832 1660 1888 proficit
1681 1832 1726 1875 in
1743 1832 1909 1875 scholis

286 1906 468 1960 nostris,
494 1907 823 1951 admoneantur
839 1914 1050 1962 parentes
1073 1907 1186 1960 eius;
1213 1907 1306 1962 qui,
1327 1907 1364 1950 si
1387 1908 1680 1951 nihilominus
1703 1922 1923 1964 perseue—

287 1997 389 2027 rare
411 1996 489 2027 eos
513 1982 668 2034 velint,
693 1997 752 2026 ne
774 1983 1087 2026 excludantur.
1254 1969 1256 1971 ¹

378 2058 653 2117 Scholastici
674 2059 817 2102 nostri
841 2067 945 2102 eant
967 2074 1019 2102 ac
1040 2061 1227 2104 redeant
1249 2076 1274 2104 a
1311 2061 1480 2104 scholis
1501 2061 1650 2105 simul.
1686 2061 1923 2105 Obserue-

290 2144 364 2179 tur
385 2143 535 2181 autem
559 2136 713 2179 hocin
736 2138 902 2180 eundo:
929 2144 978 2179 vt
1000 2144 1101 2193 post
1130 2138 1286 2180 datum
1315 2138 1497 2194 signum
1527 2153 1791 2194 campanae,
1816 2145 1923 2182 cum

290 2213 457 2256 tamdiu
483 2219 771 2269 expectatum
795 2213 945 2267 fuerit,
968 2213 1182 2269 quamdiu
1201 2214 1310 2258 satis
1328 2215 1385 2257 sit
1406 2223 1456 2257 vt
1477 2230 1503 2257 a
1520 2214 1731 2258 cubiculo
1746 2215 1923 2271 longis-

290 2290 402 2333 sime
423 2289 622 2333 distante
643 2291 700 2333 ad
721 2291 903 2334 ianuam
928 2292 1153 2344 veniatur,
1180 2307 1238 2336 ne
1259 2291 1430 2335 diutius
1469 2298 1751 2347 expectetur,
1785 2305 1921 2346 quam

293 2381 384 2422 quo
408 2353 611 2423 tempore
633 2368 772 2412 semel
795 2368 1060 2411 recitaretur
1085 2368 1305 2412 «Credo».
1332 2369 1390 2411 Et
1414 2368 1491 2424 qui
1514 2374 1622 2432 tunc
1651 2368 1843 2412 aderunt
1865 2367 1923 2411 ad

292 2452 467 2500 portam
499 2444 749 2497 discedant,
775 2444 873 2487 aliis
902 2460 991 2487 non
1021 2445 1287 2501 expectatis;
1316 2452 1361 2488 et
1383 2445 1436 2487 iis
1465 2446 1597 2488 detur
1628 2443 1919 2501 poenitentia.

381 2525 463 2567 537
496 2521 902 2566 Animaduertatur
938 2529 1003 2574 vt,
1039 2521 1116 2577 qui
1153 2522 1198 2564 in
1236 2521 1525 2566 inferioribus
1561 2521 1781 2565 classibus
1817 2528 1928 2564 sunt

294 2605 626 2655 praeceptores,
651 2597 821 2641 tamdiu
845 2599 1165 2643 contineantur
1186 2607 1204 2624 ³
1226 2613 1316 2643 vna
1338 2599 1497 2651 classe,
1522 2599 1668 2642 donec
1688 2597 1750 2641 ita
1771 2597 1926 2654 profe-

292 2675 453 2728 cerint,
477 2682 526 2717 vt
550 2674 721 2731 possint
742 2676 799 2718 ad
827 2675 1107 2731 superiorem
1134 2676 1323 2719 classem
1345 2674 1575 2732 progredi3
1601 2689 1674 2727 ne,
1699 2673 1737 2717 si
1753 2673 1930 2717 diutius

294 2752 339 2795 in
362 2753 520 2796 eadem
543 2753 688 2797 classe
710 2751 1044 2805 contineantur,
1070 2759 1115 2796 et
1137 2767 1295 2809 parum
1318 2758 1617 2808 promoueant
1634 2750 1681 2794 in
1696 2749 1854 2804 literis,
1879 2757 1927 2793 et

296 2829 448 2872 taedio
472 2829 787 2894 conficiantur.
1520 2833 1522 2835 ’

384 2907 670 2950 Obseruetur
691 2906 767 2950 ille
783 2907 910 2958 ordo,
935 2920 1068 2961 quem
1093 2905 1382 2962 praescripsit
1404 2907 1540 2949 Pater
1562 2900 1714 2948 noster
1737 2917 1927 2961 genera-

367 3084 385 3101 a
410 3072 707 3109 continuantur
725 3085 796 3109 ms.
