<?xml version="1.0" encoding="UTF-8"?>
<!DOCTYPE html PUBLIC "-//W3C//DTD XHTML 1.0 Transitional//EN"
    "http://www.w3.org/TR/xhtml1/DTD/xhtml1-transitional.dtd">
<html xmlns="http://www.w3.org/1999/xhtml" xml:lang="en" lang="en">
 <head>
  <title>
</title>
<meta http-equiv="Content-Type" content="text/html;charset=utf-8" />
  <meta name='ocr-system' content='tesseract 3.04.00' />
  <meta name='ocr-capabilities' content='ocr_page ocr_carea ocr_par ocr_line ocrx_word'/>
</head>
<body>
  <div class='ocr_page' id='page_1' title='image "./epistolaephieron04nadauoft_0536.png"; bbox 0 0 2098 3470; ppageno 0'>
   <div class='ocr_carea' id='block_1_1' title="bbox 259 262 1334 304">
    <p class='ocr_par' dir='ltr' id='par_1_1' title="bbox 259 262 1334 304">
     <span class='ocr_line' id='line_1_1' title="bbox 259 262 1334 304; baseline 0.006 -10"><span class='ocrx_word' id='word_1_1' title='bbox 259 266 331 304; x_wconf 86' lang='lat'>510</span> <span class='ocrx_word' id='word_1_2' title='bbox 732 262 888 299; x_wconf 60' lang='lat' dir='ltr'>Pin-ms</span> <span class='ocrx_word' id='word_1_3' title='bbox 914 263 1157 300; x_wconf 73' lang='lat' dir='ltr'>HOERONYffl</span> <span class='ocrx_word' id='word_1_4' title='bbox 1184 263 1334 300; x_wconf 75' lang='lat' dir='ltr'>NAnAr.</span> 
     </span>
    </p>
   </div>
   <div class='ocr_carea' id='block_1_2' title="bbox 204 360 1866 2954">
    <p class='ocr_par' dir='ltr' id='par_1_2' title="bbox 208 360 1843 573">
     <span class='ocr_line' id='line_1_2' title="bbox 209 360 1843 421; baseline 0.002 -17"><span class='ocrx_word' id='word_1_5' title='bbox 209 361 273 405; x_wconf 94' lang='lat' dir='ltr'>do</span> <span class='ocrx_word' id='word_1_6' title='bbox 294 360 385 405; x_wconf 88' lang='lat' dir='ltr'>sint</span> <span class='ocrx_word' id='word_1_7' title='bbox 407 361 464 404; x_wconf 93' lang='lat' dir='ltr'>ad</span> <span class='ocrx_word' id='word_1_8' title='bbox 486 375 659 406; x_wconf 87' lang='lat' dir='ltr'>sacram</span> <span class='ocrx_word' id='word_1_9' title='bbox 681 363 886 420; x_wconf 85' lang='lat' dir='ltr'>synaxim</span> <span class='ocrx_word' id='word_1_10' title='bbox 909 364 1152 416; x_wconf 86' lang='lat' dir='ltr'>accessuri,</span> <span class='ocrx_word' id='word_1_11' title='bbox 1187 373 1363 420; x_wconf 85' lang='lat' dir='ltr'>praeter</span> <span class='ocrx_word' id='word_1_12' title='bbox 1386 371 1626 421; x_wconf 87' lang='lat' dir='ltr'>vrgentem</span> <span class='ocrx_word' id='word_1_13' title='bbox 1648 365 1843 421; x_wconf 80' lang='lat' dir='ltr'>aliquam</span> 
     </span>
     <span class='ocr_line' id='line_1_3' title="bbox 211 437 1843 499; baseline 0.003 -19"><span class='ocrx_word' id='word_1_14' title='bbox 211 437 532 484; x_wconf 88' lang='lat' dir='ltr'>necessitatem</span> <span class='ocrx_word' id='word_1_15' title='bbox 555 447 589 493; x_wconf 52' lang='grc' dir='ltr'>Β,</span> <span class='ocrx_word' id='word_1_16' title='bbox 615 442 995 496; x_wconf 85' lang='lat' dir='ltr'>quemadmodum</span> <span class='ocrx_word' id='word_1_17' title='bbox 1019 456 1102 485; x_wconf 89' lang='lat' dir='ltr'>nec</span> <span class='ocrx_word' id='word_1_18' title='bbox 1127 450 1386 485; x_wconf 88' lang='lat' dir='ltr'>nostrorum</span> <span class='ocrx_word' id='word_1_19' title='bbox 1410 441 1676 494; x_wconf 89' lang='lat' dir='ltr'>audiuntur,</span> <span class='ocrx_word' id='word_1_20' title='bbox 1709 457 1843 499; x_wconf 85' lang='lat' dir='ltr'>prae-</span> 
     </span>
     <span class='ocr_line' id='line_1_4' title="bbox 208 515 1766 573; baseline 0.004 -15"><span class='ocrx_word' id='word_1_21' title='bbox 208 515 365 559; x_wconf 80' lang='lat' dir='ltr'>sertim</span> <span class='ocrx_word' id='word_1_22' title='bbox 387 515 425 559; x_wconf 93' lang='lat' dir='ltr'>si</span> <span class='ocrx_word' id='word_1_23' title='bbox 447 516 642 573; x_wconf 89' lang='lat' dir='ltr'>saepius,</span> <span class='ocrx_word' id='word_1_24' title='bbox 666 531 801 572; x_wconf 88' lang='lat' dir='ltr'>quam</span> <span class='ocrx_word' id='word_1_25' title='bbox 824 520 962 562; x_wconf 89' lang='lat' dir='ltr'>semel</span> <span class='ocrx_word' id='word_1_26' title='bbox 984 519 1029 561; x_wconf 91' lang='lat' dir='ltr'>in</span> <span class='ocrx_word' id='word_1_27' title='bbox 1053 518 1352 570; x_wconf 87' lang='lat' dir='ltr'>hebdomada,</span> <span class='ocrx_word' id='word_1_28' title='bbox 1377 517 1585 562; x_wconf 89' lang='lat' dir='ltr'>confiteri</span> <span class='ocrx_word' id='word_1_29' title='bbox 1607 518 1766 564; x_wconf 90' lang='lat' dir='ltr'>velint.</span> 
     </span>
    </p>

    <p class='ocr_par' dir='ltr' id='par_1_3' title="bbox 205 593 1842 1494">
     <span class='ocr_line' id='line_1_5' title="bbox 301 593 1841 652; baseline 0.003 -17"><span class='ocrx_word' id='word_1_30' title='bbox 301 593 439 648; x_wconf 76' lang='lat' dir='ltr'>Quod</span> <span class='ocrx_word' id='word_1_31' title='bbox 462 593 674 638; x_wconf 86' lang='lat' dir='ltr'>scribitur</span> <span class='ocrx_word' id='word_1_32' title='bbox 696 595 843 652; x_wconf 89' lang='lat' dir='ltr'>capite</span> <span class='ocrx_word' id='word_1_33' title='bbox 873 595 935 639; x_wconf 89' lang='lat'>1.⁰</span> <span class='ocrx_word' id='word_1_34' title='bbox 958 604 1042 649; x_wconf 68' lang='lat'>42⁶</span> <span class='ocrx_word' id='word_1_35' title='bbox 1065 595 1206 651; x_wconf 90' lang='lat' dir='ltr'>partis</span> <span class='ocrx_word' id='word_1_36' title='bbox 1233 594 1610 639; x_wconf 86' lang='lat' dir='ltr'>constitutionum</span> <span class='ocrx_word' id='word_1_37' title='bbox 1640 603 1688 637; x_wconf 87' lang='lat' dir='ltr'>vt</span> <span class='ocrx_word' id='word_1_38' title='bbox 1709 610 1841 652; x_wconf 88' lang='lat' dir='ltr'>prae-</span> 
     </span>
     <span class='ocr_line' id='line_1_6' title="bbox 211 670 1839 729; baseline 0.002 -18"><span class='ocrx_word' id='word_1_39' title='bbox 211 670 387 725; x_wconf 87' lang='lat' dir='ltr'>positus</span> <span class='ocrx_word' id='word_1_40' title='bbox 409 670 651 726; x_wconf 84' lang='lat' dir='ltr'>generalis,</span> <span class='ocrx_word' id='word_1_41' title='bbox 676 686 779 715; x_wconf 90' lang='lat' dir='ltr'>cum</span> <span class='ocrx_word' id='word_1_42' title='bbox 802 672 997 728; x_wconf 89' lang='lat' dir='ltr'>primum</span> <span class='ocrx_word' id='word_1_43' title='bbox 1019 671 1246 729; x_wconf 84' lang='lat' dir='ltr'>possessio</span> <span class='ocrx_word' id='word_1_44' title='bbox 1268 671 1452 728; x_wconf 86' lang='lat' dir='ltr'>collegii</span> <span class='ocrx_word' id='word_1_45' title='bbox 1480 679 1664 728; x_wconf 90' lang='lat' dir='ltr'>accepta</span> <span class='ocrx_word' id='word_1_46' title='bbox 1688 672 1839 724; x_wconf 87' lang='lat' dir='ltr'>fuerit,</span> 
     </span>
     <span class='ocr_line' id='line_1_7' title="bbox 209 746 1842 806; baseline 0.004 -18"><span class='ocrx_word' id='word_1_47' title='bbox 209 752 342 789; x_wconf 90' lang='lat' dir='ltr'>curet</span> <span class='ocrx_word' id='word_1_48' title='bbox 363 746 500 789; x_wconf 89' lang='lat' dir='ltr'>indici</span> <span class='ocrx_word' id='word_1_49' title='bbox 522 756 573 790; x_wconf 91' lang='lat' dir='ltr'>vt</span> <span class='ocrx_word' id='word_1_50' title='bbox 595 754 686 791; x_wconf 88' lang='lat' dir='ltr'>tres</span> <span class='ocrx_word' id='word_1_51' title='bbox 709 748 874 793; x_wconf 90' lang='lat' dir='ltr'>missae</span> <span class='ocrx_word' id='word_1_52' title='bbox 896 765 920 791; x_wconf 87' lang='lat' dir='ltr'>a</span> <span class='ocrx_word' id='word_1_53' title='bbox 952 749 1144 806; x_wconf 89' lang='lat' dir='ltr'>singulis</span> <span class='ocrx_word' id='word_1_54' title='bbox 1171 748 1484 793; x_wconf 89' lang='lat' dir='ltr'>sacerdotibus</span> <span class='ocrx_word' id='word_1_55' title='bbox 1512 747 1652 792; x_wconf 90' lang='lat' dir='ltr'>totius</span> <span class='ocrx_word' id='word_1_56' title='bbox 1682 749 1842 794; x_wconf 84' lang='lat' dir='ltr'>Socie-</span> 
     </span>
     <span class='ocr_line' id='line_1_8' title="bbox 210 822 1842 882; baseline 0.002 -17"><span class='ocrx_word' id='word_1_57' title='bbox 210 822 317 865; x_wconf 91' lang='lat' dir='ltr'>tatis</span> <span class='ocrx_word' id='word_1_58' title='bbox 339 823 626 867; x_wconf 88' lang='lat' dir='ltr'>celebrentur</span> <span class='ocrx_word' id='word_1_59' title='bbox 647 839 730 882; x_wconf 91' lang='lat' dir='ltr'>pro</span> <span class='ocrx_word' id='word_1_60' title='bbox 754 826 999 869; x_wconf 83' lang='lat' dir='ltr'>fundatore</span> <span class='ocrx_word' id='word_1_61' title='bbox 1020 832 1065 868; x_wconf 90' lang='lat' dir='ltr'>et</span> <span class='ocrx_word' id='word_1_62' title='bbox 1087 824 1472 879; x_wconf 87' lang='lat' dir='ltr'>benefactoribus;</span> <span class='ocrx_word' id='word_1_63' title='bbox 1498 825 1605 868; x_wconf 89' lang='lat' dir='ltr'>item</span> <span class='ocrx_word' id='word_1_64' title='bbox 1637 832 1683 868; x_wconf 92' lang='lat' dir='ltr'>vt</span> <span class='ocrx_word' id='word_1_65' title='bbox 1713 832 1842 868; x_wconf 90' lang='lat' dir='ltr'>curet</span> 
     </span>
     <span class='ocr_line' id='line_1_9' title="bbox 208 898 1842 958; baseline 0.001 -16"><span class='ocrx_word' id='word_1_66' title='bbox 208 898 328 943; x_wconf 86' lang='lat' dir='ltr'>idem</span> <span class='ocrx_word' id='word_1_67' title='bbox 351 899 465 952; x_wconf 91' lang='lat' dir='ltr'>fieri,</span> <span class='ocrx_word' id='word_1_68' title='bbox 490 901 654 944; x_wconf 89' lang='lat' dir='ltr'>rescita</span> <span class='ocrx_word' id='word_1_69' title='bbox 676 910 820 945; x_wconf 89' lang='lat' dir='ltr'>morte</span> <span class='ocrx_word' id='word_1_70' title='bbox 844 902 1112 955; x_wconf 89' lang='lat' dir='ltr'>fundatoris,</span> <span class='ocrx_word' id='word_1_71' title='bbox 1138 914 1220 958; x_wconf 90' lang='lat' dir='ltr'>pro</span> <span class='ocrx_word' id='word_1_72' title='bbox 1241 901 1360 944; x_wconf 91' lang='lat' dir='ltr'>illius</span> <span class='ocrx_word' id='word_1_73' title='bbox 1382 901 1546 955; x_wconf 89' lang='lat' dir='ltr'>anima;</span> <span class='ocrx_word' id='word_1_74' title='bbox 1581 901 1842 958; x_wconf 86' lang='lat' dir='ltr'>intelligen-</span> 
     </span>
     <span class='ocr_line' id='line_1_10' title="bbox 209 975 1842 1038; baseline 0.002 -19"><span class='ocrx_word' id='word_1_75' title='bbox 209 977 321 1020; x_wconf 92' lang='lat' dir='ltr'>dum</span> <span class='ocrx_word' id='word_1_76' title='bbox 343 975 526 1021; x_wconf 90' lang='lat' dir='ltr'>videtur</span> <span class='ocrx_word' id='word_1_77' title='bbox 546 986 596 1021; x_wconf 92' lang='lat' dir='ltr'>vt</span> <span class='ocrx_word' id='word_1_78' title='bbox 617 986 747 1022; x_wconf 90' lang='lat' dir='ltr'>curet</span> <span class='ocrx_word' id='word_1_79' title='bbox 770 986 816 1022; x_wconf 89' lang='lat' dir='ltr'>et</span> <span class='ocrx_word' id='word_1_80' title='bbox 838 980 895 1022; x_wconf 91' lang='lat' dir='ltr'>ad</span> <span class='ocrx_word' id='word_1_81' title='bbox 918 979 1240 1035; x_wconf 89' lang='lat' dir='ltr'>prouincialem</span> <span class='ocrx_word' id='word_1_82' title='bbox 1262 977 1413 1031; x_wconf 88' lang='lat' dir='ltr'>simul,</span> <span class='ocrx_word' id='word_1_83' title='bbox 1432 986 1478 1022; x_wconf 91' lang='lat' dir='ltr'>et</span> <span class='ocrx_word' id='word_1_84' title='bbox 1501 979 1558 1022; x_wconf 90' lang='lat' dir='ltr'>ad</span> <span class='ocrx_word' id='word_1_85' title='bbox 1579 993 1629 1022; x_wconf 89' lang='lat' dir='ltr'>se</span> <span class='ocrx_word' id='word_1_86' title='bbox 1645 978 1842 1038; x_wconf 83' lang='lat' dir='ltr'>scribere</span> 
     </span>
     <span class='ocr_line' id='line_1_11' title="bbox 208 1053 1842 1112; baseline 0.001 -16"><span class='ocrx_word' id='word_1_87' title='bbox 208 1053 491 1110; x_wconf 89' lang='lat' dir='ltr'>superiorem</span> <span class='ocrx_word' id='word_1_88' title='bbox 515 1053 614 1099; x_wconf 91' lang='lat' dir='ltr'>eius</span> <span class='ocrx_word' id='word_1_89' title='bbox 643 1055 840 1112; x_wconf 85' lang='lat' dir='ltr'>collegii,</span> <span class='ocrx_word' id='word_1_90' title='bbox 868 1055 1000 1098; x_wconf 87' lang='lat' dir='ltr'>cuius</span> <span class='ocrx_word' id='word_1_91' title='bbox 1029 1054 1256 1111; x_wconf 84' lang='lat' dir='ltr'>possessio</span> <span class='ocrx_word' id='word_1_92' title='bbox 1288 1056 1394 1099; x_wconf 89' lang='lat' dir='ltr'>data</span> <span class='ocrx_word' id='word_1_93' title='bbox 1414 1063 1500 1108; x_wconf 88' lang='lat' dir='ltr'>est,</span> <span class='ocrx_word' id='word_1_94' title='bbox 1525 1056 1599 1100; x_wconf 88' lang='lat' dir='ltr'>vel</span> <span class='ocrx_word' id='word_1_95' title='bbox 1633 1062 1842 1099; x_wconf 89' lang='lat' dir='ltr'>mortuus</span> 
     </span>
     <span class='ocr_line' id='line_1_12' title="bbox 211 1130 1840 1189; baseline 0.002 -17"><span class='ocrx_word' id='word_1_96' title='bbox 211 1130 442 1183; x_wconf 81' lang='lat' dir='ltr'>fundator,</span> <span class='ocrx_word' id='word_1_97' title='bbox 467 1132 546 1174; x_wconf 90' lang='lat' dir='ltr'>sed</span> <span class='ocrx_word' id='word_1_98' title='bbox 570 1131 837 1188; x_wconf 91' lang='lat' dir='ltr'>prouinciali</span> <span class='ocrx_word' id='word_1_99' title='bbox 860 1131 917 1175; x_wconf 83' lang='lat' dir='ltr'>sit</span> <span class='ocrx_word' id='word_1_100' title='bbox 939 1146 1093 1184; x_wconf 80' lang='lat' dir='ltr'>curae,</span> <span class='ocrx_word' id='word_1_101' title='bbox 1113 1139 1162 1174; x_wconf 92' lang='lat' dir='ltr'>vt</span> <span class='ocrx_word' id='word_1_102' title='bbox 1184 1131 1228 1174; x_wconf 91' lang='lat' dir='ltr'>in</span> <span class='ocrx_word' id='word_1_103' title='bbox 1252 1146 1334 1175; x_wconf 88' lang='lat' dir='ltr'>sua</span> <span class='ocrx_word' id='word_1_104' title='bbox 1351 1132 1587 1189; x_wconf 88' lang='lat' dir='ltr'>prouincia</span> <span class='ocrx_word' id='word_1_105' title='bbox 1608 1133 1840 1176; x_wconf 89' lang='lat' dir='ltr'>celebren-</span> 
     </span>
     <span class='ocr_line' id='line_1_13' title="bbox 209 1206 1840 1264; baseline 0.001 -15"><span class='ocrx_word' id='word_1_106' title='bbox 209 1212 285 1249; x_wconf 85' lang='lat' dir='ltr'>tur</span> <span class='ocrx_word' id='word_1_107' title='bbox 305 1206 408 1251; x_wconf 89' lang='lat' dir='ltr'>illae</span> <span class='ocrx_word' id='word_1_108' title='bbox 430 1206 610 1260; x_wconf 88' lang='lat' dir='ltr'>missae,</span> <span class='ocrx_word' id='word_1_109' title='bbox 637 1215 682 1252; x_wconf 91' lang='lat' dir='ltr'>et</span> <span class='ocrx_word' id='word_1_110' title='bbox 704 1215 753 1250; x_wconf 93' lang='lat' dir='ltr'>vt</span> <span class='ocrx_word' id='word_1_111' title='bbox 775 1209 832 1252; x_wconf 93' lang='lat' dir='ltr'>de</span> <span class='ocrx_word' id='word_1_112' title='bbox 855 1208 1024 1251; x_wconf 89' lang='lat' dir='ltr'>eisdem</span> <span class='ocrx_word' id='word_1_113' title='bbox 1047 1207 1215 1251; x_wconf 86' lang='lat' dir='ltr'>scribat</span> <span class='ocrx_word' id='word_1_114' title='bbox 1244 1208 1302 1250; x_wconf 85' lang='lat' dir='ltr'>ad</span> <span class='ocrx_word' id='word_1_115' title='bbox 1331 1222 1410 1251; x_wconf 89' lang='lat' dir='ltr'>eos</span> <span class='ocrx_word' id='word_1_116' title='bbox 1432 1207 1752 1264; x_wconf 86' lang='lat' dir='ltr'>prouinciales,</span> <span class='ocrx_word' id='word_1_117' title='bbox 1783 1209 1840 1252; x_wconf 92' lang='lat' dir='ltr'>ad</span> 
     </span>
     <span class='ocr_line' id='line_1_14' title="bbox 205 1284 1840 1341; baseline 0.001 -15"><span class='ocrx_word' id='word_1_118' title='bbox 205 1297 324 1338; x_wconf 93' lang='lat' dir='ltr'>quos</span> <span class='ocrx_word' id='word_1_119' title='bbox 361 1284 553 1328; x_wconf 90' lang='lat' dir='ltr'>celerius</span> <span class='ocrx_word' id='word_1_120' title='bbox 589 1292 801 1340; x_wconf 90' lang='lat' dir='ltr'>poterunt</span> <span class='ocrx_word' id='word_1_121' title='bbox 839 1284 980 1340; x_wconf 84' lang='lat' dir='ltr'>ipsius</span> <span class='ocrx_word' id='word_1_122' title='bbox 1017 1284 1172 1328; x_wconf 88' lang='lat' dir='ltr'>literae</span> <span class='ocrx_word' id='word_1_123' title='bbox 1210 1284 1447 1341; x_wconf 88' lang='lat' dir='ltr'>peruenire</span> <span class='ocrx_word' id='word_1_124' title='bbox 1485 1299 1619 1340; x_wconf 91' lang='lat' dir='ltr'>quarn</span> <span class='ocrx_word' id='word_1_125' title='bbox 1649 1299 1840 1341; x_wconf 88' lang='lat' dir='ltr'>genera-</span> 
     </span>
     <span class='ocr_line' id='line_1_15' title="bbox 208 1359 1840 1418; baseline 0.001 -15"><span class='ocrx_word' id='word_1_126' title='bbox 208 1359 280 1412; x_wconf 90' lang='lat' dir='ltr'>lis,</span> <span class='ocrx_word' id='word_1_127' title='bbox 311 1366 400 1407; x_wconf 85' lang='lat'>407</span> <span class='ocrx_word' id='word_1_128' title='bbox 429 1361 506 1416; x_wconf 90' lang='lat' dir='ltr'>qui</span> <span class='ocrx_word' id='word_1_129' title='bbox 535 1360 662 1404; x_wconf 90' lang='lat' dir='ltr'>dabit</span> <span class='ocrx_word' id='word_1_130' title='bbox 690 1376 871 1418; x_wconf 82' lang='lat' dir='ltr'>operam</span> <span class='ocrx_word' id='word_1_131' title='bbox 899 1369 949 1404; x_wconf 84' lang='lat' dir='ltr'>vt</span> <span class='ocrx_word' id='word_1_132' title='bbox 977 1361 1122 1418; x_wconf 89' lang='lat' dir='ltr'>primo</span> <span class='ocrx_word' id='word_1_133' title='bbox 1144 1375 1325 1418; x_wconf 79' lang='lat' dir='ltr'>quoque</span> <span class='ocrx_word' id='word_1_134' title='bbox 1354 1369 1555 1418; x_wconf 88' lang='lat' dir='ltr'>tempore</span> <span class='ocrx_word' id='word_1_135' title='bbox 1583 1362 1641 1404; x_wconf 90' lang='lat' dir='ltr'>ad</span> <span class='ocrx_word' id='word_1_136' title='bbox 1669 1361 1840 1417; x_wconf 85' lang='lat' dir='ltr'>reliqua</span> 
     </span>
     <span class='ocr_line' id='line_1_16' title="bbox 206 1437 1073 1494; baseline -0.002 -12"><span class='ocrx_word' id='word_1_137' title='bbox 206 1437 453 1482; x_wconf 88' lang='lat' dir='ltr'>Societatis</span> <span class='ocrx_word' id='word_1_138' title='bbox 475 1438 574 1481; x_wconf 86' lang='lat' dir='ltr'>loca</span> <span class='ocrx_word' id='word_1_139' title='bbox 595 1438 714 1481; x_wconf 88' lang='lat' dir='ltr'>idern</span> <span class='ocrx_word' id='word_1_140' title='bbox 739 1438 1073 1494; x_wconf 14' lang='lat' dir='ltr'>perscribatur..</span> 
     </span>
    </p>

    <p class='ocr_par' dir='ltr' id='par_1_4' title="bbox 204 1514 1866 2263">
     <span class='ocr_line' id='line_1_17' title="bbox 301 1514 1839 1571; baseline 0 -13"><span class='ocrx_word' id='word_1_141' title='bbox 301 1516 488 1559; x_wconf 78' lang='lat' dir='ltr'>Praeter</span> <span class='ocrx_word' id='word_1_142' title='bbox 510 1529 587 1558; x_wconf 89' lang='lat' dir='ltr'>eas</span> <span class='ocrx_word' id='word_1_143' title='bbox 609 1515 914 1571; x_wconf 86' lang='lat' dir='ltr'>obligationes</span> <span class='ocrx_word' id='word_1_144' title='bbox 937 1515 993 1558; x_wconf 89' lang='lat' dir='ltr'>ad</span> <span class='ocrx_word' id='word_1_145' title='bbox 1015 1514 1175 1558; x_wconf 89' lang='lat' dir='ltr'>missas</span> <span class='ocrx_word' id='word_1_146' title='bbox 1197 1515 1507 1567; x_wconf 86' lang='lat' dir='ltr'>celebrandas,</span> <span class='ocrx_word' id='word_1_147' title='bbox 1527 1529 1643 1571; x_wconf 89' lang='lat' dir='ltr'>quae</span> <span class='ocrx_word' id='word_1_148' title='bbox 1662 1515 1709 1557; x_wconf 90' lang='lat' dir='ltr'>in</span> <span class='ocrx_word' id='word_1_149' title='bbox 1731 1529 1839 1558; x_wconf 83' lang='lat' dir='ltr'>con-</span> 
     </span>
     <span class='ocr_line' id='line_1_18' title="bbox 206 1590 1840 1647; baseline 0.001 -13"><span class='ocrx_word' id='word_1_150' title='bbox 206 1590 521 1634; x_wconf 89' lang='lat' dir='ltr'>stitutionibus</span> <span class='ocrx_word' id='word_1_151' title='bbox 560 1592 817 1645; x_wconf 89' lang='lat' dir='ltr'>traduntur,</span> <span class='ocrx_word' id='word_1_152' title='bbox 858 1599 903 1635; x_wconf 87' lang='lat' dir='ltr'>et</span> <span class='ocrx_word' id='word_1_153' title='bbox 931 1592 1141 1647; x_wconf 89' lang='lat' dir='ltr'>superius</span> <span class='ocrx_word' id='word_1_154' title='bbox 1172 1599 1280 1634; x_wconf 82' lang='lat' dir='ltr'>sunt</span> <span class='ocrx_word' id='word_1_155' title='bbox 1316 1598 1574 1644; x_wconf 87' lang='lat' dir='ltr'>annotatae,</span> <span class='ocrx_word' id='word_1_156' title='bbox 1610 1593 1734 1635; x_wconf 86' lang='lat' dir='ltr'>nulla</span> <span class='ocrx_word' id='word_1_157' title='bbox 1770 1599 1840 1636; x_wconf 88' lang='lat' dir='ltr'>est</span> 
     </span>
     <span class='ocr_line' id='line_1_19' title="bbox 204 1667 1839 1725; baseline 0.001 -14"><span class='ocrx_word' id='word_1_158' title='bbox 204 1667 294 1712; x_wconf 84' lang='lat' dir='ltr'>alia</span> <span class='ocrx_word' id='word_1_159' title='bbox 315 1668 360 1711; x_wconf 93' lang='lat' dir='ltr'>in</span> <span class='ocrx_word' id='word_1_160' title='bbox 383 1670 470 1711; x_wconf 83' lang='lat' dir='ltr'>hoc</span> <span class='ocrx_word' id='word_1_161' title='bbox 492 1683 661 1725; x_wconf 85' lang='lat' dir='ltr'>genere</span> <span class='ocrx_word' id='word_1_162' title='bbox 683 1668 901 1724; x_wconf 85' lang='lat' dir='ltr'>obligatio</span> <span class='ocrx_word' id='word_1_163' title='bbox 924 1668 969 1710; x_wconf 90' lang='lat' dir='ltr'>in</span> <span class='ocrx_word' id='word_1_164' title='bbox 993 1668 1202 1711; x_wconf 90' lang='lat' dir='ltr'>domibus</span> <span class='ocrx_word' id='word_1_165' title='bbox 1224 1668 1297 1712; x_wconf 87' lang='lat' dir='ltr'>vel</span> <span class='ocrx_word' id='word_1_166' title='bbox 1317 1668 1519 1724; x_wconf 84' lang='lat' dir='ltr'>collegiis</span> <span class='ocrx_word' id='word_1_167' title='bbox 1541 1668 1760 1712; x_wconf 89' lang='lat' dir='ltr'>soluenda</span> <span class='ocrx_word' id='word_1_168' title='bbox 1782 1684 1839 1712; x_wconf 87' lang='lat' dir='ltr'>ex</span> 
     </span>
     <span class='ocr_line' id='line_1_20' title="bbox 205 1744 1854 1802; baseline 0 -14"><span class='ocrx_word' id='word_1_169' title='bbox 205 1745 626 1798; x_wconf 87' lang='lat' dir='ltr'>constitutionibus;</span> <span class='ocrx_word' id='word_1_170' title='bbox 653 1760 745 1788; x_wconf 93' lang='lat' dir='ltr'>non</span> <span class='ocrx_word' id='word_1_171' title='bbox 775 1744 895 1788; x_wconf 90' lang='lat' dir='ltr'>enirn</span> <span class='ocrx_word' id='word_1_172' title='bbox 918 1744 1087 1801; x_wconf 89' lang='lat' dir='ltr'>patitur</span> <span class='ocrx_word' id='word_1_173' title='bbox 1107 1745 1311 1789; x_wconf 90' lang='lat' dir='ltr'>Societas</span> <span class='ocrx_word' id='word_1_174' title='bbox 1339 1759 1387 1788; x_wconf 89' lang='lat' dir='ltr'>se</span> <span class='ocrx_word' id='word_1_175' title='bbox 1415 1745 1513 1788; x_wconf 92' lang='lat' dir='ltr'>aliis</span> <span class='ocrx_word' id='word_1_176' title='bbox 1541 1744 1854 1802; x_wconf 68' lang='lat' dir='ltr'>obligationi-‘</span> 
     </span>
     <span class='ocr_line' id='line_1_21' title="bbox 206 1821 1840 1879; baseline 0.001 -14"><span class='ocrx_word' id='word_1_177' title='bbox 206 1823 295 1865; x_wconf 92' lang='lat' dir='ltr'>bus</span> <span class='ocrx_word' id='word_1_178' title='bbox 318 1837 344 1865; x_wconf 89' lang='lat' dir='ltr'>a</span> <span class='ocrx_word' id='word_1_179' title='bbox 367 1822 608 1865; x_wconf 84' lang='lat' dir='ltr'>fundatore</span> <span class='ocrx_word' id='word_1_180' title='bbox 631 1822 902 1878; x_wconf 86' lang='lat' dir='ltr'>constringi.</span> <span class='ocrx_word' id='word_1_181' title='bbox 935 1821 1204 1878; x_wconf 89' lang='lat' dir='ltr'>Superiores</span> <span class='ocrx_word' id='word_1_182' title='bbox 1237 1822 1477 1866; x_wconf 90' lang='lat' dir='ltr'>Societatis</span> <span class='ocrx_word' id='word_1_183' title='bbox 1499 1829 1691 1879; x_wconf 89' lang='lat' dir='ltr'>possunt</span> <span class='ocrx_word' id='word_1_184' title='bbox 1722 1821 1840 1866; x_wconf 92' lang='lat' dir='ltr'>nihi-</span> 
     </span>
     <span class='ocr_line' id='line_1_22' title="bbox 213 1898 1842 1955; baseline 0 -14"><span class='ocrx_word' id='word_1_185' title='bbox 213 1899 412 1955; x_wconf 80' lang='lat' dir='ltr'>lominus</span> <span class='ocrx_word' id='word_1_186' title='bbox 433 1898 594 1942; x_wconf 85' lang='lat' dir='ltr'>missas</span> <span class='ocrx_word' id='word_1_187' title='bbox 617 1898 819 1943; x_wconf 90' lang='lat' dir='ltr'>indicere</span> <span class='ocrx_word' id='word_1_188' title='bbox 847 1899 1013 1941; x_wconf 89' lang='lat' dir='ltr'>nostris</span> <span class='ocrx_word' id='word_1_189' title='bbox 1041 1898 1354 1942; x_wconf 87' lang='lat' dir='ltr'>sacerdotibus</span> <span class='ocrx_word' id='word_1_190' title='bbox 1376 1908 1420 1942; x_wconf 89' lang='lat' dir='ltr'>et</span> <span class='ocrx_word' id='word_1_191' title='bbox 1452 1899 1761 1955; x_wconf 88' lang='lat' dir='ltr'>praescribere</span> <span class='ocrx_word' id='word_1_192' title='bbox 1793 1907 1842 1942; x_wconf 93' lang='lat' dir='ltr'>vt</span> 
     </span>
     <span class='ocr_line' id='line_1_23' title="bbox 209 1974 1841 2032; baseline 0.001 -13"><span class='ocrx_word' id='word_1_193' title='bbox 209 1975 453 2032; x_wconf 87' lang='lat' dir='ltr'>applicent,</span> <span class='ocrx_word' id='word_1_194' title='bbox 481 1982 573 2018; x_wconf 88' lang='lat' dir='ltr'>tarn</span> <span class='ocrx_word' id='word_1_195' title='bbox 595 1990 676 2032; x_wconf 87' lang='lat' dir='ltr'>pro</span> <span class='ocrx_word' id='word_1_196' title='bbox 700 1975 1036 2027; x_wconf 88' lang='lat' dir='ltr'>communibus,</span> <span class='ocrx_word' id='word_1_197' title='bbox 1062 1989 1197 2031; x_wconf 89' lang='lat' dir='ltr'>quam</span> <span class='ocrx_word' id='word_1_198' title='bbox 1221 1974 1571 2032; x_wconf 89' lang='lat' dir='ltr'>particularibus</span> <span class='ocrx_word' id='word_1_199' title='bbox 1594 1975 1841 2020; x_wconf 87' lang='lat' dir='ltr'>necessita-</span> 
     </span>
     <span class='ocr_line' id='line_1_24' title="bbox 208 2051 1866 2109; baseline 0.001 -14"><span class='ocrx_word' id='word_1_200' title='bbox 208 2051 332 2095; x_wconf 91' lang='lat' dir='ltr'>tibus</span> <span class='ocrx_word' id='word_1_201' title='bbox 354 2052 427 2095; x_wconf 88' lang='lat' dir='ltr'>vel</span> <span class='ocrx_word' id='word_1_202' title='bbox 447 2052 656 2109; x_wconf 83' lang='lat' dir='ltr'>negociis</span> <span class='ocrx_word' id='word_1_203' title='bbox 678 2059 802 2096; x_wconf 86' lang='lat' dir='ltr'>recte</span> <span class='ocrx_word' id='word_1_204' title='bbox 831 2052 1040 2108; x_wconf 80' lang='lat' dir='ltr'>agendis,</span> <span class='ocrx_word' id='word_1_205' title='bbox 1071 2059 1117 2096; x_wconf 91' lang='lat' dir='ltr'>et</span> <span class='ocrx_word' id='word_1_206' title='bbox 1145 2065 1228 2108; x_wconf 87' lang='lat' dir='ltr'>pro</span> <span class='ocrx_word' id='word_1_207' title='bbox 1257 2052 1477 2108; x_wconf 88' lang='lat' dir='ltr'>collegiis,</span> <span class='ocrx_word' id='word_1_208' title='bbox 1502 2060 1548 2095; x_wconf 91' lang='lat' dir='ltr'>et</span> <span class='ocrx_word' id='word_1_209' title='bbox 1569 2067 1652 2108; x_wconf 93' lang='lat' dir='ltr'>pro</span> <span class='ocrx_word' id='word_1_210' title='bbox 1674 2053 1841 2096; x_wconf 88' lang='lat' dir='ltr'>nostris</span> <span class='ocrx_word' id='word_1_211' title='bbox 1863 2059 1866 2060; x_wconf 48' lang='lat'><em>⁷</em></span> 
     </span>
     <span class='ocr_line' id='line_1_25' title="bbox 210 2128 1839 2185; baseline 0 -12"><span class='ocrx_word' id='word_1_212' title='bbox 210 2129 424 2173; x_wconf 88' lang='lat' dir='ltr'>Patribus</span> <span class='ocrx_word' id='word_1_213' title='bbox 440 2137 485 2173; x_wconf 91' lang='lat' dir='ltr'>et</span> <span class='ocrx_word' id='word_1_214' title='bbox 508 2129 737 2182; x_wconf 89' lang='lat' dir='ltr'>fratribus,</span> <span class='ocrx_word' id='word_1_215' title='bbox 759 2137 804 2173; x_wconf 90' lang='lat' dir='ltr'>et</span> <span class='ocrx_word' id='word_1_216' title='bbox 822 2144 903 2185; x_wconf 89' lang='lat' dir='ltr'>pro</span> <span class='ocrx_word' id='word_1_217' title='bbox 920 2129 1133 2173; x_wconf 85' lang='lat' dir='ltr'>externis.</span> <span class='ocrx_word' id='word_1_218' title='bbox 1156 2128 1414 2185; x_wconf 89' lang='lat' dir='ltr'>Applicatio</span> <span class='ocrx_word' id='word_1_219' title='bbox 1432 2136 1584 2173; x_wconf 91' lang='lat' dir='ltr'>autem</span> <span class='ocrx_word' id='word_1_220' title='bbox 1602 2129 1839 2173; x_wconf 88' lang='lat' dir='ltr'>missarum</span> 
     </span>
     <span class='ocr_line' id='line_1_26' title="bbox 206 2206 1239 2263; baseline -0.001 -14"><span class='ocrx_word' id='word_1_221' title='bbox 206 2219 315 2249; x_wconf 89' lang='lat' dir='ltr'>curn</span> <span class='ocrx_word' id='word_1_222' title='bbox 338 2221 505 2263; x_wconf 86' lang='lat' dir='ltr'>magna</span> <span class='ocrx_word' id='word_1_223' title='bbox 527 2206 933 2262; x_wconf 88' lang='lat' dir='ltr'>circumspectione</span> <span class='ocrx_word' id='word_1_224' title='bbox 955 2207 1135 2263; x_wconf 88' lang='lat' dir='ltr'>agenda</span> <span class='ocrx_word' id='word_1_225' title='bbox 1155 2213 1239 2249; x_wconf 87' lang='lat' dir='ltr'>est.</span> 
     </span>
    </p>

    <p class='ocr_par' dir='ltr' id='par_1_5' title="bbox 206 2283 1854 2954">
     <span class='ocr_line' id='line_1_27' title="bbox 298 2283 1843 2340; baseline -0.001 -12"><span class='ocrx_word' id='word_1_226' title='bbox 298 2285 570 2328; x_wconf 89' lang='lat' dir='ltr'>Moneantur</span> <span class='ocrx_word' id='word_1_227' title='bbox 591 2283 851 2327; x_wconf 89' lang='lat' dir='ltr'>sacerdotes</span> <span class='ocrx_word' id='word_1_228' title='bbox 874 2299 931 2327; x_wconf 91' lang='lat' dir='ltr'>ne</span> <span class='ocrx_word' id='word_1_229' title='bbox 953 2283 998 2325; x_wconf 92' lang='lat' dir='ltr'>in</span> <span class='ocrx_word' id='word_1_230' title='bbox 1021 2283 1276 2335; x_wconf 89' lang='lat' dir='ltr'>missarum,</span> <span class='ocrx_word' id='word_1_231' title='bbox 1302 2284 1374 2327; x_wconf 89' lang='lat' dir='ltr'>vel</span> <span class='ocrx_word' id='word_1_232' title='bbox 1397 2283 1671 2335; x_wconf 91' lang='lat' dir='ltr'>orationum,</span> <span class='ocrx_word' id='word_1_233' title='bbox 1697 2284 1843 2340; x_wconf 89' lang='lat' dir='ltr'>appli-</span> 
     </span>
     <span class='ocr_line' id='line_1_28' title="bbox 207 2359 1842 2416; baseline -0.001 -12"><span class='ocrx_word' id='word_1_234' title='bbox 207 2360 390 2404; x_wconf 86' lang='lat' dir='ltr'>catione</span> <span class='ocrx_word' id='word_1_235' title='bbox 418 2360 660 2403; x_wconf 78' lang='lat' dir='ltr'>videantur</span> <span class='ocrx_word' id='word_1_236' title='bbox 689 2374 791 2403; x_wconf 88' lang='lat' dir='ltr'>esse</span> <span class='ocrx_word' id='word_1_237' title='bbox 828 2359 1130 2416; x_wconf 87' lang='lat' dir='ltr'>proprietarii,</span> <span class='ocrx_word' id='word_1_238' title='bbox 1172 2373 1319 2415; x_wconf 86' lang='lat' dir='ltr'>neque</span> <span class='ocrx_word' id='word_1_239' title='bbox 1356 2360 1545 2403; x_wconf 87' lang='lat' dir='ltr'>moleste</span> <span class='ocrx_word' id='word_1_240' title='bbox 1582 2361 1729 2404; x_wconf 88' lang='lat' dir='ltr'>ferant</span> <span class='ocrx_word' id='word_1_241' title='bbox 1767 2360 1842 2403; x_wconf 91' lang='lat' dir='ltr'>vbi</span> 
     </span>
     <span class='ocr_line' id='line_1_29' title="bbox 209 2435 1844 2494; baseline -0.001 -13"><span class='ocrx_word' id='word_1_242' title='bbox 209 2438 416 2494; x_wconf 88' lang='lat' dir='ltr'>superior</span> <span class='ocrx_word' id='word_1_243' title='bbox 439 2437 599 2480; x_wconf 88' lang='lat' dir='ltr'>missas</span> <span class='ocrx_word' id='word_1_244' title='bbox 622 2435 835 2493; x_wconf 88' lang='lat' dir='ltr'>applicari</span> <span class='ocrx_word' id='word_1_245' title='bbox 860 2436 1140 2492; x_wconf 87' lang='lat' dir='ltr'>praescribit.</span> <span class='ocrx_word' id='word_1_246' title='bbox 1167 2437 1286 2480; x_wconf 87' lang='lat' dir='ltr'>Sunt</span> <span class='ocrx_word' id='word_1_247' title='bbox 1307 2435 1427 2478; x_wconf 87' lang='lat' dir='ltr'>enim</span> <span class='ocrx_word' id='word_1_248' title='bbox 1450 2441 1537 2482; x_wconf 85' lang='lat'>408</span> <span class='ocrx_word' id='word_1_249' title='bbox 1561 2443 1652 2480; x_wconf 90' lang='lat' dir='ltr'>tres</span> <span class='ocrx_word' id='word_1_250' title='bbox 1673 2437 1844 2493; x_wconf 83' lang='lat' dir='ltr'>gradus</span> 
     </span>
     <span class='ocr_line' id='line_1_30' title="bbox 209 2512 1843 2570; baseline -0.001 -12"><span class='ocrx_word' id='word_1_251' title='bbox 209 2514 471 2558; x_wconf 89' lang='lat' dir='ltr'>huiusmodi</span> <span class='ocrx_word' id='word_1_252' title='bbox 504 2513 873 2570; x_wconf 85' lang='lat' dir='ltr'>applicationum.</span> <span class='ocrx_word' id='word_1_253' title='bbox 908 2513 1088 2556; x_wconf 88' lang='lat' dir='ltr'>Primus</span> <span class='ocrx_word' id='word_1_254' title='bbox 1116 2513 1288 2569; x_wconf 91' lang='lat' dir='ltr'>gradus</span> <span class='ocrx_word' id='word_1_255' title='bbox 1317 2519 1406 2555; x_wconf 89' lang='lat' dir='ltr'>tam</span> <span class='ocrx_word' id='word_1_256' title='bbox 1436 2512 1667 2566; x_wconf 84' lang='lat' dir='ltr'>orationis,</span> <span class='ocrx_word' id='word_1_257' title='bbox 1707 2528 1843 2568; x_wconf 89' lang='lat' dir='ltr'>quam</span> 
     </span>
     <span class='ocr_line' id='line_1_31' title="bbox 210 2588 1842 2647; baseline -0.001 -13"><span class='ocrx_word' id='word_1_258' title='bbox 210 2591 376 2636; x_wconf 86' lang='lat' dir='ltr'>missae</span> <span class='ocrx_word' id='word_1_259' title='bbox 398 2590 712 2647; x_wconf 87' lang='lat' dir='ltr'>applicationis</span> <span class='ocrx_word' id='word_1_260' title='bbox 736 2589 1003 2633; x_wconf 88' lang='lat' dir='ltr'>vniuersalis</span> <span class='ocrx_word' id='word_1_261' title='bbox 1026 2597 1095 2632; x_wconf 92' lang='lat' dir='ltr'>est</span> <span class='ocrx_word' id='word_1_262' title='bbox 1116 2590 1174 2632; x_wconf 89' lang='lat' dir='ltr'>ad</span> <span class='ocrx_word' id='word_1_263' title='bbox 1201 2588 1419 2633; x_wconf 89' lang='lat' dir='ltr'>ecclesiae</span> <span class='ocrx_word' id='word_1_264' title='bbox 1446 2589 1759 2642; x_wconf 89' lang='lat' dir='ltr'>intentionem,</span> <span class='ocrx_word' id='word_1_265' title='bbox 1785 2605 1842 2634; x_wconf 85' lang='lat' dir='ltr'>ex</span> 
     </span>
     <span class='ocr_line' id='line_1_32' title="bbox 210 2665 1843 2725; baseline 0 -14"><span class='ocrx_word' id='word_1_266' title='bbox 210 2683 303 2724; x_wconf 92' lang='lat' dir='ltr'>quo</span> <span class='ocrx_word' id='word_1_267' title='bbox 326 2669 473 2725; x_wconf 89' lang='lat' dir='ltr'>gradu</span> <span class='ocrx_word' id='word_1_268' title='bbox 504 2668 657 2710; x_wconf 90' lang='lat' dir='ltr'>nullus</span> <span class='ocrx_word' id='word_1_269' title='bbox 680 2666 954 2711; x_wconf 88' lang='lat' dir='ltr'>excluditur.</span> <span class='ocrx_word' id='word_1_270' title='bbox 983 2667 1227 2710; x_wconf 88' lang='lat' dir='ltr'>Secundus</span> <span class='ocrx_word' id='word_1_271' title='bbox 1260 2667 1430 2722; x_wconf 89' lang='lat' dir='ltr'>gradus</span> <span class='ocrx_word' id='word_1_272' title='bbox 1462 2674 1531 2710; x_wconf 89' lang='lat' dir='ltr'>est</span> <span class='ocrx_word' id='word_1_273' title='bbox 1558 2665 1766 2722; x_wconf 89' lang='lat' dir='ltr'>specialis</span> <span class='ocrx_word' id='word_1_274' title='bbox 1797 2675 1843 2711; x_wconf 93' lang='lat' dir='ltr'>et</span> 
     </span>
     <span class='ocr_line' id='line_1_33' title="bbox 209 2742 1842 2802; baseline -0.002 -13"><span class='ocrx_word' id='word_1_275' title='bbox 209 2759 506 2802; x_wconf 89' lang='lat' dir='ltr'>personarum</span> <span class='ocrx_word' id='word_1_276' title='bbox 529 2752 575 2788; x_wconf 92' lang='lat' dir='ltr'>et</span> <span class='ocrx_word' id='word_1_277' title='bbox 598 2758 766 2788; x_wconf 89' lang='lat' dir='ltr'>rerum.</span> <span class='ocrx_word' id='word_1_278' title='bbox 792 2742 975 2787; x_wconf 87' lang='lat' dir='ltr'>Tertius</span> <span class='ocrx_word' id='word_1_279' title='bbox 997 2757 1107 2786; x_wconf 91' lang='lat' dir='ltr'>vero</span> <span class='ocrx_word' id='word_1_280' title='bbox 1130 2742 1497 2799; x_wconf 89' lang='lat' dir='ltr'>specialissimus,</span> <span class='ocrx_word' id='word_1_281' title='bbox 1523 2751 1568 2788; x_wconf 91' lang='lat' dir='ltr'>et</span> <span class='ocrx_word' id='word_1_282' title='bbox 1590 2743 1668 2799; x_wconf 92' lang='lat' dir='ltr'>qui</span> <span class='ocrx_word' id='word_1_283' title='bbox 1690 2757 1842 2787; x_wconf 88' lang='lat' dir='ltr'>sacer-</span> 
     </span>
     <span class='ocr_line' id='line_1_34' title="bbox 206 2819 1843 2878; baseline -0.002 -12"><span class='ocrx_word' id='word_1_284' title='bbox 206 2822 394 2866; x_wconf 83' lang='lat' dir='ltr'>dotibus</span> <span class='ocrx_word' id='word_1_285' title='bbox 416 2821 526 2878; x_wconf 87' lang='lat' dir='ltr'>ipsis</span> <span class='ocrx_word' id='word_1_286' title='bbox 547 2820 906 2865; x_wconf 88' lang='lat' dir='ltr'>sacrificantibus</span> <span class='ocrx_word' id='word_1_287' title='bbox 930 2828 997 2862; x_wconf 89' lang='lat' dir='ltr'>est</span> <span class='ocrx_word' id='word_1_288' title='bbox 1019 2819 1160 2862; x_wconf 90' lang='lat' dir='ltr'>veluti</span> <span class='ocrx_word' id='word_1_289' title='bbox 1182 2820 1406 2876; x_wconf 89' lang='lat' dir='ltr'>proprius.</span> <span class='ocrx_word' id='word_1_290' title='bbox 1427 2821 1600 2876; x_wconf 86' lang='lat' dir='ltr'>Itaque,</span> <span class='ocrx_word' id='word_1_291' title='bbox 1626 2834 1730 2864; x_wconf 91' lang='lat' dir='ltr'>cum</span> <span class='ocrx_word' id='word_1_292' title='bbox 1754 2820 1843 2863; x_wconf 91' lang='lat' dir='ltr'>So·-</span> 
     </span>
     <span class='ocr_line' id='line_1_35' title="bbox 208 2880 1854 2954; baseline -0.002 -11"><span class='ocrx_word' id='word_1_293' title='bbox 208 2899 354 2944; x_wconf 88' lang='lat' dir='ltr'>cietas</span> <span class='ocrx_word' id='word_1_294' title='bbox 382 2899 697 2954; x_wconf 88' lang='lat' dir='ltr'>cuiuscunque</span> <span class='ocrx_word' id='word_1_295' title='bbox 726 2897 788 2940; x_wconf 89' lang='lat' dir='ltr'>rei</span> <span class='ocrx_word' id='word_1_296' title='bbox 816 2911 953 2940; x_wconf 90' lang='lat' dir='ltr'>causa</span> <span class='ocrx_word' id='word_1_297' title='bbox 982 2897 1162 2939; x_wconf 88' lang='lat' dir='ltr'>missam</span> <span class='ocrx_word' id='word_1_298' title='bbox 1185 2897 1404 2941; x_wconf 86' lang='lat' dir='ltr'>celebrari</span> <span class='ocrx_word' id='word_1_299' title='bbox 1427 2897 1662 2954; x_wconf 87' lang='lat' dir='ltr'>praecipit,</span> <span class='ocrx_word' id='word_1_300' title='bbox 1688 2880 1854 2953; x_wconf 82' lang='lat' dir='ltr'>requi-¹</span> 
     </span>
    </p>
   </div>
   <div class='ocr_carea' id='block_1_3' title="bbox 282 3061 1180 3112">
    <p class='ocr_par' dir='ltr' id='par_1_6' title="bbox 282 3061 1180 3112">
     <span class='ocr_line' id='line_1_36' title="bbox 282 3061 1180 3112; baseline -0.003 -10"><span class='ocrx_word' id='word_1_301' title='bbox 282 3077 301 3094; x_wconf 80' lang='lat' dir='ltr'>a</span> <span class='ocrx_word' id='word_1_302' title='bbox 351 3076 373 3111; x_wconf 82' lang='lat'>4</span> <span class='ocrx_word' id='word_1_303' title='bbox 390 3066 511 3105; x_wconf 83' lang='lat' dir='ltr'>verba</span> <span class='ocrx_word' id='word_1_304' title='bbox 531 3062 805 3112; x_wconf 87' lang='lat' dir='ltr'>praecedentia</span> <span class='ocrx_word' id='word_1_305' title='bbox 824 3061 954 3097; x_wconf 83' lang='lat' dir='ltr'>addita</span> <span class='ocrx_word' id='word_1_306' title='bbox 974 3062 1180 3109; x_wconf 86' lang='lat' dir='ltr'>posterius.</span> 
     </span>
    </p>
   </div>
   <div class='ocr_carea' id='block_1_4' title="bbox 2023 1130 2098 3470">
    <p class='ocr_par' dir='ltr' id='par_1_7' title="bbox 2023 1130 2098 3470">
     <span class='ocr_line' id='line_1_37' title="bbox 2023 1130 2098 3470; baseline 0 0"><span class='ocrx_word' id='word_1_307' title='bbox 2023 1130 2098 3470; x_wconf 95' lang='lat' dir='ltr'> </span> 
     </span>
    </p>
   </div>
  </div>
 </body>
</html>
