2098 3470
319 285 390 322 336
792 288 947 326 PA’rms
973 290 1216 327 HmRONYMI
1242 290 1394 326 NADAL

361 389 410 431 In
440 388 597 444 lingua
625 389 886 445 germanica
914 390 1004 434 sint
1033 390 1399 444 obseruationeS,
1431 399 1476 436 et
1514 391 1712 451 [dentur]
1743 392 1904 449 poeni-

274 464 459 516 tentiae,
488 472 535 507 ut
558 465 604 507 in
627 465 725 508 aliis
748 466 1056 524 negligentiis.

362 544 614 586 Possumus
651 544 792 587 offitia
828 552 872 588 et
901 545 1055 588 munia
1083 545 1339 589 academiae
1377 545 1599 602 accipere,
1632 547 1766 590 modo
1803 547 1904 592 sine

272 619 501 676 stipendio
523 620 617 663 fiat:
644 621 766 676 quod
787 621 824 664 si
847 636 940 664 non
969 621 1126 674 velint,
1152 621 1279 665 aliter
1302 635 1359 664 ne
1383 622 1677 678 accipiantur:
1702 624 1903 668 decana-

275 704 350 739 tus
386 696 680 753 intelligitur,
720 699 856 741 modo
899 698 962 740 nil
1004 698 1263 741 ambitionis
1305 699 1602 755 preferamus:
1649 699 1901 744 consimilia

273 776 431 817 eorum
453 773 749 819 consimiliter
770 787 934 820 cauere
956 776 1191 818 debemus.

361 851 502 894 Rdus.
532 852 584 894 P.
611 851 786 895 Natalis
802 852 879 895 dat
902 852 1062 895 rectori
1085 854 1093 873 ¹
1114 866 1292 895 omnem
1312 860 1598 909 potestatem,
1620 868 1736 908 quae
1754 861 1904 910 potest

273 942 374 972 esse
397 928 520 971 utilis
543 929 600 971 ad
622 928 693 971 sui
715 929 895 986 collegii
919 930 1315 985 gubernationem,
1343 937 1392 972 ut
1413 931 1674 986 dispensare
1695 930 1836 987 possit
1854 930 1899 973 in

271 1004 327 1047 iis
360 1006 510 1057 rebus,
543 1006 600 1048 ad
627 1019 741 1061 quas
767 1006 1024 1062 accepimus
1064 1006 1324 1049 facultatem
1355 1022 1410 1051 ex
1447 1006 1592 1050 literis
1625 1006 1900 1063 apostolicis.

273 1081 464 1134 Deinde,
492 1090 541 1125 ut
563 1082 609 1124 in
626 1082 1028 1126 constitutionibus
1050 1091 1096 1126 et
1118 1083 1288 1139 regulis
1314 1083 1455 1139 possit
1476 1083 1758 1139 dispensare,
1778 1084 1904 1129 iuxta

275 1158 641 1212 constitutiones,
665 1158 712 1202 in
734 1167 922 1215 quartae
944 1160 1086 1215 partis
1107 1160 1489 1204 declarationibus
1506 1162 1538 1202 ²:
1561 1168 1655 1204 tum
1680 1160 1834 1218 etiam,
1854 1169 1909 1203 ut

275 1235 441 1280 habeat
463 1236 725 1279 facultatem
753 1236 1020 1280 absoluendi
1042 1243 1087 1279 et
1109 1236 1403 1292 dispensandi
1434 1237 1479 1279 in
1508 1236 1906 1293 irregularitatea,

272 1313 582 1355 commutandi
606 1321 713 1356 uota
729 1320 775 1356 et
791 1313 1062 1365 istiusmodi,
1084 1314 1263 1369 qualem
1284 1313 1542 1370 accepimus
1558 1329 1615 1357 ex
1631 1314 1773 1358 literis
1790 1328 1898 1370 apo-

273 1388 459 1432 stolicis.
486 1390 756 1434 Sacerdotes
785 1405 911 1442 vero,
944 1397 1169 1446 quotquot
1195 1389 1242 1432 in
1271 1392 1358 1433 hoc
1395 1390 1589 1447 collegio
1618 1397 1726 1434 sunt
1753 1398 1799 1433 et
1828 1391 1902 1434 fu-

275 1466 365 1509 turi
391 1474 514 1519 sunt,
540 1466 745 1511 similiter
766 1468 940 1512 habent
964 1468 1226 1512 facultatem
1256 1482 1371 1520 eam,
1397 1468 1529 1511 cuius
1558 1475 1666 1511 sunt
1694 1481 1902 1523 capaces,

274 1543 558 1598 absoluendi;
583 1545 669 1587 hac
692 1551 843 1587 tamen
865 1545 985 1600 lege,
1012 1551 1062 1587 ut
1084 1551 1234 1588 rector
1257 1545 1320 1587 ita
1341 1553 1387 1588 et
1416 1544 1555 1588 ceteri
1584 1545 1818 1589 habebunt
1835 1545 1909 1587 fa*

274 1621 509 1674 cultatem,
537 1628 586 1664 ut
609 1635 719 1665 usus
743 1621 968 1664 facultatis
990 1621 1036 1663 in
1060 1628 1235 1665 rectore
1262 1621 1444 1676 quidem
1473 1622 1669 1677 pendeat
1706 1620 1763 1663 ab
1786 1621 1904 1664 arbi-

274 1698 362 1740 trio
387 1697 676 1753 prouincialis
703 1697 947 1755 praepositi
971 1699 1003 1750 ³,
1040 1698 1228 1741 aliorum
1261 1698 1547 1741 sacerdotum
1576 1698 1788 1754 pendeat,
1813 1712 1905 1740 non

271 1775 419 1818 solum
442 1790 467 1818 a
489 1774 776 1831 prouinciali,
803 1776 883 1818 sed
905 1774 1041 1819 etiam
1071 1790 1097 1818 a
1124 1782 1315 1827 rectore,
1348 1774 1414 1817 sic
1443 1774 1617 1818 scilicet
1650 1781 1700 1816 ut
1728 1773 1904 1830 possint

270 1853 511 1895 facultates
533 1851 646 1897 istae
667 1853 740 1896 vel
763 1852 948 1895 omnino
974 1851 1190 1908 abrogari
1211 1852 1286 1896 vel
1310 1850 1571 1907 temperari.

361 1930 565 1972 Possunt
587 1943 827 1972 excurrere
850 1929 907 1971 ad
928 1943 1088 1985 pagos,
1115 1929 1249 1971 modo
1273 1943 1364 1971 non
1387 1927 1446 1970 sit
1474 1927 1641 1970 nostris
1663 1928 1906 1971 molestum

272 2005 345 2050 vel
366 2006 695 2062 periculosum.

363 2085 523 2127 Potest
545 2090 695 2127 rector
722 2082 922 2138 recipere
955 2083 1012 2125 ad
1043 2082 1336 2134 Societatem,
1365 2082 1404 2124 si
1436 2095 1526 2124 non
1554 2087 1704 2137 potest
1731 2081 1790 2124 ad
1813 2081 1903 2124 Pa—

271 2168 387 2204 trem
410 2159 738 2216 prouincialem
756 2158 880 2215 prius
902 2160 1140 2202 commode
1162 2158 1376 2212 scribere3
1402 2159 1483 2202 sed
1505 2157 1837 2201 animaduertet
1854 2164 1906 2199 ut

273 2251 445 2294 magno
468 2236 657 2280 consilio
680 2243 868 2279 utantur
884 2237 941 2279 ad
963 2235 1264 2292 recipiendos.

361 2314 618 2371 Diligenter
639 2313 815 2357 curabit
836 2320 1000 2365 rector,
1029 2320 1125 2356 tum
1148 2328 1227 2369 per
1249 2327 1314 2365 se,
1335 2324 1431 2355 tum
1447 2326 1527 2368 per
1549 2310 1805 2354 ministrum
1828 2310 1844 2330 ⁴
1861 2317 1909 2354 et

342 2461 360 2478 a
410 2451 504 2486 Post
521 2451 594 2486 hoc
612 2450 722 2485 verb.
743 2448 910 2496 spatium
930 2460 1097 2484 vacuum
1115 2459 1185 2495 pro
1202 2459 1280 2484 uno
1297 2448 1409 2486 verb.
1430 2446 1610 2483 relictum
1630 2451 1704 2482 est.

346 2567 356 2586 ¹
407 2564 551 2598 Rector
569 2567 652 2598 erat
670 2562 714 2597 P.
734 2561 967 2597 Lambertus
986 2561 1142 2597 Auerus
1161 2561 1313 2607 (Auer).

342 2626 356 2645 ²
407 2622 468 2661 Cf.
493 2621 800 2658 Constitutiones
820 2621 905 2656 Soc.
926 2621 1027 2667 Jesu
1057 2621 1130 2656 lat.
1161 2623 1198 2656 et
1215 2620 1333 2667 hisp„
1365 2630 1454 2666 pag.
1478 2628 1559 2664 142,
1578 2617 1618 2654 in
1648 2617 1748 2654 decl.
1782 2619 1826 2665 B,
1859 2618 1907 2693 ad

270 2693 355 2729 cap.
377 2682 427 2728 X,
448 2687 609 2729 quartae
627 2679 763 2728 partis.

342 2742 356 2762 ⁵
406 2712 664 2776 Provincialis
682 2743 765 2774 erat
784 2739 827 2774 P.
848 2739 1045 2775 Antonius
1064 2738 1270 2774 Vinckius.

341 2802 356 2822 ⁴
405 2799 586 2835 Minister
611 2804 694 2835 erat
718 2798 762 2833 P.
789 2796 997 2844 Oerschot,
1023 2797 1073 2833 de
1103 2809 1180 2845 quo
1204 2798 1302 2832 haec
1327 2798 1447 2832 habet
1476 2796 1657 2832 laudatus
1687 2796 1905 2841 catalogus:

272 2860 340 2896 «P.
357 2859 566 2896 Cornelius
585 2858 778 2896 Oerschot
796 2856 871 2893 fuit
889 2857 1047 2904 collegii
1071 2857 1298 2903 Moguntiae
1317 2856 1507 2892 minister:
1535 2855 1650 2891 modo
1677 2853 1819 2890 missus
1845 2859 1908 2890 est

268 2918 479 2964 Treuirim,
499 2924 543 2953 vt
574 2917 630 2954 ibi
659 2916 885 2964 aliquandiu
902 2916 1076 2963 adiuuet,
1096 2921 1254 2963 propter
1271 2915 1537 2951 lufirmltatem
1558 2915 1607 2953 D.
1630 2913 1847 2949 Hermanni
1866 2918 1906 2948 et

270 2983 434 3014 mortem
453 2977 580 3013 Patris
599 2976 780 3012 Andreae
795 2976 1163 3022 valkenburgensis.
1172 2989 1189 3009 »
1205 2968 1308 3010 Huic
1322 2973 1476 3010 absenti
1491 2970 1731 3009 successisse
1750 2971 1909 3008 videtur

269 3037 337 3072 «P.
367 3036 590 3072 Ludouicus
619 3035 857 3078 Baccrelius,
882 3036 1041 3081 collegii
1074 3034 1298 3081 Moguntiae
1329 3039 1539 3081 prorector.
1547 3046 1565 3067 n
1596 3033 1654 3068 Ex
1679 3031 1818 3067 eodem
1843 3042 1907 3067 ca

271 3097 418 3142 talogo.
