2098 3470
346 305 359 330 1
368 305 410 341 24
814 297 967 333 PATms
994 297 1236 334 HmRONYm
1262 286 1412 334 NADAL

297 412 448 440 uanno
471 397 547 453 qui
571 398 689 442 nella
711 398 869 454 lingua
892 399 977 440 che
1001 398 1161 441 furono
1192 399 1363 451 scritte,
1399 413 1486 442 con
1519 415 1608 444 una
1640 401 1928 446 traductione

293 475 449 526 latina,
477 475 590 518 satta
612 475 829 529 alquanto
852 474 896 517 in
927 475 1058 527 freta,
1089 475 1266 519 benche
1294 477 1319 518 e
1347 477 1494 520 fidele.
1526 477 1797 521 Aduertimo
1818 481 1927 534 pero

296 553 396 595 VV.
423 552 506 596 SS.
534 553 640 595 R.¹¹²e
663 553 747 594 che
769 553 893 595 dette
914 551 1228 594 constitutioni
1256 567 1347 595 non
1383 567 1495 596 sono
1523 561 1693 598 serrate
1722 554 1778 597 ne
1808 556 1928 599 hano

292 627 318 670 Γ
342 628 501 671 ultima
523 643 658 672 mano
687 629 803 671 della
833 627 1116 684 Compagnia
1148 635 1193 672 et
1231 628 1363 672 insin’
1395 631 1555 673 adesso
1592 630 1668 686 piu
1702 638 1853 686 presto
1883 631 1923 674 ci

290 720 416 749 semo
453 705 694 761 gouernati
731 720 811 760 per
848 705 889 747 la
928 705 1121 748 formula
1157 706 1214 749 de
1246 712 1401 748 nostro
1433 706 1641 749 instituto
1678 714 1926 751 contenuta

291 783 409 826 nelle
431 783 565 834 holle,
591 790 636 826 et
659 796 738 838 per
760 780 788 823 l’
817 781 1066 825 obedienza
1093 781 1198 824 delli
1226 781 1463 838 superiori,
1495 790 1540 826 et
1572 784 1735 826 alcune
1767 784 1924 840 regole

287 861 372 903 che
394 859 471 915 qui
495 873 614 902 uano
632 859 677 900 in
695 857 881 901 italiano
897 865 930 900 ³.
952 858 1222 901 Aduertimo
1240 858 1375 902 etiam
1392 860 1476 902 che
1494 858 1531 902 si
1549 859 1573 903 ὲ
1590 860 1695 903 data
1711 860 1922 904 commis—

287 937 414 981 sione
438 937 511 980 alti
534 935 710 979 absenti
733 935 940 991 professi,
965 942 1010 977 et
1031 934 1106 979 alli
1130 935 1327 991 presenti
1349 935 1394 977 in
1418 927 1576 988 Roma,
1608 939 1693 980 che
1719 936 1926 993 ogniuno
1981 935 1985 938 ⁴

287 1022 470 1058 notasse
493 1013 564 1056 cio
586 1015 671 1056 che
694 1011 931 1063 dubitassi,
957 1026 984 1055 o
1007 1012 1035 1054 11*
1058 1012 1228 1068 paressi
1251 1027 1383 1068 sopra
1407 1020 1565 1067 queste
1593 1012 1919 1066 constitutioni,

283 1099 327 1133 et
351 1107 408 1135 ne
439 1092 481 1135 la
514 1090 657 1146 prima
690 1090 822 1145 pIena
860 1088 1234 1144 congregatione,
1267 1090 1381 1132 oltra
1414 1090 1460 1131 d’
1485 1089 1655 1145 eligere
1691 1090 1923 1146 preposito

284 1168 514 1224 generale,
540 1168 600 1210 ha
623 1167 680 1211 de
703 1165 950 1209 conuenire
973 1173 1127 1208 nostra
1149 1165 1433 1222 Compagnia
1464 1180 1546 1221 per
1573 1167 1735 1222 questo
1765 1167 1922 1225 effetto

283 1246 327 1287 d'
354 1244 568 1288 assetarle
590 1244 632 1285 d'
658 1243 853 1286 accordo
876 1250 922 1285 et
952 1256 1118 1284 comun
1147 1256 1305 1297 parere
1333 1242 1379 1284 in
1410 1243 1560 1297 quello
1588 1244 1673 1287 che
1701 1243 1740 1286 si
1767 1243 1920 1300 giudi-

283 1324 420 1366 chera
441 1321 628 1364 secondo
650 1321 681 1362 l’
705 1320 967 1375 asperienza
987 1318 1005 1343 ¹³
1027 1318 1344 1371 conueniente,
1370 1326 1415 1363 et
1432 1320 1503 1362 all’
1523 1321 1635 1362 hora
1651 1321 1922 1376 proponerle

280 1415 305 1442 a
322 1400 483 1455 questa
500 1404 629 1440 santa
648 1397 772 1441 sedia
794 1403 826 1437 ⁰.
847 1397 917 1439 De
934 1396 1067 1438 modo
1085 1396 1187 1448 che,
1215 1394 1285 1439 cio
1309 1381 1639 1439 che'comanda
1657 1396 1704 1440 S.
1726 1397 1820 1441 832
1839 1411 1919 1452 per

280 1477 466 1527 adeSSO,
508 1488 787 1531 pensauamo
824 1475 893 1516 far
930 1473 975 1515 in
1014 1474 1172 1528 breue,
1214 1473 1424 1516 hauendo
1461 1473 1656 1529 imposto
1704 1474 1734 1515 l’
1759 1473 1916 1518 ultima

283 1568 416 1596 mano
439 1568 464 1595 a
486 1558 646 1607 queste
668 1565 775 1594 cose
798 1564 883 1593 con
905 1558 1084 1593 maturo
1107 1548 1307 1605 giudicio
1323 1549 1440 1592 della
1457 1550 1814 1607 congregatione
1835 1565 1915 1608 ge-

283 1632 451 1675 nerale.
479 1631 586 1672 Pur
608 1630 658 1670 in
682 1631 792 1670 tutto
814 1628 885 1669 sia
905 1628 1033 1685 faita
1063 1627 1109 1668 la
1135 1626 1319 1669 volunta
1345 1626 1398 1668 de
1425 1627 1473 1669 S.
1507 1627 1621 1679 ssa,
1658 1628 1751 1670 alla
1786 1628 1916 1684 quale

278 1713 454 1763 sempre
476 1706 730 1749 vbediremo
752 1705 1045 1746 lzumz'lmente
1068 1717 1187 1746 come
1209 1703 1331 1747 fideli
1353 1698 1511 1759 figlioli
1534 1711 1579 1748 et
1607 1704 1727 1748 serui
1749 1706 1849 1747 suoi
1869 1712 1915 1748 et

278 1786 323 1828 di
346 1792 508 1840 questa
531 1790 662 1827 santa
684 1781 809 1826 sedia
831 1780 866 1826 d.

367 1863 409 1905 A
430 1870 576 1917 tergo:
598 1860 651 1917 [si
669 1858 1012 1916 presentarono]
1031 1865 1046 1883 ‘²
1068 1858 1135 1900 «le
1154 1858 1307 1913 regole
1325 1864 1370 1901 et
1388 1857 1716 1910 constitutioni,
1732 1859 1913 1914 quando

279 1941 306 1981 l'
332 1939 494 1982 ordino
517 1937 613 1980 cosi
638 1937 782 1979 Paulo
805 1937 874 1989 4.⁰
904 1946 1060 1989 1557.»

344 2104 360 2120 ὃ
413 2093 524 2128 Prius
549 2093 594 2127 in
620 2091 794 2127 italiano
819 2093 856 2125 et
885 2093 1005 2136 sopra
1031 2091 1134 2124 tutto
1157 2099 1229 2123 con
1254 2088 1295 2123 la
1320 2088 1406 2135 Iege
1431 2087 1596 2124 interna
1613 2089 1722 2124 della
1739 2090 1908 2132 charita,

272 2165 372 2201 quac
397 2153 526 2188 deleta
545 2157 636 2187 sunt
654 2151 704 2186 ab
729 2150 776 2185 iis
796 2149 928 2185 verbis
953 2151 989 2184 et
1012 2151 1149 2195 sopra.
1200 2149 1267 2175 —b
1294 2148 1407 2194 Quae
1432 2147 1576 2183 italicis
1596 2147 1738 2184 litteris
1756 2148 1910 2194 damus,

273 2220 363 2249 sunt
388 2212 651 2258 autographae
678 2209 837 2245 Polanci
862 2207 1173 2244 emendationes.
1230 2216 1293 2234 —0
1320 2206 1446 2252 Prius,
1466 2212 1554 2253 post
1572 2207 1668 2242 haec
1694 2207 1747 2243 ita
1770 2219 1908 2255 seque-

274 2276 403 2308 batur:
440 2270 526 2306 Cosi
559 2271 682 2306 etiam
714 2269 749 2303 sz'
778 2270 935 2304 doueua
967 2268 1191 2314 ragionare
1209 2266 1248 2301 d’
1273 2266 1417 2301 alcune
1435 2277 1518 2301 cose
1542 2266 1608 2301 che
1630 2278 1726 2301 sono
1743 2269 1822 2313 per
1841 2267 1909 2303 noi

274 2334 407 2368 notate
426 2331 528 2367 nelle
548 2330 687 2365 lettere
712 2327 942 2374 apostolice;
959 2337 1059 2373 quae
1083 2325 1289 2361 obliterata
1307 2331 1411 2360 sunt.
1463 2326 1529 2352 —d
1555 2325 1667 2361 Prius
1686 2326 1739 2360 ita
1756 2325 1907 2362 desine-

274 2394 341 2428 bat
363 2391 660 2426 documentum:
685 2388 734 2423 Se
755 2391 839 2434 pur
862 2398 942 2421 non
963 2389 1066 2433 pare
1083 2397 1109 2420 a
1135 2385 1175 2420 S.
1203 2385 1288 2420 Sffl
1306 2385 1346 2419 d’
1371 2387 1575 2431 aspettare
1598 2387 1732 2430 questo
1745 2388 1843 2432 poco
1860 2387 1907 2422 de

271 2453 414 2497 tempo,
441 2450 529 2490 noi,
555 2459 661 2485 come
689 2447 780 2482 ueri
804 2449 841 2482 et
857 2445 977 2492 fideli
993 2444 1151 2492 figlioli
1173 2447 1211 2479 et
1232 2444 1343 2479 serui
1366 2444 1413 2478 de
1436 2455 1510 2478 sua
1536 2443 1781 2479 beatitudine
1804 2447 1842 2480 et
1863 2444 1909 2480 di

272 2514 408 2558 questa
434 2512 554 2544 santa
583 2507 707 2548 sedin,
734 2506 778 2540 in
802 2507 902 2539 tutto
927 2504 1150 2539 obediremo
1173 2502 1448 2539 humilmente.
1500 2512 1564 2529 —e
1590 2502 1743 2538 Primus
1769 2514 1908 2539 versus

272 2570 350 2617 legi
369 2568 518 2617 nequit,
538 2579 586 2603 eo
603 2565 706 2613 quod
725 2570 857 2600 assuta
875 2563 929 2599 ibi
948 2563 1065 2599 fuerit
1083 2563 1227 2598 charta.
