2098 3470
850 263 1282 304 lnsrnucrionns—61
1766 261 1838 309 473

334 370 411 414 An
432 369 608 427 integre
630 368 868 413 confessus
888 366 948 411 sit
968 380 1161 423 semper,
1186 372 1429 421 antequam
1452 365 1771 422 ingrederetur
1793 366 1883 411 So-

241 446 472 499 cietatem3
497 453 543 490 et
563 445 602 490 si
624 445 800 502 integre
821 444 1061 488 confessus
1082 457 1174 486 non
1197 442 1373 495 fuisset,
1399 456 1527 493 num,
1553 456 1655 484 cum
1683 442 1879 498 primum

246 523 371 566 venit
391 523 438 566 in
456 522 747 574 Societatem,
767 521 825 564 sit
840 521 899 566 de
914 520 1034 564 vitae
1051 519 1191 562 totius
1207 518 1405 575 peccatis
1427 518 1606 574 integre
1623 520 1879 564 confessus.

334 600 456 643 Num
482 599 581 643 aliis
612 596 976 642 confessionibus
1005 595 1298 653 generalibus
1324 595 1562 639 confessus
1593 594 1651 637 sit
1680 595 1878 652 integre.

333 677 455 720 Num
490 683 678 720 externo
718 673 941 718 sacerdoti
978 673 1114 716 fuerit
1154 673 1413 724 confessus,
1453 672 1527 715 vel
1564 686 1655 714 non
1693 672 1880 715 ordina—

245 753 313 796 rio
333 767 435 798 suo,

334 830 408 874 An
431 844 590 874 verum
611 828 775 873 dixerit
795 822 842 871 in
865 826 1076 871 omnibus
1096 826 1397 872 examinibus.
1422 820 1425 824 ’

331 907 545 950 Iubeatur
573 920 626 950 ea
652 905 819 957 dicere,
851 918 968 960 quae
995 903 1142 960 magis
1169 910 1365 959 granant
1396 902 1497 946 eius
1533 902 1877 954 conscientiam,

239 983 315 1027 vel
335 982 552 1027 exhibent
578 982 663 1039 ipsi
686 981 945 1038 negocium,
970 981 1043 1026 vel
1064 980 1382 1024 difficultatem
1400 975 1542 1023 'etiam
1564 979 1612 1022 in
1635 979 1708 1023 via
1729 981 1878 1036 perfe-

236 1059 404 1103 ctionis
431 1059 559 1103 iuxta
581 1059 800 1103 rationem
823 1057 964 1102 nostri
985 1057 1195 1101 instituti.
1222 1057 1271 1102 Si
1292 1057 1394 1112 quis
1419 1063 1572 1100 tamen
1599 1057 1659 1100 sit
1687 1071 1878 1113 scrupu-

240 1137 381 1188 losus,
407 1137 605 1181 breuiter
626 1136 838 1180 iubeatur
858 1135 1009 1180 dicere
1029 1149 1083 1179 ea
1109 1135 1273 1187 solum,
1298 1134 1419 1178 vnde
1441 1134 1667 1191 intelligat
1690 1133 1781 1176 vim
1804 1149 1878 1178 ra-

240 1213 378 1256 tionis
399 1213 710 1270 scrupulosae,
735 1227 824 1269 qua
846 1212 1060 1269 agitatur.

330 1291 492 1335 Posset
509 1290 674 1335 deinde
690 1305 747 1333 ex
763 1289 1060 1346 sequentibus
1076 1287 1301 1345 capitibus
1322 1287 1612 1345 interrogari,
1631 1289 1672 1332 si
1693 1303 1747 1333 ea
1763 1303 1879 1332 con—

234 1367 372 1411 fitens
394 1381 484 1410 non
507 1366 735 1424 attigisset
757 1366 1058 1418 sufficienter,
1084 1366 1157 1410 vel
1179 1365 1456 1410 confessario
1478 1365 1761 1409 satisfactum
1784 1381 1879 1410 non

240 1443 419 1488 fuisset.

235 1561 322 1603 293
855 1570 919 1600 DE
951 1569 1248 1600 OBEDIENTIA

324 1674 399 1719 An
421 1675 617 1731 aliquam
642 1674 938 1726 tentationem
962 1674 1173 1718 habuerit
1193 1682 1351 1718 contra
1373 1675 1676 1730 vocationem,
1701 1675 1873 1719 consti·
1931 1718 1936 1722 .

236 1752 454 1805 tutiones,
479 1753 679 1808 regulas,
705 1753 777 1795 vel
799 1751 1072 1808 superiores,
1097 1758 1143 1797 et
1165 1752 1550 1819 quemadmodum
1568 1752 1612 1796 in
1631 1767 1686 1796 ea
1702 1767 1752 1795 se
1768 1766 1874 1809 ges·

236 1828 364 1874 serit.
387 1830 508 1873 Num
531 1827 750 1872 iudicium
779 1828 992 1872 habuerit
1020 1827 1210 1872 dubium
1239 1829 1313 1873 vel
1341 1829 1618 1872 contrarium
1649 1829 1873 1874 constitu—

239 1905 350 1949 tioni
371 1906 521 1958 alicui,
548 1907 621 1952 vel
644 1906 847 1963 regulae,
872 1906 945 1949 vel
966 1905 1084 1962 parti
1108 1905 1320 1949 instituti.
1353 1907 1431 1950 An
1459 1907 1576 1950 male
1603 1906 1875 1950 iudicauerit

234 1983 309 2028 vel
330 1982 743 2028 obmurmurauerit
764 1983 822 2026 de
843 1981 1154 2039 superioribus
1180 1983 1254 2026 vel
1281 1982 1557 2027 obedientia.
1589 1985 1666 2027 An
1694 1983 1810 2028 sciat
1828 1984 1875 2027 si

233 2058 338 2114 quis
370 2061 455 2103 hoc
488 2059 660 2103 fecerit.
698 2061 820 2104 Num
852 2074 944 2102 non
981 2058 1193 2122 habuerit
1223 2073 1406 2104 caecam
1440 2060 1764 2105 obedientiam.
1797 2062 1873 2104 An

237 2135 482 2180 formaliter
514 2136 651 2181 fuerit
681 2135 952 2180 inobediens
979 2135 1240 2192 aliquando,
1275 2137 1366 2180 hoc
1399 2144 1484 2191 est,
1521 2138 1644 2193 quod
1676 2138 1874 2182 noluerit
1930 2162 1933 2164 -

235 2212 438 2258 obedire.
464 2214 540 2257 An
562 2228 652 2256 non
676 2212 872 2270 integre,
897 2220 1124 2269 prompte,
1150 2213 1325 2258 fortiter
1346 2221 1484 2269 atque
1506 2214 1737 2259 humiliter
1760 2215 1870 2259 obe-

233 2289 384 2342 dierit,
423 2291 496 2334 vel
533 2305 612 2347 per
647 2289 1002 2342 excusationem,
1034 2291 1107 2335 vel
1138 2290 1562 2344 murmurationem,
1597 2292 1671 2335 vel
1703 2291 1875 2346 alioqui

234 2366 514 2424 imperfecte.
540 2369 611 2411 De
632 2366 965 2424 inquietudine,
991 2381 1047 2410 an
1071 2367 1297 2424 praesenti
1319 2368 1392 2413 vel
1415 2368 1648 2422 exercitio,
1668 2369 1740 2411 vel
1758 2369 1870 2410 obe-

232 2443 420 2496 dientia,
446 2445 518 2488 vel
538 2445 655 2498 loco,
680 2445 753 2488 vel
775 2443 1014 2500 superiori,
1046 2444 1120 2489 vel
1147 2445 1431 2502 praeceptori
1460 2444 1761 2500 adquieuerit.
1795 2445 1870 2487 An

233 2521 456 2564 obedierit
478 2521 524 2564 in
547 2520 771 2576 examine,
797 2522 869 2566 vel
890 2531 1117 2566 secretum
1144 2522 1328 2578 aliquod
1355 2522 1558 2566 omiserit
1586 2522 1736 2565 dicere
1766 2535 1870 2577 pro-

235 2604 337 2655 pter
356 2599 578 2655 pudorem
601 2599 673 2644 vel
695 2598 890 2654 aliquem
913 2606 1184 2655 respectum.

231 2721 321 2764 294
876 2731 938 2762 DE
969 2731 1240 2763 CASTITATE

322 2831 394 2875 De
415 2829 741 2874 tentationibus
762 2830 927 2874 carnis.
953 2832 1025 2875 De
1052 2831 1406 2888 cogitationibus
1435 2830 1639 2873 morosis.
1672 2831 1742 2872 De
1770 2829 1868 2885 pol-

171 2943 173 2947 .
233 2906 484 2950 lutionibus
520 2907 754 2951 nocturnis
790 2908 864 2953 vel
891 2908 1192 2952 illusionibus.
1234 2911 1302 2952 De
1340 2907 1491 2951 verbis
1523 2907 1595 2950 vel
1624 2905 1866 2960 colloquio,

233 2984 358 3039 quod
379 2991 584 3040 spectare
605 2984 747 3041 possit
770 2985 826 3028 ad
848 2984 1044 3041 aliquam
1067 2985 1394 3042 turpitudinem
1417 2985 1489 3028 vel
1506 2982 1864 3026 dissolutionem.

235 3061 305 3104 De
327 3061 463 3104 nimia
486 3061 787 3106 familiaritate
814 3076 918 3105 cum
940 3062 1199 3106 domesticis
1221 3063 1293 3107 vel
1314 3060 1527 3113 externis,
1553 3068 1598 3105 et
1625 3060 1681 3102 de
1709 3059 1865 3102 visita-
