2098 3470
597 235 952 270 Annona-rioms
975 230 1052 266 6³³0
1078 230 1398 275 megaera-67
1694 230 1762 266 661

180 349 261 380 nes
284 336 387 380 illae
408 334 722 388 scholasticae,
746 347 863 389 quae
884 346 1212 388 saepenumero
1229 331 1439 375 videntur
1462 332 1655 385 steriles,
1675 340 1811 387 atque

177 412 237 455 ab
267 411 430 468 spiritu
461 412 650 465 alienae,
683 426 710 454 a
740 411 831 454 fine
863 409 1104 454 Societatis
1125 408 1375 460 seiunctae,
1418 408 1535 452 inter
1572 410 1653 451 has
1691 409 1810 452 enirn

176 488 313 531 simul
340 495 385 532 et
412 489 536 531 salus
565 497 611 531 et
638 486 855 544 perfectio
877 485 1135 529 auditorum
1168 484 1401 540 quaeritur
1433 500 1486 528 ac
1521 494 1805 540 procuratur.

180 565 334 620 Itaque
371 565 589 609 lectiones
619 563 722 609 illae
751 571 798 608 et
824 562 1038 607 exercitia
1059 561 1330 605 scholastica
1357 561 1499 605 instar
1529 563 1650 604 hami
1681 563 1812 606 nobis

180 651 288 684 sunt
309 642 366 684 ad
388 641 560 684 animas
580 641 893 697 expiscandas.
925 640 1016 684 Sed
1044 640 1101 682 de
1129 638 1200 682 his
1228 639 1338 681 alias
1359 646 1406 681 et
1437 639 1737 694 opportunius
1766 649 1811 684 et

181 716 344 760 fusius.
370 719 506 761 Nunc
527 719 583 761 ad
604 717 690 761 alia
711 716 959 760 ministeria
975 716 1292 772 procedamus.

267 795 326 836 Et
346 795 476 836 aliud
502 794 807 850 quodcumque
833 793 959 836 verbi
983 793 1075 835 Dei
1102 793 1429 835 ministerium.
1456 791 1537 835 Est
1567 807 1731 849 magna
1762 794 1807 835 in

176 871 370 916 ecclesia
391 871 477 914 Dei
499 871 663 927 gratia,
687 871 913 915 excellens
934 870 1150 921 officium,
1170 869 1424 912 ministrum
1442 884 1542 912 esse
1559 870 1685 914 verbi
1707 871 1808 921 Dei,

175 948 299 1002 quod
321 947 367 990 in
389 947 551 1003 spiritu
572 946 895 1003 intelligamus,
920 947 1099 991 fratres.
1123 947 1270 1002 Xpus.
1295 954 1365 989 est
1388 947 1576 989 verbum
1602 946 1685 989 Dei
1707 947 1784 988 infi
1798 973 1810 977 -

177 1023 339 1067 nitum:
364 1023 503 1067 huius
523 1038 681 1066 sumus
704 1023 829 1067 verbi
851 1022 1058 1075 ministri,
1082 1022 1179 1078 ipse
1199 1022 1320 1066 enim
1337 1037 1421 1065 nos
1438 1022 1591 1074 mittit,
1612 1023 1708 1079 ipse
1726 1038 1812 1065 nos

177 1101 326 1152 docet,
351 1099 451 1156 ipse
470 1099 601 1143 nobis
622 1108 691 1143 est
712 1101 900 1143 verbum
922 1099 1128 1151 interius,
1151 1099 1248 1155 ipse
1275 1100 1353 1143 dat
1380 1099 1511 1142 nobis
1540 1108 1589 1141 vt
1622 1101 1811 1142 verbum

174 1176 414 1228 audiamus
443 1162 693 1228 doctrinae,
728 1191 782 1219 ac
812 1176 1060 1220 sentiamus
1083 1177 1155 1218 ab
1186 1175 1285 1232 ipso
1317 1177 1579 1232 procedere,
1606 1177 1705 1232 ipse
1734 1177 1813 1219 dat

178 1253 308 1316 nobis
329 1253 577 1298 efficaciam
600 1261 645 1297 et
668 1253 953 1307 charitatem,
973 1254 1157 1310 praebet
1173 1253 1400 1296 sermonis
1417 1263 1463 1298 et
1481 1253 1572 1295 vim
1589 1254 1810 1298 diuinam.

180 1330 448 1387 Magnitudo
473 1330 705 1373 ministerii
728 1331 852 1373 verbi
874 1330 1088 1386 explicari
1110 1346 1136 1373 a
1158 1330 1289 1373 nobis
1310 1345 1404 1373 non
1428 1339 1595 1386 potest;
1619 1330 1813 1373 sentitur

181 1414 358 1451 tantum
380 1407 427 1449 in
450 1407 611 1463 spiritu
634 1407 679 1449 in
703 1409 789 1451 X.⁰
943 1457 946 1459 Α
1012 1392 1014 1394 V

265 1479 418 1528 Huius
439 1484 678 1528 ministerii
701 1485 970 1541 praecipuae
990 1493 1097 1528 sunt
1118 1494 1285 1541 partes,
1310 1486 1367 1528 de
1388 1485 1555 1540 quibus
1578 1485 1664 1527 iam
1694 1485 1812 1527 dixi-

177 1575 294 1604 mus:
318 1552 561 1605 concissnes
583 1569 629 1605 et
645 1561 863 1604 lectiones
879 1575 1048 1604 sacrae.
1071 1562 1128 1604 Et
1146 1570 1295 1604 tamen
1314 1562 1467 1605 statim
1483 1561 1529 1605 in
1548 1562 1810 1604 vniuersum

174 1651 356 1682 ornnem
377 1638 596 1681 rationem
625 1640 814 1682 verbum
846 1639 930 1682 Dei
959 1638 1241 1682 ministrandi
1272 1639 1617 1695 complectimur
1643 1639 1690 1681 in
1719 1639 1812 1683 fer-

180 1729 288 1759 uore
307 1714 509 1770 spiritus;
534 1729 628 1757 non
649 1715 769 1758 enim
791 1715 1031 1759 videbatur
1047 1717 1162 1760 haec
1179 1715 1497 1759 Vniuersalitas
1514 1725 1604 1759 tam
1622 1716 1714 1758 cito
1731 1731 1813 1760 ex-

57 1851 63 1860 !
123 1843 126 1846 Ι
179 1790 401 1847 plicanda,
427 1806 567 1846 quum
596 1792 682 1834 alia
711 1791 959 1836 ministeria
987 1792 1113 1836 verbi
1133 1793 1411 1836 subdantur.
1444 1794 1537 1838 Sed
1564 1792 1769 1836 similiter
1796 1802 1813 1817 ³

178 1867 277 1928 fieri
304 1868 419 1911 solet
447 1868 494 1911 iri
521 1868 662 1911 sacris
690 1868 846 1921 literis3
877 1868 1094 1912 dicuntur
1113 1869 1232 1912 enim
1255 1869 1405 1925 aliqua
1426 1885 1506 1926 per
1527 1869 1811 1925 anticipatio-

178 1959 300 1990 nem.
329 1945 421 1990 Sed
450 1959 672 2000 quaenam
701 1954 809 1988 sunt
837 1946 912 1988 illa
942 1945 1193 1990 ministeria
1220 1947 1363 1999 verbi,
1389 1955 1568 2003 praeter
1596 1963 1665 1999 ea,
1697 1961 1812 2002 quae

179 2023 342 2078 partim
364 2021 486 2065 dicta
507 2030 631 2074 sunt,
656 2022 819 2078 partim
841 2023 1116 2073 subdentur?

269 2098 490 2150 Primum,
514 2098 747 2154 spirituale
768 2099 1043 2154 colloquium
1067 2099 1312 2156 priuatum,
1336 2100 1383 2143 in
1406 2115 1497 2155 quo
1514 2100 1728 2144 eximium
1746 2110 1815 2144 est

183 2174 371 2218 iuuandi
392 2175 583 2231 proximi
612 2175 884 2232 praesidium
915 2184 1051 2232 atque
1079 2177 1347 2230 subsidium3
1378 2178 1436 2220 de
1464 2192 1555 2232 quo
1588 2178 1815 2233 praeclare

178 2252 336 2296 dicere
356 2251 520 2295 solitus
541 2261 639 2296 erat
662 2253 712 2295 P.
743 2252 965 2308 Ignatius,
989 2253 1176 2310 egregia
1199 2253 1334 2298 etiam
1358 2255 1536 2306 docere3
1558 2255 1679 2309 quod
1695 2254 1813 2296 enim

185 2328 366 2384 publice
402 2329 576 2372 faciunt
612 2345 694 2385 pro
730 2338 955 2386 suggestu
994 2330 1336 2374 concionatores
1374 2339 1419 2375 et
1461 2332 1653 2376 lectores
1696 2332 1816 2386 apud

180 2405 539 2459 multitudinem,
578 2406 623 2449 id
661 2407 870 2462 priuatim
908 2422 1112 2452 summae
1147 2408 1356 2451 Vtilitatis
1397 2416 1466 2451 est
1502 2408 1656 2450 conari
1694 2409 1814 2463 apud

181 2483 450 2539 singulares.
474 2484 531 2526 Et
553 2483 629 2526 hic
651 2483 833 2538 quidem
869 2487 1011 2527 maior
1041 2491 1111 2529 est
1142 2485 1342 2537 libertas,
1380 2485 1521 2528 maior
1554 2485 1689 2527 etiam
1719 2484 1812 2535 vis,

181 2558 258 2603 vbi
279 2566 429 2616 potest
450 2575 507 2604 ex
534 2560 659 2603 vario
688 2575 908 2616 responso
940 2562 1013 2604 vel
1043 2563 1209 2606 affectu
1239 2564 1429 2606 verbum
1450 2559 1812 2604 accommodari.

182 2637 250 2679 lta
269 2637 323 2679 fit
345 2645 394 2679 vt
415 2637 545 2692 quasi
567 2639 735 2693 praeda
757 2638 804 2680 in
826 2652 979 2682 casses
1000 2646 1180 2690 nostros
1201 2640 1419 2682 conclusa
1441 2638 1515 2690 sit,
1541 2646 1607 2688 vt,
1639 2636 1726 2680 X.‘’
1747 2637 1815 2679 iu-

66 2735 82 2775 2*
139 2716 141 2718 ’
181 2720 336 2765 uante,
361 2713 478 2758 elabi
501 2713 727 2757 dificulter
749 2715 906 2770 possit,
930 2714 968 2757 si
987 2715 1075 2758 ¹viri
1098 2714 1238 2759 simus
1260 2716 1305 2758 in
1329 2715 1413 2760 Xf’

271 2790 347 2834 Ad
366 2791 463 2834 hoc
480 2790 779 2833 ministerium
802 2798 1077 2847 acceperunt
1099 2806 1126 2834 a
1147 2793 1246 2836 Deo
1268 2792 1406 2846 aliqui
1430 2791 1656 2847 insignem
1676 2789 1815 2832 facul-

183 2873 339 2919 tatem,
363 2866 484 2912 inter
504 2882 619 2922 quos
641 2867 727 2911 fuit
751 2869 802 2910 P.
831 2863 993 2911 Petrus
1014 2869 1176 2922 Faber,
1209 2870 1384 2926 primus
1413 2868 1564 2911 socius
1595 2868 1646 2909 P.
1680 2866 1817 2922 Igna-

252 3043 270 3060 *
296 3041 300 3043 ’
322 3033 451 3069 Dubia
470 3033 590 3069 lectio
608 3033 723 3080 hujus
743 3033 869 3070 verbi.
