2098 3470
783 277 964 314 Nom-m
988 284 1181 314 comeum
1702 276 1747 314 31

4 420 6 422 ,
159 383 292 446 primo
312 384 378 421 hic
396 382 537 421 titulus
555 382 716 432 positus
734 386 808 419 est:
839 379 991 427 «Ordo,
1016 391 1140 428 quem
1164 380 1206 418 P.
1232 379 1389 417 Natalis
1414 380 1577 428 reliquit
1600 382 1797 431 magistro

11 470 35 500 ’-,
66 466 84 498 ⁷.
157 455 442 493 nouitiorum.»
467 454 542 492 Est
559 453 707 492 eadem
725 451 953 499 instructio,
970 463 1078 500 quae
1102 452 1143 489 in
1165 451 1311 490 codice
1331 450 1474 489 Natal.
1501 452 1619 490 instr.
1648 452 1795 498 Lusit„

161 525 231 565 fol.
255 535 343 576 4-7,
368 526 542 575 hispano
561 536 750 563 sermone
767 524 978 573 reperitur,
998 523 1125 561 latino
1144 534 1335 561 sermone
1360 534 1572 570 conversa,
1593 529 1635 561 et
1655 525 1796 573 paucis

157 597 311 636 additis
329 597 605 648 paragraphis,
622 607 730 646 quae
747 596 789 634 in
809 595 954 634 codice
972 595 1148 633 lusitano
1167 594 1462 632 desiderantur.
1484 595 1529 632 Iu
1550 596 1628 632 hoc
1649 607 1793 633 exem—

29 651 37 676 ’ἱ
131 721 134 723 Α
158 668 229 718 plo
248 668 389 708 nullibi
408 673 579 718 apparet
594 667 748 706 Natalis
766 679 924 705 manus.
944 667 978 704 F
980 667 1032 704 ol.
1051 678 1119 714 4V,
1145 667 1210 704 hic
1235 666 1386 704 titulus:
1419 666 1538 703 «Post
1562 668 1796 704 renouatio-

156 750 255 778 nem
273 745 466 778 uotorum
484 739 667 788 proderit
683 739 724 776 in
743 738 1012 787 sequentibus
1030 737 1254 775 meditari.»
1279 738 1363 775 Ine.
1389 755 1403 769 ‹
1417 747 1449 775 1.
1469 737 1795 787 Agnoscendum

158 811 271 850 unde
289 823 355 849 me
373 812 585 850 uocauerit
603 809 850 849 Christus...»
874 809 973 847 Des.
991 810 1033 847 in
1053 809 1199 846 eadem
1219 809 1391 859 pagella:
1417 826 1476 847 ‹...
1492 810 1716 847 animarum
1731 821 1796 847 sa-

18 873 24 908 ’ἶ
46 870 62 882 ”
84 927 91 930 ,
158 883 321 922 lutem.»
346 883 434 921 Fol.
457 890 511 930 5r‚
527 887 595 920 est
617 882 858 920 ‹Instructio
878 893 952 930 pro
972 881 1048 928 his,
1073 881 1144 929 qui
1170 885 1267 918 sunt
1290 881 1331 918 in
1355 881 1486 930 prima
1510 880 1790 929 probatione.»

43 934 49 940 '
103 954 106 957 ’
157 955 245 993 Ine.
269 954 421 998 «Erunt
439 954 528 992 soli.
546 939 742 991 Visentur
758 957 895 990 tamen
914 952 1135 1000 aliquando
1155 964 1179 990 a
1197 952 1455 1002 magistro...»
1475 952 1572 989 Des.
1593 953 1633 989 in
1649 952 1795 989 eadem

157 1025 329 1076 pagella:
355 1043 414 1064 ‹...
433 1025 618 1072 consilio,
637 1026 801 1063 hortatu
819 1029 862 1062 et
880 1025 1043 1074 gratia.»
1068 1024 1155 1062 Fol.
1179 1024 1317 1071 5v-6v,
1342 1023 1546 1061 habentur
1570 1024 1795 1073 interroga-

155 1098 292 1136 tiones
315 1097 414 1135 «Pro
432 1095 672 1145 accipienda
690 1096 833 1133 notitia
851 1096 1127 1133 conscientiae
1147 1100 1190 1132 et
1208 1095 1466 1132 consessione
1485 1095 1700 1144 generali.»
1722 1095 1796 1132 Est

155 1168 455 1207 documentum
473 1167 604 1205 simile
623 1167 740 1213 illius,
759 1167 872 1215 quod
892 1166 1068 1204 habetur
1080 1167 1121 1204 in
1146 1165 1241 1204 Cod.
1268 1165 1390 1204 Vatic.
1412 1173 1447 1216 7,
1464 1177 1586 1216 pagg.
1602 1176 1699 1212 291·
1706 1177 1794 1215 303.

23 1234 30 1241 ’
75 1276 86 1284 ,
156 1239 243 1277 Ino.
266 1239 481 1288 ‹Quandiu
501 1244 564 1276 est
582 1238 696 1287 quod
714 1238 960 1276 Societatem
978 1238 1250 1287 ingressus...»
1273 1237 1371 1275 Des.
1403 1254 1461 1275 ‹...
1488 1237 1702 1285 aequalem
1729 1238 1795 1274 uel

154 1310 358 1348 minorem
375 1321 500 1358 quam
519 1300 652 1348 antea.
666 1309 782 1347 Laus
801 1309 928 1347 Deo.»
953 1309 1187 1357 Sequuntur
1205 1309 1289 1346 duo
1310 1308 1404 1346 folia
1422 1320 1535 1357 pura.

235 1381 358 1420 Num.
381 1389 416 1428 5.
472 1380 581 1419 Octo
609 1381 715 1419 foliis
739 1380 944 1427 coalescit,
970 1381 1011 1418 in
1039 1379 1189 1428 quibus
1209 1384 1273 1418 est
1297 1385 1597 1428 transumptum
1624 1380 1794 1417 alterum

158 1451 265 1491 illius
297 1452 548 1499 documenti,
576 1452 689 1500 quod
716 1453 758 1490 in
785 1452 930 1490 codice
958 1451 1100 1489 Natal.
1127 1452 1248 1489 instr.
1277 1451 1423 1497 Lusit„
1455 1451 1637 1497 secunda
1666 1456 1794 1500 parte,

157 1523 201 1562 ff.
225 1524 467 1571 lzov-128v‚
485 1524 695 1574 repen'tur.
714 1523 830 1570 Sunt,
851 1524 1018 1570 scilicet,
1036 1525 1191 1561 monita
1209 1524 1337 1561 Patn's
1357 1523 1561 1561 Rodericii
1582 1535 1656 1572 pro
1676 1534 1792 1571 pere—

155 1595 282 1646 grinis
306 1593 329 1633 ¹.
349 1594 382 1632 F
384 1595 437 1633 ol.
462 1605 514 1642 1r‚
533 1600 692 1633 tantum
711 1596 776 1633 hic
793 1595 935 1633 titulus
953 1596 1111 1644 positus
1125 1600 1199 1632 est:
1221 1595 1267 1638 ‹†
1282 1594 1433 1632 Auisos
1448 1595 1502 1632 de
1516 1595 1788 1644 peregrinos.»

154 1666 206 1704 In
223 1666 431 1715 foliis-2-8,
451 1672 546 1705 sunt
570 1667 737 1713 monita,
764 1678 871 1715 quae
897 1678 991 1704 cum
1019 1667 1215 1716 exemplo
1241 1678 1364 1715 supra
1389 1666 1501 1704 dicto
1528 1666 1793 1712 concordant,

153 1741 334 1786 excepta
350 1742 510 1776 tantum
529 1737 594 1775 illa
611 1739 882 1788 paragrapho,
901 1749 1020 1786 quae,
1040 1737 1108 1776 sol.
1134 1747 1234 1775 122v
1254 1738 1410 1775 codicis
1428 1738 1604 1784 lusitani,
1624 1738 1678 1775 ita
1694 1738 1793 1775 inci-

154 1803 226 1857 pit:
250 1807 309 1847 «A
328 1809 388 1846 las
407 1813 629 1859 preguntas
647 1821 729 1857 que
747 1809 787 1847 le
806 1810 1043 1849 hizieren...»
1067 1809 1165 1847 Des.
1191 1827 1250 1847 ‹...
1270 1809 1471 1847 ordenase
1491 1810 1528 1846 el
1555 1810 1750 1857 superior.
1764 1820 1791 1855 =›;

47 1911 57 1918 ,
111 1917 120 1929 ,
153 1891 262 1928 quae
289 1880 456 1928 quidem
486 1882 764 1931 paragraphus
791 1881 831 1918 in
863 1882 943 1918 hoc
973 1881 1167 1929 exemplo
1195 1881 1462 1919 desideratur.
1492 1881 1639 1918 Manus
1672 1880 1792 1918 nobis

153 1951 295 2002 ignota
313 1963 444 2000 usque
463 1952 516 1989 ad
535 1951 604 1990 sol.
622 1952 689 1999 6v,
709 1952 780 1989 ubi
799 1952 941 2000 incipit
959 1963 1105 1989 manus
1123 1952 1251 1990 Patris
1267 1952 1447 2000 Jimenez
1467 1951 1519 1989 ab
1546 1952 1621 1989 illis
1641 1951 1789 1988 verbis:

37 2027 42 2029 ”
98 2044 107 2048 ·
161 2022 362 2072 «Quando
381 2034 425 2060 se
444 2023 608 2061 sintiere
626 2034 707 2061 con
724 2024 907 2061 tristem»
931 2028 973 2061 et
992 2024 1124 2074 pergit
1142 2035 1274 2071 usque
1292 2024 1346 2061 ad
1365 2024 1501 2061 finem.
1523 2024 1606 2061 Inc.
1639 2023 1708 2060 «El
1735 2023 1790 2059 fin

153 2093 213 2132 de·
223 2094 267 2132 ia
283 2082 654 2144 peregrinacicsn...»
677 2095 774 2133 Des.
798 2111 859 2133 oc...
874 2095 1036 2132 delante
1050 2095 1089 2132 la
1103 2095 1316 2145 magestad
1333 2095 1483 2133 diuina.
1500 2095 1611 2132 Laus
1626 2099 1791 2132 aeterna

154 2163 261 2213 Deo,
279 2165 407 2215 gloria
426 2166 478 2203 sit
496 2171 538 2203 et
556 2167 724 2204 honos.›
1035 2155 1045 2162 ’

234 2235 356 2274 Num.
385 2237 423 2274 6.
480 2237 526 2274 In
554 2238 634 2275 hoc
660 2249 833 2275 numero
850 2237 1063 2275 'habentur
1091 2237 1242 2286 duplici
1272 2237 1369 2274 solio
1396 2237 1601 2285 quaedam
1626 2236 1790 2286 regulae

101 2346 106 2356 .
153 2307 333 2358 magistri
353 2308 613 2355 novitiorum,
632 2308 759 2358 ignoti
779 2309 969 2354 auctoris,
990 2320 1083 2346 cum
1104 2309 1308 2346 nonnullis
1328 2307 1696 2353 emendationibus,
1716 2308 1788 2344 Po-

152 2377 259 2416 lanci
277 2389 402 2417 manu
421 2379 549 2426 factis;
564 2391 687 2428 quae,
707 2380 812 2417 sicut
831 2385 872 2417 et
895 2380 1049 2428 reliqua
1074 2381 1115 2417 in
1141 2381 1219 2417 hoc
1246 2391 1417 2417 numero
1444 2380 1496 2416 de
1524 2379 1686 2416 novitiis
1707 2379 1790 2415 col-

54 2444 100 2492 3‘,
153 2449 272 2497 lecta,
291 2461 385 2488 cum
404 2449 457 2488 ad
477 2462 553 2488 nos
572 2462 656 2488 non
675 2455 877 2500 spectent,
897 2451 1258 2500 praetermittenda
1277 2451 1570 2488 existimamus.

63 2570 78 2579 ..
234 2519 356 2559 Num.
387 2530 423 2570 7.
478 2521 554 2559 Est
577 2522 748 2560 alterum
781 2523 1018 2571 exemplum
1050 2522 1206 2560 illarum
1239 2522 1483 2572 regularum,
1518 2533 1621 2568 quas
1655 2520 1790 2557 officio

62 2582 109 2648 ξ’,
154 2592 398 2630 consultoris
429 2593 590 2631 additas
615 2593 792 2631 vidimus
818 2595 858 2631 in
884 2594 1030 2632 codice
1048 2593 1190 2632 Natal.
1217 2594 1336 2631 instr.
1364 2593 1509 2637 Lusit„
1539 2593 1605 2629 fol.
1634 2601 1669 2637 2,
1696 2603 1789 2628 cum

89 2646 102 2650 ’Δ
154 2673 252 2711 quo,
285 2664 319 2701 si
346 2675 476 2712 pauca
505 2665 774 2713 excipiantur,
800 2665 1035 2703 concordat.
1062 2666 1146 2703 Inc.
1180 2665 1259 2702 ‹Vt
1293 2664 1547 2702 consultores
1574 2674 1783 2712 magna...»

67 2775 74 2791 V,
85 2760 105 2779 3
154 2733 252 2773 Des.
277 2751 335 2773 ‹...
355 2735 481 2773 habet
498 2735 796 2774 admonitorem
814 2737 1049 2786 generalis.»
1074 2737 1127 2774 Et
1145 2737 1210 2774 hic
1230 2736 1397 2784 quidem
1417 2735 1586 2783 explicit
1604 2745 1697 2782 pars
1717 2734 1787 2770 hu-

71 2802 99 2838 '¹
151 2805 220 2854 ius
238 2805 404 2852 codicis,
424 2817 529 2854 quae
548 2807 601 2844 ad
620 2807 662 2845 P.
682 2807 869 2850 Natalem
888 2808 1023 2855 aliqua
1042 2808 1196 2845 ratione
1217 2812 1402 2856 spectare
1422 2806 1594 2843 videtur.

71 2978 89 2998 ,ι
232 2962 240 2982 ¹
291 2959 353 2995 De
368 2959 478 2995 hisce
496 2959 655 2996 monitis
673 2956 764 2996 vide
781 2959 888 2996 dicta
905 2960 946 2995 in
964 2960 1013 2996 P.
1036 2959 1242 2995 Rodericii
1267 2959 1544 3000 Monumenta,
1569 2967 1686 3003 pagg.
1704 2954 1788 3000 448,

155 3027 244 3063 449·
