2098 3470
361 271 426 318 148
829 272 983 308 PATms
1009 271 1252 308 HmRONYm
1278 271 1429 307 NADAL

311 368 476 430 io,‘per
498 373 735 418 intendere
756 375 799 417 la
821 382 973 418 mente
994 375 1051 418 de
1071 375 1118 419 S.
1147 375 1234 418 ΞΡ*
1264 388 1399 430 sopra
1420 373 1451 416 il
1473 375 1542 416 far
1568 373 1696 416 venir
1720 374 1805 416 alla
1827 387 1937 416 con-

310 449 581 511 gregatione
605 450 710 494 tutti
732 450 797 507 gli
819 451 1010 507 professi
1044 453 1188 507 [corne
1219 450 1263 506 il]
1291 450 1538 495 medesimo
1559 450 1786 493 cardinale
1811 450 1866 506 [ci
1888 450 1947 510 Γ]

310 529 489 572 haueua
510 527 637 570 detto
663 527 750 586 [da]
773 535 899 584 parte
920 543 1002 572 sua
1024 536 1070 571 et
1092 528 1136 570 io
1158 527 1187 569 li
1210 527 1318 571 dissi
1341 527 1387 570 in
1409 541 1588 571 camera
1614 542 1696 570 sua
1720 527 1874 570 auanti
1896 528 1938 570 al

311 604 458 648 Padre
480 605 622 648 detto:
651 606 845 648 «Mons,r
866 607 990 658 R.¹¹¹⁰,
1023 607 1218 649 hauemo
1246 604 1415 648 intesso
1438 606 1522 647 che
1550 604 1615 647 sia
1638 605 1679 646 la
1707 611 1858 647 mente
1878 603 1941 648 de

310 681 359 725 S.
386 682 478 725 SR
500 683 584 725 che
602 697 813 739 vengano
836 684 941 726 tutti
964 682 1105 725 nostri
1128 682 1316 738 professi
1339 697 1421 738 per
1443 683 1485 725 la
1507 681 1731 725 electione
1758 682 1830 725 del
1852 695 1934 738 ge—

309 759 478 811 nerale,
503 765 549 802 et
571 761 740 815 perche
761 759 799 803 si
820 760 966 816 potria
988 760 1212 803 intender’
1238 759 1343 802 tutti
1367 773 1503 802 sanza
1530 758 1692 802 lasciar
1719 773 1937 810 nessuno‚

308 842 355 879 et
379 835 484 878 tutti
508 836 646 892 quelli
677 839 762 880 che
790 837 1147 894 legitimamente
1179 838 1358 880 debono
1395 836 1649 894 chiamarsi,
1674 835 1883 880 veniamo
1910 851 1939 881 a

307 912 539 968 supplicar
561 928 588 956 a
610 915 667 958 V.
694 915 742 959 S.
770 916 878 958 R.¹¹¹³
899 914 936 957 si
959 914 1100 970 degni
1122 913 1315 958 auisarci
1343 914 1462 958 della
1490 920 1640 958 mente
1662 914 1719 957 de
1739 914 1788 958 S.
1814 915 1907 958 Sssh
1921 949 1932 967 ,

306 991 472 1045 perche
494 990 570 1033 noi
591 990 638 1034 in
661 998 780 1035 tutto
802 991 843 1034 ci
865 991 1092 1048 vogliamo
1115 993 1371 1034 conformat
1393 1005 1477 1034 con
1511 991 1704 1046 quella.»
1730 991 1765 1033 11
1786 991 1931 1034 cardi-

306 1065 458 1110 dinale
480 1081 663 1123 respose
679 1070 751 1111 ch'
772 1083 848 1112 era
865 1069 1019 1111 chiaro
1040 1070 1126 1111 che
1143 1058 1419 1112 non‘voleua
1441 1067 1471 1110 il
1493 1082 1607 1124 papa
1625 1069 1709 1112 che
1726 1067 1832 1111 tutti
1853 1083 1934 1113 ve·

306 1143 491 1187 nessino
513 1159 651 1188 sanza
672 1145 848 1188 lasciar'
874 1160 1074 1188 nessuno
1106 1145 1211 1188 nelli
1243 1145 1384 1188 nostri
1420 1144 1549 1201 loghi
1581 1144 1687 1188 delli
1723 1145 1934 1201 professi,

305 1235 378 1264 ma
395 1222 481 1265 che
497 1221 739 1266 venessino
761 1222 897 1277 quelli
920 1224 1005 1265 che
1034 1222 1392 1279 legitimamente
1419 1223 1661 1266 doueuano
1693 1222 1933 1266 chiamarsi

305 1311 385 1352 per
405 1298 448 1341 la
480 1298 719 1342 electione.
747 1300 783 1341 E
806 1298 847 1341 ci
870 1300 1098 1342 domando
1121 1299 1278 1354 quanti
1305 1300 1514 1342 doueano
1550 1299 1707 1344 venire
1734 1300 1931 1343 secondo

304 1375 346 1418 le
368 1374 682 1418 constitutioni
705 1383 873 1420 nostre.
899 1376 977 1420 Gli
1000 1376 1196 1420 dissemo
1219 1376 1291 1420 ch’
1313 1376 1344 1419 il
1365 1377 1642 1438 prouinciale
1663 1384 1710 1422 et
1730 1377 1807 1422 doi
1830 1377 1932 1421 altri

303 1452 362 1496 de
399 1451 510 1508 ogni
547 1452 801 1508 prouincia,
835 1453 967 1497 electi
997 1469 1078 1510 per
1113 1454 1277 1509 quella.
1319 1455 1377 1496 Et
1408 1453 1527 1497 disse
1563 1456 1647 1497 che
1682 1455 1931 1498 bastauano
1950 1481 1954 1483 -

304 1529 461 1585 quelli,
487 1536 533 1573 et
554 1530 647 1572 cosi
671 1531 864 1573 hauemo
902 1539 1126 1576 accettata
1162 1532 1204 1574 la
1232 1531 1605 1587 interpretatione
1631 1532 1750 1576 della
1772 1538 1926 1575 mente

301 1608 359 1652 de
382 1608 430 1651 S.
458 1607 563 1651 8³2
579 1608 652 1650 dal
674 1607 920 1651 medesimo
943 1611 1029 1653 che
1051 1609 1093 1652 ci
1114 1609 1143 1650 1¹
1164 1610 1344 1652 haueua
1361 1609 1636 1665 significata.
1663 1610 1722 1652 Et
1738 1609 1784 1652 in
1802 1610 1931 1654 testi-

303 1684 455 1727 monio
484 1684 529 1727 di
561 1692 721 1740 questa
751 1685 892 1730 verita
922 1687 960 1728 s'
991 1687 1016 1729 e
1053 1685 1209 1729 scritta
1230 1700 1255 1728 e
1277 1686 1556 1730 sottoscritta
1592 1688 1634 1730 la
1662 1693 1872 1743 presente
1901 1690 1937 1733 i}

301 1762 463 1827 giornp
484 1763 692 1819 predetto
714 1763 759 1806 in
783 1764 945 1807 Roma.
1165 1756 1170 1760 ⁵

391 1839 599 1883 Affermo
622 1848 793 1895 quanto
815 1841 852 1883 si
875 1841 1084 1886 contiene
1105 1842 1150 1885 di
1172 1857 1325 1899 sopra.

383 1919 543 1974 JOANE
565 1931 630 1961 DE
654 1919 898 1971 POLANCO,
922 1927 1215 1975 procuratore
1237 1921 1354 1963 della
1381 1921 1576 1978 Comp.³
1597 1923 1656 1966 de
1671 1923 1799 1980 Jessi.

855 2073 858 2076 ,
1082 2033 1148 2075 17

743 2115 796 2158 P.
833 2116 1184 2161 HIERONYMI
1216 2119 1487 2163 NATALIS

775 2224 1018 2255 APOLOGIA
1038 2225 1322 2257 SOCIETATIS
1339 2227 1458 2267 JESU

625 2299 846 2331 CONTRA
880 2301 1198 2333 EPISCOPUM
1237 2304 1604 2335 CAESARINUM

357 2376 484 2407 APUD
507 2377 808 2407 CARDINALES
833 2378 1198 2410 REFORMATIONI
1223 2381 1285 2410 EX
1313 2381 1541 2412 CONCILIO
1570 2383 1874 2414 TRIDENTINO

786 2455 1073 2487 ,FACIENDAE
1096 2457 1425 2489 PRAEPOSITOS

877 2624 1036 2660 ROMAE,
1063 2626 1180 2653 ΑΝΝο
1209 2618 1300 2663 1564
1329 2621 1354 2654 ¹.
1422 2629 1433 2643 ·

1057 2695 1167 2751 JHS

367 2778 524 2824 (Fano
543 2780 655 2825 263.)

386 2845 524 2900 Quod
543 2832 765 2890 hactenns
786 2848 960 2903 experti
978 2865 1152 2904 sumus,
1173 2851 1357 2895 Christo
1367 2854 1479 2910 Jesu
1498 2853 1705 2911 propitio,
1723 2855 1851 2899 Illmi.
1871 2871 1928 2900 ac

296 2921 413 2964 Rmi.
440 2922 627 2975 domini,
659 2923 846 2968 excitari
879 2926 1026 2970 solere
1058 2927 1274 2973 Societati
1302 2930 1700 2984 contradictiones,
1730 2932 1807 2976 vbi
1827 2935 1921 2978 Do-

366 3030 375 3050 ¹
428 3031 486 3066 Ex
504 3033 740 3079 apographo,
759 3034 810 3069 ab
827 3033 911 3080 ipso
929 3041 1088 3071 auctore
1106 3036 1149 3072 P.
1170 3037 1300 3073 Natali
1318 3036 1540 3086 emendato,
1557 3039 1596 3076 in
1618 3040 1713 3078 Coa.
1739 3042 1862 3078 Vatic.
1883 3042 1924 3085 6,

296 3089 401 3125 foliis
426 3089 641 3136 2631—274v.
669 3091 812 3140 Aliqua
836 3094 975 3130 menda
999 3107 1020 3130 a
1043 3096 1213 3143 librario,
1237 3099 1303 3145 qui
1330 3098 1402 3134 hoc
1426 3105 1720 3136 monumentum
1745 3102 1923 3138 transcri-
