2098 3470
806 199 1240 249 Iusmucnonsss-ssm
1724 221 1794 258 4¹5
1807 248 1808 251 ,

203 313 319 356 tium
340 313 388 356 in
410 314 712 369 xenodochio;
738 329 854 371 quae
870 314 908 359 si
925 315 1068 358 nollet
1088 313 1231 367 obire,
1250 314 1480 371 agendum
1499 328 1603 357 curn
1620 314 1697 357 illo
1719 322 1840 359 esset

201 395 253 433 vt
276 403 382 433 cum
410 391 614 447 grauiter
643 398 833 437 tentato.
863 390 913 437 Si
936 406 1028 435 non
1057 397 1150 435 tam
1174 391 1247 435 122
1275 391 1412 447 culpa
1439 405 1673 447 praesens,
1703 406 1839 448 quam

204 465 404 510 taedium
433 476 478 510 et
508 468 741 512 fastidium
772 483 829 513 ex
849 467 1066 512 diuturna
1098 467 1399 524 occupatione
1426 469 1500 511 vel
1522 467 1676 523 nimia,
1701 483 1839 513 causa

198 551 323 588 esset
344 543 442 588 eius
464 545 745 589 difficultatis
764 554 798 599 ²,
823 560 929 589 cum
950 560 1006 590 eo
1022 545 1170 590 lenius
1191 553 1312 590 esset
1333 545 1580 602 agendum,
1603 545 1755 589 ocium
1773 546 1838 589 illi

197 619 420 674 dandum,
461 621 853 666 intermittendum
891 622 1111 676 officium,
1143 621 1364 667 recreatio
1406 622 1724 675 concedenda,
1765 624 1837 667 vel

199 696 390 747 omnino
428 701 696 743 mutandum
733 699 950 753 officium;
990 699 1166 743 etiamsi
1203 699 1277 742 his
1308 713 1490 754 quoque
1526 699 1623 742 dari
1660 700 1837 756 possint

200 773 507 828 probationes,
531 777 613 819 sed
633 791 873 821 necessum
896 791 988 819 non
1010 783 1080 821 est
1101 776 1481 831 quemadmodum
1504 775 1617 819 aliis.

289 851 433 896 Curet
454 859 621 905 rector,
646 867 705 896 ne
726 853 887 909 aliquis
908 854 1038 896 locus
1058 852 1117 896 sit
1139 852 1277 905 domi,
1298 853 1419 896 vnde
1440 853 1700 896 clanculum
1724 868 1834 909 pos-

196 925 258 969 sit
285 927 448 983 aliquis
475 928 616 983 abire,
642 944 701 972 ne
729 930 809 973 fiat
837 937 887 972 vt
918 929 1100 986 aliquis,
1123 929 1255 986 graui
1290 929 1538 973 tentatione
1568 944 1830 986 oppressus,

197 1003 424 1061 aufugiat:
450 1012 497 1048 et
518 1004 564 1048 id
586 1005 767 1061 quidem
790 1004 887 1050 aliis
916 1006 1051 1051 etiam
1084 1005 1318 1049 industriis
1349 1014 1420 1050 est
1450 1007 1830 1062 praecauendum.

214 1117 219 1120 .
286 1081 351 1125 Vt
364 1082 640 1137 peculiarem
656 1098 811 1127 curam
825 1098 985 1140 gerere
998 1084 1135 1128 debet
1152 1091 1300 1127 rector
1314 1083 1519 1140 magistri
1535 1083 1830 1137 nouitiorum,

194 1155 264 1199 ita
286 1158 344 1200 ab
364 1157 441 1201 illo
462 1158 610 1202 iuuari
631 1161 767 1204 debet
788 1159 835 1203 in
856 1160 932 1204 illa
951 1160 1301 1217 gubernatione,
1326 1175 1384 1204 ne
1412 1168 1564 1204 tamen
1591 1160 1651 1204 sit
1678 1161 1832 1204 curio-

197 1232 288 1276 sior
310 1233 357 1276 in
378 1234 702 1293 interrogando
722 1237 910 1280 nimium
928 1237 1197 1294 magistrum
1214 1237 1508 1281 nouitiorum.
1533 1239 1650 1282 Nam
1670 1239 1831 1282 fortas-

191 1308 259 1353 sis
281 1309 432 1366 aliqua
453 1311 499 1354 in
521 1313 806 1358 confessione
828 1313 1023 1359 nouerit:
1048 1314 1200 1370 potius
1227 1314 1291 1358 illi
1319 1315 1491 1368 credat,
1523 1322 1569 1359 et
1596 1314 1659 1358 illi
1688 1316 1831 1359 multa

188 1386 462 1441 committat,
489 1396 537 1431 vt
558 1389 635 1445 qui
657 1391 824 1435 habeat
845 1390 945 1434 illos
966 1390 1113 1448 magis
1134 1392 1390 1448 exploratos
1412 1399 1458 1436 et
1479 1391 1708 1449 cognitos.

282 1462 354 1508 123
385 1464 525 1508 Omni
556 1465 707 1508 studio
737 1474 783 1511 et
819 1466 1055 1523 diligentia
1086 1474 1250 1511 curent
1286 1468 1565 1525 superiores,
1599 1476 1649 1511 vt
1686 1469 1831 1512 nostri

189 1554 351 1584 omnes
377 1540 424 1583 in
445 1542 651 1587 oratione
678 1550 724 1586 et
752 1544 888 1587 rebus
914 1543 1224 1600 spiritualibus
1250 1552 1491 1590 versentur
1518 1560 1624 1589 cum
1653 1547 1823 1599 fructu,

188 1617 314 1673 quod
341 1624 387 1662 et
413 1633 494 1675 per
521 1633 572 1663 se
599 1621 842 1673 curabunt,
883 1628 929 1666 et
964 1636 1046 1678 per
1081 1609 1400 1675 confessarios,
1441 1622 1519 1680 qui
1551 1637 1652 1667 esse
1683 1624 1831 1668 solent

190 1694 409 1749 praefecti
430 1709 581 1739 rerum
603 1696 922 1753 spiritualium,
946 1698 1023 1740 vbi
1045 1697 1161 1742 alius
1188 1698 1415 1756 designari
1446 1714 1538 1743 non
1560 1699 1719 1757 possit,
1752 1700 1830 1756 qui

187 1769 260 1819 illi,
277 1771 429 1815 officio
450 1772 754 1828 praeficiatur.

225 1871 228 1873 Δ
279 1848 350 1892 Ne
372 1848 463 1892 sint
485 1849 640 1894 faciles
669 1851 926 1908 superiores
946 1852 992 1896 in
1014 1852 1351 1910 dispensatione
1372 1853 1646 1897 ieiuniorum
1675 1862 1721 1900 et
1750 1855 1827 1898 de-

189 1924 335 1968 lectus
371 1926 593 1981 ciborum,
627 1942 711 1971 nec
739 1928 986 1984 patiantur,
1016 1936 1067 1972 vt
1101 1929 1264 1974 medici
1292 1944 1347 1974 ea
1374 1930 1420 1974 in
1450 1946 1499 1976 re
1526 1931 1618 1975 sint
1645 1932 1751 1975 laxi.
1778 1933 1827 1975 In

187 2002 327 2046 rebus
348 2018 458 2046 vero
480 2004 691 2048 omnibus
721 2006 779 2049 ad
808 2006 1133 2062 perfectionem
1157 2006 1371 2060 nitamur,
1396 2015 1443 2052 et
1464 2007 1512 2051 in
1532 2008 1604 2052 his
1621 2023 1829 2065 praeser-

187 2077 289 2132 tim,
314 2079 480 2136 quibus
502 2082 592 2124 hoc
610 2089 813 2138 tempore
834 2082 1050 2127 haeretici
1071 2083 1407 2128 contradicunt.

277 2157 443 2200 Nullus
481 2158 687 2214 superior
725 2159 919 2216 accipiat
956 2159 1003 2202 in
1040 2160 1298 2217 depositum
1340 2162 1558 2218 pecunias
1596 2163 1669 2207 vel
1706 2163 1828 2207 aliud

187 2231 419 2289 quippiam
443 2234 500 2277 ab
522 2234 736 2287 externis,
762 2235 848 2278 nisi
871 2236 1123 2280 neoessitas
1143 2237 1201 2280 ad
1222 2237 1268 2280 id
1290 2245 1493 2294 cogeret,
1519 2239 1592 2283 vel
1620 2239 1826 2296 singula-

186 2308 251 2352 ris
272 2309 425 2366 aliqua
447 2319 716 2367 sequeretur
736 2313 991 2357 aedificatio
1013 2314 1070 2357 ad
1091 2314 1236 2357 maius
1257 2314 1344 2358 Dei
1360 2315 1616 2369 seruitium3
1638 2316 1700 2359 ibi
1718 2332 1825 2361 vero

187 2385 519 2432 districtissime
541 2388 740 2442 iubetur,
764 2404 822 2433 ne
842 2390 1100 2446 depositum
1123 2391 1170 2435 in
1190 2406 1323 2435 vsum
1346 2392 1540 2448 aliquem
1564 2394 1636 2436 vel
1664 2408 1826 2438 neces-

187 2462 367 2508 sitatem
389 2466 672 2521 expendatur
695 2466 794 2523 (nisi
817 2466 894 2512 124
915 2469 1031 2512 forte
1059 2482 1116 2511 ex
1145 2469 1416 2526 depositoris
1442 2471 1708 2526 voluntate),
1744 2472 1824 2513 sed

187 2539 456 2584 inuiolatum
480 2551 793 2588 conseruetur-.
820 2546 923 2588 Hoc
945 2546 1002 2590 de
1023 2545 1334 2602 superioribus
1356 2546 1536 2590 dicitur.
1567 2549 1682 2590 Nam
1712 2547 1823 2590 alios

186 2617 337 2661 nullos
353 2617 399 2661 id
420 2633 552 2675 posse
574 2621 865 2677 perspicuum
885 2629 970 2665 est.

276 2694 606 2749 Poenitentiae,
637 2711 754 2753 quae
790 2697 879 2741 dici
915 2699 1062 2742 solent
1094 2699 1151 2744 de
1187 2700 1312 2756 puris
1346 2700 1645 2751 naturalibus,
1683 2699 1820 2743 indici

180 2777 417 2826 poterunt,
441 2773 499 2815 ob
521 2787 614 2816 rem
638 2773 852 2830 aliquam,
879 2775 925 2818 in
947 2789 1036 2831 qua
1059 2775 1313 2820 ordinariae
1331 2791 1421 2820 non
1440 2776 1689 2819 sufficiunt.
1718 2777 1819 2820 Hae

185 2859 295 2890 vero
316 2848 624 2904 poenitentiae
653 2850 719 2894 sic
746 2852 932 2896 habent:
964 2859 1014 2895 vt
1041 2852 1188 2909 primo
1219 2853 1403 2897 defectu
1437 2853 1670 2896 auferatur
1702 2852 1819 2895 anti-

256 3023 274 3041 ἃ
321 3014 559 3061 dificultatis
579 3028 651 3052 ms.
671 3017 734 3053 hic
752 3024 791 3054 et
809 3017 917 3055 alias.
