2098 3470
11 1827 15 1861 .„
0 1620 17 1793 ,Γτ-’ν-σ-νν
0 1569 6 1602 ’-

9 2007 12 2009 ,
0 1946 10 1988 -20—
0 1921 8 1942 ν-

823 245 1255 283 ΙΝετΒυστιοΝεε-όῐ
1636 277 1641 282 .
1736 245 1807 292 493

251 399 253 401 ¹
313 349 512 393 Possunt
538 348 721 392 missam
750 347 949 392 audituri
978 348 1163 392 flectere
1193 361 1346 403 genua
1378 346 1422 390 in
1452 346 1671 404 gradibus
1700 347 1854 391 altaris

222 420 532 480 inferioribus.

311 504 424 546 Post
454 509 682 546 cantatam
715 501 913 554 missam,
944 499 1049 544 cani
1077 514 1167 543 non
1197 508 1267 545 est
1295 514 1533 544 necessum
1567 501 1731 545 «Salue
1760 503 1851 545 Re-

221 579 376 636 gina»;
400 593 493 622 non
514 587 584 624 est
604 578 724 622 enim
753 578 1052 630 consuetudo,
1077 585 1127 620 vt
1154 584 1265 620 tunc
1286 584 1492 628 canatur,
1523 578 1604 620 sed
1632 578 1852 621 absolutis

221 655 440 713 vesperis.

309 732 468 778 Altare
494 733 657 786 maius,
688 733 764 776 vbi
794 732 970 776 externi
997 731 1333 776 communicare
1360 732 1523 783 solent,
1555 732 1768 775 cancellis
1794 733 1849 774 li-

219 809 353 866 gneis
374 822 431 867 ex
451 809 739 861 columnulis,
766 817 816 852 vt
836 807 935 853 fieri
955 808 1086 860 solet,
1110 807 1420 851 circumdetur
1446 808 1503 851 ad
1525 809 1717 863 gradum
1745 807 1848 851 infi-

220 899 360 939 mum3
385 885 423 928 si
446 899 553 928 vero
576 886 793 942 templum
815 891 935 930 esset
956 891 1219 945 angustum,
1245 883 1432 928 cancelli
1454 885 1510 927 de
1529 899 1618 927 vno
1635 886 1774 929 latere
1792 887 1848 928 ad

219 962 344 1006 aliud
365 963 689 1019 producantur,
714 970 760 1007 et
788 970 899 1006 tunc
927 977 1017 1005 vna
1048 962 1127 1005 fiat
1154 961 1290 1005 ianua
1316 969 1423 1005 ante
1449 962 1647 1005 medium
1677 963 1844 1006 altaris.

218 1039 268 1084 Si
287 1047 441 1084 autem
463 1040 681 1096 templum
704 1039 813 1082 satis
839 1039 1036 1096 amplum
1058 1043 1142 1086 368
1168 1046 1304 1092 esset,
1330 1039 1519 1083 cancelli
1539 1039 1648 1082 dicti
1670 1039 1715 1082 in
1738 1054 1847 1095 qua-

218 1116 302 1160 dro
322 1105 662 1168 construantur,
687 1124 735 1159 et
755 1116 917 1160 ianuae
944 1115 990 1159 in
1018 1123 1210 1172 Vtroque
1237 1117 1377 1160 latere
1410 1116 1579 1168 altaris,
1610 1124 1657 1159 et
1685 1132 1772 1160 vna
1801 1118 1846 1160 in
1880 1110 1888 1117 ’

203 1182 367 1236 vmedio
388 1193 625 1250 aperiatur.
650 1193 866 1238 Similiter
887 1200 993 1238 ante
1013 1193 1100 1237 alia
1115 1192 1272 1237 altaria
1289 1192 1404 1250 erigi
1420 1201 1636 1250 poterunt
1658 1195 1845 1238 cancelli

216 1270 275 1313 de
295 1269 480 1313 arbitrio
502 1269 810 1326 prouincialis.

303 1348 355 1390 ln
376 1347 499 1390 nulla
521 1347 657 1390 missa
684 1355 868 1390 vtentur
895 1346 1087 1390 diacono
1117 1355 1163 1390 et
1190 1346 1486 1399 subdiacono,
1518 1348 1653 1392 etiam
1682 1348 1718 1392 si
1749 1349 1845 1392 dies

214 1423 393 1484 veneris
414 1431 600 1467 sanctus
623 1420 802 1476 sit,'sed
824 1424 902 1467 fiat
923 1423 1201 1476 solemnitas,
1221 1431 1271 1466 vt
1287 1424 1604 1480 praescribunt
1621 1425 1844 1468 constitu-

215 1499 362 1544 tiones
383 1507 430 1544 et
450 1515 542 1544 non
559 1499 704 1553 aliter3
726 1500 981 1557 passionem
997 1507 1150 1543 autem
1167 1500 1319 1546 dicere
1335 1509 1486 1557 potest
1504 1502 1598 1558 ipse
1614 1504 1840 1546 sacerdos,

214 1575 375 1622 Sicubi
397 1585 547 1622 tamen
568 1584 690 1621 esset
710 1578 993 1620 consuetudo
1009 1577 1188 1620 diaconi
1209 1585 1256 1622 et
1277 1577 1560 1630 subdiaconi,
1581 1581 1845 1622 consulatur

214 1652 457 1710 generalis,
481 1667 565 1696 nec
586 1661 788 1697 mutetur
809 1654 954 1697 donec
975 1653 1051 1696 ille
1071 1653 1298 1714 statuerit.

301 1729 555 1774 ffiuribulo
575 1730 641 1772 vti
669 1738 859 1786 possunt
886 1730 935 1772 in
962 1729 1220 1775 cerimoniis
1246 1731 1569 1776 ecclesiasticis
1597 1734 1841 1776 hebdoma—

212 1805 284 1849 dis
303 1814 506 1858 sanctae‚
531 1814 578 1851 et
599 1821 713 1850 crux
734 1806 892 1851 haberi
913 1814 1062 1863 potest
1083 1814 1319 1864 argentea,
1345 1816 1391 1851 et
1412 1809 1469 1852 ad
1491 1809 1672 1853 missam
1702 1811 1843 1854 maio-

213 1898 312 1928 rem
333 1883 587 1928 ministrare
609 1891 800 1940 possunt
821 1886 913 1926 duo
935 1898 1039 1927 cum
1062 1868 1416 1941 superpelliceis.

302 1961 541 2016 Templum
574 1960 739 2016 poterit
777 1959 1005 2016 tapetibus
1040 1960 1206 2013 ornari,
1245 1961 1284 2004 si
1321 1961 1396 2005 illa
1426 1964 1619 2008 ecclesia
1657 1965 1837 2019 habeat,

215 2035 340 2091 festis
356 2037 625 2094 praecipuis,
638 2037 751 2081 citra
766 2037 1073 2082 curiositatem
1089 2045 1136 2082 et
1152 2052 1407 2093 excessum,
1421 2041 1662 2098 praecipue
1679 2042 1724 2085 id
1742 2043 1840 2086 fieri

212 2113 376 2170 poterit
397 2113 444 2157 in
468 2115 583 2158 festo
604 2114 977 2167 circumcisionis3
1009 2114 1178 2170 alioqui
1204 2124 1275 2159 sat
1301 2116 1387 2160 erit
1414 2131 1575 2163 ornare
1604 2119 1761 2162 altaria
1788 2120 1841 2162 iis

212 2191 505 2243 ornamentis,
530 2205 647 2247 quae
668 2191 789 2235 domi
810 2193 1051 2235 habentur.

302 2272 384 2316 369
417 2268 590 2312 Poterit
610 2268 746 2312 etiam
775 2268 966 2312 ecclesia
993 2268 1128 2312 ramis
1150 2270 1316 2313 ornari.
1350 2271 1400 2314 In
1428 2272 1545 2316 festo
1575 2282 1726 2318 tamen
1757 2275 1841 2317 cir-

214 2344 504 2388 cumcisionis
533 2352 750 2402 poterunt
778 2345 928 2401 aliqua
956 2345 1124 2402 tapetia
1149 2348 1435 2392 commodato
1463 2350 1622 2406 accipi,
1654 2351 1691 2394 si
1721 2353 1840 2394 domi

213 2435 304 2464 non
327 2422 598 2473 habeantur.
1250 2479 1256 2484 .

302 2498 626 2554 Vnusquisque
649 2500 836 2543 Patrum
858 2508 1046 2555 quaerat
1070 2500 1323 2545 ministrum
1345 2503 1430 2547 sibi
1448 2504 1728 2560 assignatum
1756 2507 1840 2561 qui

212 2575 256 2619 ei
276 2574 495 2619 inseruiat
515 2575 561 2618 in
583 2575 837 2631 sacrificio),
861 2576 898 2619 si
921 2578 978 2620 ad
1001 2592 1049 2620 se
1073 2592 1163 2621 non
1186 2579 1338 2624 veniat
1360 2595 1416 2623 ex
1438 2582 1729 2636 praescripto:
1755 2597 1837 2625 cu-

213 2651 331 2695 rabit
353 2658 503 2696 tamen
527 2653 662 2697 Pater
683 2652 759 2696 ille
779 2653 864 2710 ipsi
887 2653 983 2697 dari
1006 2654 1349 2710 poenitentiam,
1376 2659 1640 2713 praesertim
1676 2659 1711 2701 si
1736 2673 1837 2702 sae—

215 2727 320 2784 pius
336 2730 622 2784 quaerendus
643 2729 746 2775 erit.

301 2806 402 2862 Ipsa
422 2813 573 2858 nocte,
599 2820 690 2862 qua
705 2807 1022 2851 defunctorum
1040 2810 1410 2853 commemoratio
1430 2812 1523 2854 fieri
1544 2811 1713 2867 incipit,
1735 2814 1837 2868 pul-

214 2882 304 2925 sari
339 2882 508 2927 debent
543 2897 804 2940 campanae,
844 2893 892 2927 vt
914 2885 959 2927 in
982 2885 1080 2929 aliis
1117 2885 1316 2929 ciuitatis
1340 2888 1515 2943 templis
1544 2889 1690 2931 solent
1713 2903 1837 2931 com-

214 2959 427 3002 munitet.

304 3036 480 3079 Pulsari
505 3036 639 3079 etiam
663 3037 826 3093 poterit
854 3039 1219 3096 quandocunque
1248 3041 1292 3082 in
1324 3042 1419 3096 ipso
1450 3043 1614 3097 templo
1644 3042 1836 3098 aliquem
