2098 3470
333 296 402 333 244
806 289 958 327 PATms
984 291 1226 328 HissRoNYm
1252 292 1402 328 NADAL

289 388 393 432 sarii
422 390 493 431 vel
524 389 677 442 vestis,
709 390 754 432 id
782 399 1017 448 acceptum
1047 395 1217 436 feratur
1244 394 1285 436 ei
1315 394 1525 450 collegio.
1551 396 1671 450 quod
1697 403 1767 440 est
1793 396 1920 439 solu—

288 473 440 508 turum
473 465 701 522 impensas
732 467 851 511 illius
883 468 1070 523 itineris3
1102 469 1138 512 si
1172 470 1419 514 necessitas
1448 465 1538 513 non
1562 479 1737 527 vrgeat,
1768 472 1913 515 susci-

287 541 467 598 pientur
489 542 749 586 huiusmodi
772 545 981 601 hospitio,
1006 532 1052 588 ἐι
1074 546 1185 588 nihil
1206 546 1344 589 aliud.
1371 547 1419 591 Si
1442 562 1550 590 vero
1567 548 1703 603 aliqui
1722 549 1919 604 professi

288 619 361 662 vel
374 618 661 664 coadiutores
678 621 858 664 formati
872 622 1158 666 mitterentur
1175 624 1232 665 ad
1249 624 1450 679 gerenda
1466 624 1659 680 negocia
1676 624 1919 669 Societatis

287 696 360 740 vel
382 695 485 749 alia,
509 695 714 740 similiter
735 711 838 741 cum
870 698 924 741 iis
951 706 1103 754 posset
1131 699 1223 755 agi,
1248 700 1421 743 scilicet
1449 701 1597 756 quoad
1629 700 1841 744 viaticum
1870 708 1916 745 et

287 779 455 824 vestes,
482 779 619 828 atque
641 773 813 817 dictum
834 783 903 819 est
925 777 982 819 de
1003 776 1300 819 scholasticis:
1326 777 1364 819 si
1387 777 1495 833 quid
1511 777 1664 820 viatici
1682 778 1754 820 vel
1777 777 1922 822 vestis

290 863 437 892 nouae
461 849 526 894 eis
548 850 748 905 daretur,
773 851 818 894 id
841 853 1199 908 recuperandum
1222 861 1343 897 esset
1364 855 1420 897 ab
1443 854 1512 906 iis,
1533 854 1611 910 qui
1627 869 1705 898 eos
1727 855 1853 897 alunt
1869 854 1916 898 in

289 925 464 969 itinere.
507 927 555 971 Si
591 942 702 972 vero
738 928 856 972 irent
893 929 1082 984 professi
1119 931 1191 973 vel
1228 930 1514 973 coadiutores
1541 931 1587 972 in
1617 930 1915 975 ministerium

291 1017 444 1055 suum,
470 1005 741 1048 adiuuantes
769 1006 941 1048 animas
970 1006 1095 1049 iuxta
1125 1006 1367 1051 Societatis
1404 1007 1680 1060 institutum,
1707 1015 1816 1050 tunc
1844 1022 1917 1051 re-

291 1088 439 1124 ctores
461 1081 753 1138 collegiorum
777 1097 866 1125 non
886 1090 1069 1138 possent
1091 1083 1194 1127 illos
1216 1083 1344 1127 aliter
1361 1083 1534 1136 iuuare,
1555 1099 1690 1139 quam
1712 1083 1923 1141 hospicio

291 1157 442 1213 aliquo
464 1158 554 1208 die,
579 1159 651 1203 vel
672 1174 819 1215 pauco
841 1159 1022 1212 viatico,
1044 1161 1115 1203 vel
1138 1175 1184 1204 re
1201 1161 1349 1213 simili,
1370 1169 1418 1203 vt
1440 1168 1509 1205 est
1525 1161 1571 1203 in
1591 1159 1659 1206 2.⁰
1677 1174 1778 1216 cap.
1799 1161 1912 1204 decl.

291 1233 358 1294 [F]
380 1247 409 1289 4
429 1235 570 1291 partis
596 1238 624 1278 ¹.

383 1313 550 1356 Rector
581 1327 672 1356 non
700 1313 922 1370 intelligat
950 1328 1006 1356 ex
1040 1325 1062 1369 5
1096 1329 1195 1370 cap.
1223 1315 1359 1358 officii
1391 1303 1462 1358 sui
1490 1315 1574 1359 sibi
1606 1330 1706 1360 esse
1733 1314 1922 1358 interdi-

292 1396 434 1443 ctum,
459 1403 516 1432 ne
538 1390 719 1446 saepius
741 1405 875 1446 quam
899 1392 1037 1435 semel
1058 1391 1104 1433 in
1126 1406 1247 1435 anno
1270 1402 1477 1437 exerceat
1494 1392 1649 1435 infima
1672 1391 1820 1435 officia
1835 1392 1919 1434 do-

292 1481 411 1518 mus,
433 1467 490 1509 ad
507 1466 696 1510 aliorum
710 1468 967 1524 exemplum
990 1476 1036 1511 et
1052 1468 1430 1523 aedificationem,
1450 1469 1831 1524 quemadmodum
1849 1467 1920 1510 in-

295 1543 515 1599 telligitur
537 1558 591 1587 ex
621 1544 764 1600 primo
792 1559 889 1600 cap.
924 1559 948 1599 3
982 1545 1121 1600 partis
1154 1546 1310 1589 Const.
1345 1546 1359 1566 ²
1395 1546 1493 1589 Nec
1524 1545 1571 1589 in
1603 1545 1674 1588 his
1702 1544 1925 1588 terminus

293 1620 483 1676 praefigi
506 1620 637 1663 facile
658 1628 823 1677 potest,
851 1621 1028 1665 tametsi
1051 1622 1334 1677 frequentius
1355 1622 1401 1664 id
1429 1636 1566 1679 agere
1594 1637 1686 1666 non
1714 1629 1783 1666 est
1811 1635 1920 1664 con-

294 1687 481 1751 sultum3
507 1705 553 1742 et
573 1697 611 1740 si
634 1705 703 1742 ter
724 1699 797 1742 vel
825 1706 984 1754 quater
1013 1698 1060 1741 in
1088 1714 1208 1742 anno
1244 1699 1290 1741 id
1320 1699 1502 1752 faciant,
1527 1714 1619 1742 non
1649 1698 1735 1743 erit
1765 1711 1925 1755 super-

293 1775 452 1817 fluum.
930 1827 934 1831 ῃ

384 1853 447 1895 Vt
468 1867 523 1896 ex
541 1852 943 1896 constitutionibus
966 1860 1011 1898 et
1039 1854 1200 1910 regula
1221 1853 1408 1897 rectoris
1430 1853 1741 1909 intelligimus,
1765 1866 1851 1897 nec
1866 1853 1927 1895 ad

294 1929 534 1985 prandium
556 1944 642 1974 nec
663 1930 720 1973 ad
741 1944 929 1974 coenam
953 1930 1114 1986 aliquis
1130 1937 1376 1975 extraneus
1394 1918 1571 1973 admitti
1588 1936 1738 1985 potest
1754 1929 1811 1973 ad
1828 1929 1924 1972 col-

295 2006 481 2063 legium.
508 2008 666 2062 Itaque
689 2007 777 2050 hoc
799 2006 858 2049 sit
879 2007 1077 2060 firmum,
1098 2007 1273 2050 nullum
1290 2006 1444 2049 vocari
1461 2020 1595 2062 posse
1612 2020 1696 2050 nec
1714 2006 1771 2048 ad
1787 2019 1925 2062 pran-

295 2084 418 2127 dium
444 2098 529 2128 nec
551 2085 607 2127 ad
631 2098 819 2127 coenam
842 2084 927 2126 nisi
958 2099 1013 2127 ex
1043 2083 1395 2140 dispensatione:
1422 2091 1468 2126 et
1495 2083 1631 2127 debet
1659 2097 1761 2127 esse
1787 2097 1925 2138 supe—

296 2160 492 2204 rioribus
524 2160 755 2217 integrum
776 2175 958 2204 causam
990 2161 1239 2205 obtendere
1262 2160 1488 2212 omnibus,
1514 2159 1591 2216 qui
1621 2159 1823 2203 fortassis
1844 2174 1925 2204 ex-

297 2245 503 2294 peterent
534 2254 560 2282 a
581 2237 747 2280 nostris
774 2238 945 2292 aliquot
973 2237 1173 2290 inuitari,
1198 2237 1308 2280 illud
1338 2251 1454 2288 esse,
1481 2237 1602 2292 quod
1633 2252 1689 2281 ex
1717 2235 1928 2279 instituto

299 2314 430 2358 nobis
452 2322 520 2359 est
542 2314 848 2358 interdictum.
875 2315 1063 2367 Verum,
1091 2321 1137 2356 vt
1174 2314 1220 2356 in
1249 2313 1347 2357 aliis
1375 2313 1562 2370 regulis,
1587 2312 1650 2356 ita
1678 2320 1724 2357 et
1754 2312 1801 2355 in
1838 2313 1929 2355 hac

300 2392 464 2448 poterit
491 2397 654 2431 ἐπιείκεια
680 2390 907 2443 adhiberi,
942 2391 1322 2446 quemadmodum
1352 2389 1648 2446 intelligimus
1679 2388 1927 2432 adhibitam

298 2483 399 2513 esse
421 2468 510 2511 iam
532 2468 638 2512 inde
659 2467 869 2524 primum,
896 2482 999 2510 cum
1023 2468 1108 2510 fuit
1131 2469 1301 2511 Romae
1329 2467 1464 2511 edita.
1491 2468 1541 2510 In
1563 2466 1757 2523 collegio
1778 2480 1929 2509 roma-

299 2633 382 2658 rem
406 2622 564 2668 collegii
593 2621 910 2668 ingolstadiensis
935 2622 1092 2666 agebat.
1123 2622 1237 2656 Anno
1261 2626 1392 2656 autem
1422 2619 1602 2667 sequenti
1631 2619 1760 2656 eidem
1791 2619 1831 2656 in
1855 2620 1932 2655 hoc

301 2693 462 2716 munere
480 2681 671 2717 successit
690 2682 733 2717 P.
753 2681 897 2716 Paulus
915 2681 1117 2716 Hoffaeus.
1138 2681 1195 2715 En
1213 2691 1312 2727 quae
1330 2679 1378 2714 ad
1398 2691 1479 2714 rem
1506 2678 1776 2715 declarandam
1790 2678 1933 2725 juvare

301 2746 485 2787 poterunt
498 2752 547 2776 ex
566 2741 694 2787 Epist.
717 2741 765 2775 P.
785 2740 935 2782 Nadal‚
956 2740 1002 2786 ΙΙ,
1025 2739 1101 2785 138,
1122 2739 1363 2786 deprompta:
1384 2739 1442 2774 «A
1467 2737 1706 2784 Ingolstadio
1723 2737 1779 2773 fui
1801 2749 1876 2773 con
1893 2738 1952 2785 el⁸

302 2800 351 2836 P.
375 2800 552 2847 Lannoy,
571 2812 647 2847 que
666 2811 731 2835 era
756 2799 898 2835 venido
922 2801 942 2834 a
973 2800 1199 2845 Augusta...
1230 2797 1413 2844 respondi
1441 2800 1462 2833 a’
1487 2797 1598 2833 todas
1628 2798 1684 2832 las
1714 2796 1836 2832 dudas
1865 2796 1930 2832 del

302 2860 346 2895 P.
365 2860 526 2906 Lannoy
543 2872 570 2907 y
584 2866 760 2897 otros...»
779 2859 1049 2905 Paragraphus
1063 2858 1179 2904 hujus
1197 2857 1453 2902 monumenti,
1472 2868 1571 2904 quae
1590 2855 1739 2903 incipit:
1766 2857 1847 2891 «Ex
1866 2855 1933 2892 illa

302 2919 630 2957 instructione...»
650 2918 754 2954 edita
772 2923 833 2953 est
849 2917 951 2964 apud
970 2923 1101 2952 nostra
1115 2917 1278 2952 Monum
1290 2942 1299 2951 .
1324 2917 1522 2962 Paedag„
1538 2926 1626 2962 pag.
1645 2923 1730 2960 775.

374 2980 382 3000 ¹
434 2977 495 3014 Cf.
520 2977 829 3013 constitutiones
849 2976 1060 3013 Societatis
1075 2977 1176 3022 jesu
1202 2975 1357 3010 latinae
1379 2978 1417 3010 et
1435 2975 1679 3021 hispanicae,
1705 2985 1822 3020 pagg.
1849 2981 1934 3019 114,

303 3045 384 3082 115.

372 3099 385 3118 ²
437 3095 553 3142 Μὰ,
574 3107 690 3142 pagg·
710 3106 769 3142 94,
789 3104 849 3140 95,
870 3107 908 3130 n·
932 3103 987 3140 19-
