2098 3470
2 59 38 86 2³«

0 86 28 121 ὲ,

611 238 965 275 Annonra‘rxoxxs
989 234 1065 271 6.ae
1092 240 1353 269 EXCERPTA—
1363 235 1408 277 07
1710 233 1781 278 667

194 339 340 384 ximos
362 338 567 391 iuuandi,
593 352 733 394 quum
754 337 855 380 illos
875 335 1002 393 prius
1023 333 1249 390 colloquio
1271 333 1483 390 priuatim
1502 334 1828 378 commonisset

194 417 252 460 ad
274 417 506 473 pietatem.
534 418 620 460 Per
641 413 856 461 exercitia
870 412 955 455 viri
973 410 1171 469 primarii
1187 411 1244 455 ad
1261 410 1535 456 Societatem
1553 411 1678 454 ducti
1697 420 1822 456 sunt.

282 495 440 549 Itaque
462 492 735 538 Societatem
756 493 980 535 hactenus
1000 488 1209 532 videmus
1230 502 1311 545 per
1332 501 1410 530 eos
1431 496 1477 530 et
1499 487 1675 531 initium
1694 496 1740 532 et
1756 488 1825 531 in-

193 577 475 614 crementum
497 568 728 625 accepisse
749 575 796 612 et
816 580 916 611 esse
937 567 1255 622 gubernatam,
1279 579 1395 620 quos
1411 565 1467 607 ad
1484 579 1583 608 eam
1603 567 1728 609 Deus
1746 579 1827 621 per

131 680 133 682 -
192 646 408 691 exercitia
428 645 628 689 vocauit.
654 645 760 688 Fuit
780 642 1102 688 exercitiorum
1126 650 1384 685 nostrorum
1403 641 1709 697 amplissimus
1732 643 1827 685 fru-

193 731 295 768 ctus
326 723 372 766 in
404 722 605 765 omnium
636 721 847 765 ordinum
878 719 1155 763 hominibus.
1190 720 1336 775 Saepe
1365 733 1556 761 numero
1589 727 1694 762 sunt
1722 720 1828 763 data

191 792 422 852 exercitia,
447 813 544 842 non
564 799 710 842 solum
732 796 1041 854 singularibus
1063 795 1314 848 monachis,
1340 797 1421 840 sed
1443 795 1636 852 integris
1665 811 1824 840 mona-

193 877 357 920 steriis.
383 875 591 932 Contigit
613 874 767 926 etiam,
792 875 916 930 quod
937 888 1027 930 ego
1043 874 1191 917 habeo
1208 880 1509 928 compertum,
1530 882 1577 915 vt
1595 874 1821 926 monachi,

194 967 329 1009 quem
353 961 482 997 erant
503 952 550 995 in
571 951 843 994 nouitiatum
865 950 1112 1007 accepturi,
1142 949 1479 993 dissimulanter
1511 950 1743 994 mitterent
1771 952 1828 993 ad

194 1044 297 1083 nos,
313 1029 614 1073 erudiendum
634 1028 682 1071 in
704 1028 909 1071 oratione
930 1043 1009 1084 per
1030 1026 1259 1072 exercitia.
1599 1037 1601 1039 ·
1807 1023 1810 1026 ’

283 1106 405 1164 [Per]
433 1105 648 1150 exercitia
669 1105 727 1148 ad
748 1111 957 1148 nostrum
978 1104 1160 1160 quidem
1189 1103 1450 1148 institutum
1479 1103 1664 1147 fuerunt
1693 1105 1828 1161 pleri-

147 1176 151 1179 *
194 1197 289 1240 que
306 1182 530 1239 perducti,
563 1181 693 1225 multi
725 1181 859 1225 etiam
890 1182 948 1224 ad
978 1181 1080 1224 alia.
1112 1182 1228 1224 Illud
1256 1188 1407 1224 tamen
1436 1182 1561 1224 soleo
1593 1196 1681 1238 ego
1710 1181 1829 1225 inter

195 1267 374 1306 caetera
395 1258 622 1316 admirari,
643 1257 767 1315 quod
785 1258 868 1301 viri
885 1258 1090 1302 doctrina
1108 1266 1406 1314 praestantes,
1426 1266 1474 1301 et
1490 1259 1673 1314 quidem
1695 1261 1820 1302 theo-

195 1336 292 1394 logi
312 1337 605 1389 excellentes,
630 1336 707 1392 qui
740 1331 891 1388 antea,
923 1336 995 1379 vel
1029 1335 1243 1380 exercitia
1274 1344 1430 1379 nostra
1462 1344 1826 1389 contemnerent,

193 1414 266 1458 vel
285 1414 421 1458 etiam
444 1400 783 1470 oppugnarent,
809 1421 855 1457 et
876 1413 954 1468 qui
975 1412 1144 1469 alioqui
1167 1413 1283 1457 nihil
1304 1428 1360 1457 ex
1383 1413 1453 1463 iis,
1480 1428 1598 1469 quae
1620 1414 1666 1456 in
1696 1429 1826 1458 exer·

193 1490 311 1534 citiis
342 1491 599 1542 traduntur,
633 1490 914 1546 ignorarent,
949 1489 1014 1533 ita
1043 1489 1213 1534 fuerint
1244 1505 1328 1533 vsu
1361 1490 1680 1536 exercitiorum
1704 1479 1830 1535 com-

194 1567 320 1619 moti,
355 1567 418 1611 ita
449 1567 626 1633 mutatid
663 1575 711 1608 vt
744 1581 912 1622 magno
944 1567 1081 1609 animi
1113 1581 1251 1611 sensu
1285 1568 1606 1623 profiterentur
1638 1582 1687 1611 se
1721 1578 1834 1612 tunc

193 1644 388 1700 primum
411 1658 511 1688 esse
535 1644 793 1700 theologos,
820 1652 930 1686 tunc
953 1643 1146 1699 primum
1170 1644 1427 1702 intelligere
1443 1645 1553 1700 quid
1570 1646 1655 1688 sibi
1672 1647 1832 1689 defue-

196 1721 253 1764 rit
274 1729 293 1746 ²
315 1729 417 1776 post
438 1729 530 1764 tam
560 1721 702 1764 multa
730 1721 895 1772 studia,
927 1728 972 1764 et
1001 1721 1260 1774 lectionem,
1291 1729 1338 1766 et
1364 1722 1519 1775 libros,
1552 1732 1597 1767 et
1626 1723 1824 1780 disputa-

197 1798 358 1841 tiones.
385 1797 603 1841 Minimus
624 1797 845 1852 siquidem
870 1812 1032 1841 sensus
1052 1797 1255 1853 interior,
1281 1813 1416 1855 quem
1439 1801 1555 1845 solet
1579 1800 1625 1843 in
1653 1802 1827 1844 exerci-

197 1873 271 1918 tiis
292 1875 419 1918 Deus
444 1874 644 1929 benigne
668 1873 867 1930 elargiri,
892 1873 1099 1918 eximiam
1129 1875 1292 1919 animis
1319 1878 1451 1920 affert
1471 1878 1830 1921 consolationem

193 1959 332 2007 atque
353 1951 727 1995 satisfactionem.
754 1939 876 1994 Hinc
900 1952 951 1994 fit
969 1959 1016 1994 vt
1038 1952 1182 1995 maior
1203 1967 1275 1996 me
1298 1939 1537 1998 admiratio
1566 1956 1835 2011 plerumque

193 2027 399 2080 subierit,
429 2028 539 2084 quid
570 2028 627 2071 sit
660 2030 842 2072 tandem
870 2029 1009 2084 quod,
1034 2043 1174 2085 quum
1202 2030 1400 2074 sciamus
1433 2032 1649 2076 exercitia
1678 2042 1831 2076 nostra

192 2104 306 2148 nihil
327 2105 613 2148 reconditum
636 2106 824 2158 habere,
864 2105 979 2148 nihil
1000 2107 1123 2162 quod
1145 2122 1202 2152 ex
1238 2108 1390 2153 medio
1417 2110 1659 2166 euangelio
1681 2118 1726 2154 et
1749 2112 1831 2153 do—

190 2181 336 2224 ctrina
358 2195 448 2224 non
471 2181 529 2224 sit
566 2190 827 2225 sanctorum
864 2183 1171 2240 desumptum,
1213 2185 1323 2240 quid
1344 2186 1464 2230 enirn
1487 2187 1632 2243 prima
1655 2188 1830 2231 hebdo-

193 2258 324 2302 made
346 2258 582 2310 tradimus,
607 2258 694 2301 nisi
716 2272 1003 2304 communem
1026 2261 1267 2316 quamdam
1292 2264 1554 2307 methodum
1574 2265 1630 2307 ad
1647 2279 1831 2320 compa—

195 2335 380 2377 randam
399 2344 688 2390 peccatorum
705 2335 1041 2389 contritionem;
1067 2337 1175 2392 quid
1192 2339 1262 2382 23³
1279 2347 1324 2381 et
1344 2338 1415 2394 3?
1432 2348 1477 2384 et
1494 2339 1566 2393 4⁸
1583 2355 1717 2395 quam
1738 2356 1831 2385 me-

193 2410 436 2454 ditationes
473 2410 609 2463 vitae,
650 2411 806 2455 mortis
829 2419 874 2456 et
896 2414 1241 2458 resurrectionis
1271 2415 1365 2459 X.³?
1394 2418 1599 2472 Quartae
1622 2417 1832 2460 addimus

190 2487 249 2530 ad
270 2501 470 2531 amorem
492 2487 577 2531 Dei
599 2489 972 2543 consequendum
990 2505 1125 2534 vnam
1148 2492 1489 2536 meditationem
1512 2519 1564 2524 ——
1583 2519 1640 2525 —
1658 2493 1675 2518 b
1698 2509 1828 2550 prae-

194 2571 316 2607 terea
353 2564 512 2607 modos
549 2565 726 2617 orandi,
752 2591 810 2596 —
841 2591 889 2598 -
911 2567 1231 2612 annotationes
1268 2569 1443 2624 aliquas
1480 2581 1526 2615 et
1547 2571 1833 2614 obseruatio-

193 2654 289 2683 πω.
318 2640 485 2684 Omnia
507 2634 646 2697 igitur
665 2641 914 2699 [exerciti]a
929 2658 1070 2699 quum
1087 2644 1327 2688 videantur
1344 2647 1602 2689 communia
1619 2654 1664 2689 et
1683 2647 1831 2690 cuiuis

192 2717 408 2774 theologo
436 2717 610 2773 peruia,
641 2726 688 2762 et
708 2719 857 2763 cuiuis
887 2719 1023 2764 etiam
1058 2721 1105 2763 in
1131 2721 1205 2765 uia
1242 2723 1428 2778 spiritus
1466 2732 1646 2767 versato
1675 2724 1827 2775 obuia,

193 2792 302 2847 quid
324 2793 431 2837 facit
451 2801 502 2836 vt
525 2802 695 2838 tantam
720 2797 920 2841 habeant
956 2797 1206 2842 efficaciam
1230 2799 1274 2842 in
1314 2801 1491 2843 animos
1530 2801 1760 2844 hominum
1785 2809 1830 2845 et

193 2869 251 2912 ad
271 2868 487 2926 pietatem
509 2879 556 2914 et
578 2872 870 2917 deuotionem
892 2873 1224 2919 informandos?
1247 2876 1414 2919 Videas
1433 2877 1552 2920 enim
1570 2879 1664 2920 fere
1686 2877 1835 2920 homi—

195 2945 273 2952 ——

262 2984 282 3002 ⁸
329 2975 539 3020 defuerint
566 2989 639 3013 ms.
691 2980 757 3006 -b
783 2979 1031 3027 Consumpta
1059 2981 1212 3027 charta,
1243 2983 1391 3029 aliquot
1422 2983 1542 3018 verba
1571 2983 1634 3018 hic
1663 2989 1703 3018 et
1734 2983 1833 3019 infra

190 3032 355 3069 desunt.
