2098 3470
341 255 411 301 564
812 255 968 293 PATms
994 257 1240 293 Humonvm
1266 256 1415 292 NADAL

289 356 387 412 ipsa
425 356 710 400 hebdomada
746 364 902 401 sancta
938 359 1008 402 vel
1053 359 1220 414 pascha
1258 371 1429 401 sacram
1473 373 1498 401 e
1539 356 1704 400 nostris
1746 371 1926 401 sumere

298 432 519 488 synaxim.

377 509 555 565 Regula
587 509 831 566 generalis,
867 525 983 567 quae
1020 511 1147 554 iubet
1183 509 1409 554 neminem
1447 509 1623 566 ingredi
1662 509 1924 553 cubiculum

284 585 469 629 alterius
491 587 661 641 absque
682 586 865 631 licentia
887 587 1079 630 ministri
1101 587 1278 640 saltem,
1303 585 1571 643 intelligitur
1594 587 1725 643 plane
1747 593 1796 629 vt
1820 587 1926 643 nulss

280 662 351 706 lus
373 662 502 706 aliter
523 661 806 719 ingrediatur
826 678 960 720 quam
979 665 1035 707 de
1058 663 1248 706 ministri
1265 662 1448 706 licentia
1465 664 1536 707 vel
1553 662 1813 719 superioris,
1834 677 1917 706 nec

281 746 351 782 sat
373 754 474 784 esse
497 739 756 784 facultatem
778 740 892 793 eius,
919 741 996 796 qui
1018 741 1064 783 in
1087 740 1296 783 cubiculo
1318 747 1401 794 est;
1428 747 1472 784 et
1491 747 1642 784 tamen
1659 740 1805 783 solent
1822 739 1920 783 dari

279 815 490 861 licentiae
518 818 770 873 generales,
801 825 850 860 vt
882 818 919 861 si
948 818 1055 862 velit
1085 817 1186 873 quis
1214 817 1459 861 conuenire
1487 815 1813 861 confessarium
1846 818 1922 861 vel

279 892 584 936 consiliarium
606 894 808 947 rectoris,
835 896 907 939 vel
931 910 1063 938 suum
1087 900 1444 951 praeceptorem,
1475 893 1729 937 studiorum
1762 907 1919 945 causa,

279 971 353 1012 vel
374 969 413 1013 si
433 971 587 1014 lumen
609 970 790 1014 aliunde
813 970 1063 1015 accendere
1086 986 1177 1014 non
1204 969 1361 1027 possit,
1387 985 1502 1026 quae
1533 977 1683 1013 tamen
1713 969 1925 1014 licentiae

280 1047 510 1102 praesenti
535 1061 647 1091 cura
669 1049 1003 1104 gubernentur.

937 1183 999 1212 DE
1033 1182 1266 1212 IANITORE

379 1279 548 1323 Ianitor
580 1288 800 1325 exeuntes
830 1296 1008 1337 semper
1035 1281 1301 1337 interroget,
1337 1272 1427 1336 ouo
1459 1289 1580 1333 eant,
1617 1287 1664 1323 vt
1695 1281 1833 1325 habet
1863 1295 1918 1324 ex

285 1358 461 1413 regula3
494 1364 539 1400 et
567 1357 736 1401 scribat
771 1358 817 1400 in
855 1359 1084 1412 chartula,
1125 1358 1202 1413 qui
1234 1365 1364 1411 sunt,
1400 1366 1444 1401 et
1478 1358 1551 1403 531
1584 1371 1688 1400 curn
1720 1371 1829 1413 quo,
1871 1364 1917 1400 et

285 1448 376 1489 qua
399 1435 513 1477 hora
541 1434 848 1491 egrediantur3
881 1435 1047 1478 scribat
1075 1434 1228 1489 etiarn,
1264 1449 1354 1490 qua
1385 1434 1620 1478 hora=sint
1653 1433 1839 1487 reuersi,
1872 1441 1918 1478 et

283 1511 626 1560 has’chartulas
648 1511 774 1554 dabit
796 1510 1034 1568 superiori:
1067 1510 1446 1555 antemeridianas
1474 1510 1624 1555 statim
1656 1527 1682 1555 a
1710 1510 1917 1568 prandio,

283 1580 617 1644 pomeridianas
638 1588 834 1644 vesperi.

659 1720 722 1750 DE
755 1720 1064 1750 EXCITATORE
1097 1720 1157 1749 ET
1189 1719 1539 1750 OBSERUATORE

371 1816 603 1860 Excitator
622 1824 750 1861 tanto
769 1817 904 1860 citius
926 1825 999 1862 eat
1017 1817 1238 1870 cubitum,
1265 1825 1436 1873 quanto
1453 1817 1588 1879 citius
1604 1819 1740 1862 debet
1759 1832 1916 1874 surge-

278 1908 349 1946 re3
391 1901 437 1937 et
475 1895 745 1938 obseruator
783 1909 835 1937 ac
873 1894 1097 1938 luminum
1133 1894 1357 1937 extinctor
1393 1901 1520 1938 tanto
1556 1894 1750 1951 amplius
1785 1908 1915 1937 mane

282 1969 487 2025 quiescat
510 1970 556 2012 in
579 1971 715 2024 lecto,
741 1977 911 2026 quanto
935 1970 1108 2014 tardius
1131 1970 1229 2013 aliis
1251 1970 1286 2012 it
1307 1970 1528 2014 cubitum.
1827 1964 1831 1968 ⁴

791 2103 853 2132 DE
887 2102 1080 2132 STUDIIS
1114 2103 1174 2132 ET
1208 2102 1408 2132 SCHOLIS

368 2199 651 2244 Aduertatur
672 2216 730 2244 ne
753 2202 809 2244 ad
832 2202 965 2256 plena
987 2199 1150 2243 artium
1173 2208 1218 2243 et
1241 2200 1551 2256 philosophiae
1573 2200 1723 2243 studia
1751 2199 1909 2243 admit-⁷

281 2286 438 2321 tantur
459 2278 506 2331 ii,
532 2279 610 2334 qui
632 2279 688 2322 ad
710 2278 861 2321 studia
883 2277 1095 2334 grauiora
1116 2276 1267 2320 idonei
1288 2291 1380 2320 non
1404 2276 1632 2338 videntur,
1658 2283 1704 2321 et
1731 2278 1817 2320 hac
1847 2291 1916 2319 ra-

280 2355 403 2398 tione
427 2369 533 2398 cum
556 2354 719 2398 minori
740 2354 990 2397 dificultate
1022 2353 1189 2410 poterit
1220 2353 1317 2398 fieri
1349 2352 1641 2397 seminarium
1673 2353 1911 2396 coadiuto-

279 2447 381 2475 rum
405 2441 424 2458 ἃ
446 2432 762 2489 spiritualium.

370 2510 459 2555 532
481 2511 585 2553 Non
607 2516 677 2553 est
705 2508 1011 2553 necessarium
1034 2515 1082 2550 vt
1114 2507 1389 2550 substitutus
1421 2506 1569 2561 classi,
1603 2507 1680 2550 vbi
1712 2508 1911 2562 dabitur,

278 2586 336 2629 sit
359 2600 503 2643 aeque
526 2586 699 2642 peritus
719 2592 764 2628 et
787 2600 932 2640 aeque
960 2586 1077 2628 bene
1109 2584 1234 2640 legat
1266 2590 1403 2639 atque
1434 2583 1642 2639 proprius
1675 2584 1906 2641 magister3

277 2663 367 2706 imo
396 2670 595 2719 praestat
631 2662 758 2705 illum
796 2662 945 2717 aliqua
983 2677 1038 2705 ex
1076 2667 1203 2717 parte
1240 2675 1340 2704 esse
1376 2659 1650 2713 inferiorern,
1691 2668 1740 2702 vt
1776 2675 1911 2704 verus

276 2738 496 2795 magister
517 2753 609 2782 non
633 2738 806 2782 amittat
829 2736 1168 2790 authoritatem,
1194 2737 1266 2779 vel
1282 2734 1646 2779 beneuolentiam
1665 2737 1786 2792 apud
1803 2750 1909 2779 suos

277 2815 539 2872 discipulos.

369 2892 620 2937 Ordinetur
642 2899 691 2935 vt
713 2891 791 2945 illi,
818 2891 895 2947 qui
917 2890 1196 2935 videbuntur
1217 2890 1274 2932 ad
1302 2889 1548 2946 legendum
1577 2888 1743 2942 idonei,
1777 2903 1910 2932 exer-2

349 3069 366 3086 ³
407 3059 705 3095 coadiutormm
725 3069 798 3093 ms.
