2098 3470
14 1568 23 1598 ,η
0 1309 26 1538 awwwvaewv
3 1151 6 1154 -

765 199 1201 256 Insrnuc‘nonns—or
1685 216 1755 273 563

160 319 500 372 exercitiorum,
519 327 565 364 et
586 320 756 377 singuli
772 334 958 364 suorum
980 318 1248 372 officiorum,
1267 326 1314 362 et
1335 319 1592 375 superiores
1614 319 1776 364 inferio
1799 346 1803 349 »

157 411 284 442 rum.
309 398 527 442 Rectores
553 397 689 440 etiam
722 397 920 441 habeant
951 397 1134 453 regulas
1165 395 1471 454 prouincialis.
1507 397 1803 453 Collaterales

157 487 274 518 vero
295 482 343 518 et
362 475 663 526 consultores,
689 489 866 527 eorum,
891 473 1057 530 quibus
1078 480 1185 516 sunt
1213 473 1496 518 collaterales
1516 474 1589 521 vel
1620 474 1802 516 consul-

168 556 306 604 tores;
339 564 393 594 ac
425 566 519 604 eas,
552 552 698 595 donec
730 552 872 608 probe
899 549 1068 603 norint,
1098 551 1255 606 legant
1275 551 1554 606 frequenter,
1589 564 1643 592 ac
1670 550 1717 592 in
1749 565 1803 593 ea

158 627 436 682 frequentia,
462 635 558 670 tum
581 628 638 670 ad
661 628 922 684 regularum
943 626 1287 683 intelligentiam
1309 634 1496 670 vtantur
1516 627 1801 683 superiorum

160 702 481 748 instructione:
521 704 685 747 deinde
722 719 815 748 non
851 704 942 748 sint
977 703 1064 749 528
1100 703 1290 760 obligati
1326 710 1376 746 vt
1408 703 1589 759 saepius
1627 705 1801 760 legant,

165 795 305 836 quam
325 781 465 825 semel
486 780 531 823 in
555 796 727 833 mense,
751 780 837 824 nisi
857 780 896 824 si
923 781 1105 837 quando
1133 779 1341 825 ‘viderent
1368 788 1549 836 tempus
1578 780 1728 824 facere
1756 788 1805 822 vt

158 856 428 901 debilitetur
455 872 613 902 eorum
643 858 858 902 memoria
883 859 957 902 vel
987 856 1303 913 intelligentia:
1336 864 1447 900 tunc
1473 856 1595 900 enim
1624 857 1805 913 saepius

160 934 402 979 deberent.
428 936 677 978 Generales
705 943 858 980 autem
885 935 1071 991 regulae
1098 948 1151 978 ac
1180 948 1446 977 communes
1475 934 1687 990 legantur
1720 949 1805 990 pu-

170 1010 290 1056 blice
315 1011 362 1054 in
393 1012 631 1056 refectorio
658 1012 704 1054 in
733 1011 954 1068 principio
980 1011 1203 1067 cuiusque
1231 1011 1417 1064 mensis;
1451 1010 1622 1067 singuli
1655 1019 1807 1055 autem

171 1100 278 1131 suas
304 1088 518 1144 priuatim
544 1089 699 1145 legant
726 1089 886 1132 eodem
915 1096 1134 1144 tempore,
1166 1102 1220 1131 ac
1246 1087 1412 1132 deinde
1439 1086 1487 1129 in
1515 1087 1807 1131 refectorium

164 1163 355 1207 ‘venient
374 1179 428 1207 ac
449 1164 617 1208 dicent:
646 1167 833 1209 «Patres
854 1179 908 1208 ac
930 1165 1091 1209 fratres
1113 1164 1158 1207 in
1177 1163 1375 1208 Christo:
1396 1177 1486 1220 ego
1502 1165 1590 1208 hoc
1608 1165 1681 1206 vel
1698 1164 1809 1206 illud

171 1240 371 1285 officium
392 1241 611 1294 sustineO,
636 1249 680 1284 et
703 1241 794 1298 legi
816 1241 1000 1297 regulas
1018 1255 1156 1293 meaS,
1176 1248 1222 1285 et
1238 1254 1440 1297 agnosco
1463 1255 1536 1284 me
1552 1241 1747 1283 multum
1765 1240 1810 1282 in

173 1331 229 1360 eo
249 1331 440 1362 errasse:
466 1317 644 1360 veniam
667 1326 772 1374 peto
795 1333 820 1361 a
841 1317 942 1360 Deo
962 1333 1016 1361 ea
1042 1318 1099 1361 de
1127 1333 1192 1370 re,
1225 1331 1277 1360 ac
1306 1331 1528 1373 propono,
1563 1317 1812 1361 adiuuante

169 1393 274 1436 eius
300 1394 464 1451 gratia,
495 1395 841 1438 emendaturum
868 1393 1107 1450 meipsum.
1141 1395 1254 1438 Peto
1276 1393 1412 1438 etiarn
1434 1408 1461 1436 a
1482 1393 1809 1450 superioribus,

175 1478 225 1512 vt
251 1470 361 1514 mihi
387 1471 642 1527 ignoscant,
673 1479 719 1514 et
746 1470 1071 1527 poenitentiam
1103 1470 1362 1527 iniungant,
1397 1478 1444 1514 et
1482 1471 1812 1515 correctionem

177 1548 285 1592 dent
306 1555 353 1592 et
374 1548 720 1590 instructionem
735 1548 790 1590 'in
815 1548 1034 1590 futurum,
1066 1549 1109 1591 A
1137 1547 1268 1590 vobis
1296 1562 1420 1599 vero,
1453 1549 1614 1592 Patres
1642 1562 1694 1591 ac
1723 1550 1814 1591 sra-

175 1632 286 1677 tres,
310 1633 416 1681 peto
438 1631 488 1667 vt
508 1624 620 1667 mihi
641 1624 907 1681 ignoscatis,
932 1631 979 1681 et
999 1623 1140 1668 oretis
1159 1624 1308 1667 Deum
1330 1639 1415 1680 pro
1437 1639 1555 1668 me.»

267 1702 405 1758 Quod
428 1701 619 1757 quisque
641 1708 851 1746 teneatur
871 1700 957 1744 sub
984 1715 1132 1757 poena
1159 1701 1337 1757 peccati
1365 1701 1569 1745 mortalis
1596 1701 1816 1745 rationem

178 1778 457 1823 confessario
486 1782 570 1826 529
603 1777 910 1822 conscientiae
942 1792 1052 1821 suae
1088 1777 1202 1821 citra
1238 1778 1373 1822 vllam
1411 1778 1818 1823 dissimulationem

179 1856 384 1908 reddere,
409 1863 507 1899 tum
528 1855 586 1900 de
608 1855 823 1911 quaesitis
846 1856 902 1898 ab
924 1870 995 1907 eo,
1021 1863 1117 1897 tum
1139 1854 1276 1898 etiarn
1298 1856 1356 1900 de
1378 1855 1563 1911 reliquis
1586 1856 1812 1907 omnibus,

172 1945 300 1987 —quae
334 1940 514 1989 praeter
548 1931 754 1987 quaesita
790 1939 944 1976 essent
981 1931 1206 1987 grauioris
1242 1931 1484 1985 momenti,
1523 1932 1718 1989 intelligi
1757 1933 1818 1975 ita

171 1999 333 2062 debet,
357 2010 480 2064 quod
501 2023 694 2066 poenam
716 2010 834 2052 hanc
856 2007 1042 2051 minime
1063 2008 1278 2061 incurrat,
1304 2009 1359 2061 si,
1384 2009 1593 2052 adhibito
1610 2010 1817 2066 diligenti

180 2085 484 2130 conscientiae
520 2085 743 2138 examine,
779 2100 851 2129 res
882 2085 1124 2129 memoriae
1155 2086 1276 2129 bona
1306 2086 1397 2130 fide
1428 2100 1520 2129 non
1553 2095 1815 2130 occurrant:

175 2161 467 2206 ‘incursurum
490 2177 598 2206 vero
619 2163 696 2218 qui
719 2162 809 2213 illa,
835 2176 951 2218 quae
979 2161 1171 2205 dicenda
1197 2170 1367 2217 essent,
1398 2178 1457 2207 ex
1486 2164 1738 2220 composito
1766 2179 1817 2206 ac

180 2240 241 2283 de
262 2239 485 2283 industria
506 2239 732 2290 reticeret,
759 2240 830 2283 vel
853 2239 1038 2282 omnino
1060 2239 1178 2283 mala
1199 2239 1291 2284 fide
1317 2241 1345 2283 ¹.

273 2306 575 2369 Obseruetu'r,
605 2318 758 2372 quoad
786 2315 883 2361 fieri
911 2315 1092 2372 poterit,
1127 2324 1195 2370 vt,
1224 2316 1303 2373 qui
1335 2317 1634 2373 egrediuntur
1667 2318 1816 2364 domo.

186 2393 406 2437 rationem
428 2394 619 2437 reddant
641 2408 808 2445 rerum,
833 2394 890 2436 de
912 2393 1077 2449 quibus
1098 2393 1293 2450 egerint.

273 2470 411 2526 Quod
432 2478 617 2513 cautum
634 2478 703 2514 est
721 2485 778 2514 ne
795 2470 935 2512 nostri
953 2469 1321 2515 communionem
1337 2470 1653 2514 administrent
1670 2480 1821 2514 exter·

188 2546 258 2589 nis
279 2561 306 2589 a
327 2546 555 2589 dominica
574 2546 620 2589 in
643 2546 779 2590 ramis
799 2547 1049 2602 palmarum
1076 2547 1130 2589 ad
1155 2546 1276 2590 illam
1299 2562 1458 2603 vsque,
1485 2562 1601 2602 quae
1631 2548 1676 2590 in
1711 2547 1824 2590 albis

185 2622 366 2682 dicitur,
386 2623 432 2666 id
447 2622 794 2680 intelligendum
815 2630 885 2666 est
907 2623 1089 2678 quando
1110 2623 1329 2668 ecclesiae
1350 2632 1594 2680 praecepto
1618 2625 1674 2667 de
1697 2638 1822 2666 com-

185 2699 460 2742 municando
482 2699 539 2743 ad
562 2700 726 2743 festum
748 2701 943 2756 paschae
955 2700 1010 2743 jn
1033 2699 1224 2756 propriis
1247 2700 1470 2756 parochiis
1493 2714 1585 2742 non
1610 2700 1821 2743 fecissent

182 2774 297 2819 satis
318 2775 397 2828 illi,
422 2776 500 2831 qui
522 2777 681 2832 eodem
706 2786 906 2833 tempore
928 2777 1050 2833 apud
1077 2791 1161 2820 nos
1188 2777 1396 2821 venirent
1427 2777 1819 2829 communicaturi;

183 2849 233 2902 id
259 2851 296 2896 si
319 2851 526 2905 fecerint,
550 2852 639 2898 53⁰
661 2853 800 2896 libere
823 2860 1053 2910 poterunt,
1078 2862 1126 2896 vt
1149 2853 1311 2910 quouis
1335 2853 1442 2896 anni
1466 2860 1668 2909 tempore
1691 2853 1824 2896 etiam

263 2960 271 2980 ¹
322 2958 432 2994 Haec
449 2957 627 3005 intellige
645 2958 695 2994 de
714 2971 775 3005 eo,
794 2959 860 3006 qui
879 2960 1064 2995 reticeret
1082 2961 1182 2995 mala
1199 2960 1276 2996 fide
1295 2966 1454 3006 peccata
1469 2959 1644 2994 mortalia
1659 2959 1829 2995 nondum

186 3016 372 3052 clavibus
390 3016 583 3063 subjecta.
