2098 3470
330 278 399 315 232
801 279 955 316 PATms
979 281 1222 317 Hmnoiwm
1248 281 1400 317 NADAL

283 387 446 424 centur
468 382 525 423 ad
547 380 786 437 prandium
809 381 969 434 exteri,
995 383 1074 425 sed
1097 382 1221 426 dorni
1244 381 1413 437 aliquid
1441 382 1634 439 amplius
1662 390 1916 439 apponatur

287 457 540 501 fratribus..
555 491 584 500 ..

378 534 430 578 In
466 534 832 591 processionibus
870 535 1161 590 generalibus
1198 550 1289 578 non
1321 543 1427 579 eant
1453 535 1612 580 ordine
1645 536 1803 590 nostri,
1837 537 1917 581 sed

286 610 479 663 mixtim,
501 611 547 653 in
571 611 704 654 turba
726 619 828 667 post
850 612 1185 668 magistratum:
1211 611 1248 655 si
1266 619 1485 669 urgerent
1501 612 1686 665 domini,
1707 612 1918 656 consula-

289 696 364 731 tur
387 690 524 731 Pater
546 688 787 744 generalis.

376 764 551 808 Nouitii
572 764 756 821 collegii
779 766 1024 821 probentur
1049 764 1094 807 in
1119 764 1345 809 exercitiis
1367 764 1678 822 spiritualibus
1699 772 1745 809 et
1768 765 1921 808 offitiis

287 841 584 885 domesticis..
596 875 604 884 .
616 876 624 884 .

376 918 480 962 Non
504 917 748 961 audiantur
769 919 814 961 in
838 918 1141 971 confessione,
1167 918 1244 974 qui
1266 918 1510 962 discedunt
1531 926 1695 975 sponte
1717 934 1743 963 a
1763 918 1921 963 Socie-

290 1003 398 1048 tate,
423 995 598 1039 etiamsi
621 1011 647 1038 a
670 996 801 1039 nobis
823 997 1136 1048 absoluantur,
1168 1003 1214 1039 et
1237 1010 1343 1041 vere
1374 978 1708 1048 sint-absoluti,
1739 1010 1823 1040 nec
1855 1003 1923 1039 te-

290 1080 485 1116 neantur
506 1072 667 1117 redire.

381 1149 624 1194 Ordinarie
647 1158 797 1194 rector
819 1164 912 1193 non
937 1150 1030 1194 exit
1050 1150 1096 1192 in
1119 1150 1446 1194 recreationem
1465 1164 1568 1193 cum
1587 1149 1818 1202 fratribus,
1838 1148 1924 1192 nisi
1968 1133 1973 1139 ⁵

294 1235 478 1283 propter
498 1229 622 1270 bona
642 1241 764 1270 noua
788 1226 1003 1270 fratribus
1026 1227 1233 1281 dicenda3
1265 1235 1311 1270 et
1339 1228 1521 1283 quando
1549 1242 1640 1270 non
1669 1234 1754 1279 est,
1785 1225 1926 1270 sindi-

292 1318 396 1347 cum
420 1305 587 1347 habeat
608 1311 851 1347 secretum.

381 1382 486 1425 Non
509 1380 772 1437 obligantur
795 1380 1001 1436 germani
1023 1382 1080 1424 ad
1102 1381 1360 1437 catalogum
1384 1395 1635 1425 romanum:
1667 1380 1706 1424 si
1727 1380 1928 1437 ¹legerint

295 1458 436 1501 libros
467 1471 642 1509 eorum,
678 1456 755 1514 qui
794 1465 949 1513 aperte
982 1465 1089 1500 sunt
1117 1458 1321 1511 heretici,
1354 1457 1530 1501 absolui
1558 1464 1765 1514 possunt,
1795 1457 1930 1500 modo

296 1535 563 1591 promittant
585 1549 634 1577 se
656 1548 747 1576 non
770 1534 971 1577 lecturos
993 1534 1203 1591 amplius,
1228 1535 1301 1578 vel
1322 1535 1641 1591 impetraturos
1657 1541 1929 1590 potestatem

294 1612 497 1668 legendi.

386 1688 478 1744 Qui
501 1703 557 1732 ex
580 1689 794 1733 fratribus
817 1704 907 1732 non
931 1696 1039 1732 sunt
1061 1688 1283 1745 germani,
1309 1694 1534 1732 conentur
1562 1687 1736 1731 discere
1764 1687 1933 1743 aliquid

296 1765 345 1808 in
372 1765 449 1809 illa
475 1765 651 1822 lingua:
683 1781 776 1809 non
801 1774 951 1810 tamen
980 1766 1174 1808 multum
1196 1772 1464 1822 vrgeantur,
1490 1763 1725 1821 presertim
1749 1757 1932 1820 quando

298 1857 390 1887 non
413 1842 730 1900 neggligentia
751 1844 831 1887 sed
854 1843 1122 1906 difficultate
1143 1842 1375 1885 omittunt.

394 1919 681 1973 Oblationes,
716 1933 833 1975 quae
870 1918 1170 1964 inueniuntur
1197 1918 1243 1961 in
1272 1918 1416 1971 altari,
1448 1917 1594 1975 accipi
1621 1924 1824 1985 possunt:
1854 1918 1934 1960 bo·
1999 1944 2002 1948 ‹

303 2012 413 2040 num
442 2003 595 2040 tamen
623 2005 692 2041 est
722 2003 773 2040 ut
801 1997 968 2041 dentur
994 1995 1287 2053 pauperibus,
1318 2004 1363 2039 et
1392 1995 1538 2038 sciant
1565 2009 1723 2039 omnes
1749 2009 1826 2038 eas
1852 2008 1937 2038 nos

301 2089 395 2118 non
419 2074 646 2131 excipere.
