2098 3470
323 316 389 352 136
792 318 944 354 PATms
971 318 1213 354 HmRONYm
1238 318 1386 354 NADAL

273 419 342 462 ius
364 420 422 462 ad
443 418 612 475 primos
635 421 808 471 Patres,
834 433 924 467 non
948 419 1054 464 inde
1077 420 1126 462 fit
1151 424 1302 462 tamen
1324 421 1578 465 necessario
1601 427 1650 464 ut
1682 422 1739 464 ad
1771 421 1900 476 quin-

273 511 361 551 que
384 505 440 540 ex
461 495 548 540 illis
570 496 794 549 residuos,
819 510 904 540 nec
927 496 964 540 si
986 511 1066 552 per
1083 497 1250 539 bullam
1269 496 1388 539 illam
1407 498 1463 540 ad
1481 497 1682 553 quinque
1698 497 1903 542 residuos

273 573 622 618 concluderetur
644 573 932 629 gubernatio,
958 582 1111 630 posset
1131 576 1221 616 hoc
1244 580 1445 630 tempore
1461 574 1572 617 illud
1589 574 1659 617 ius
1677 575 1899 631 usurpari;

275 665 377 692 nam
400 650 504 692 data
526 653 590 692 est
617 651 698 693 illa
726 651 916 694 facultas
947 650 1179 702 Societati,
1217 665 1330 706 quae
1344 651 1446 708 fuit
1477 651 1553 694 sed
1584 666 1675 694 non
1707 644 1771 694 esss’t
1802 666 1902 694 am-

266 727 402 782 plius,
426 729 513 770 hoc
541 734 626 780 est,
652 741 767 782 quae
795 727 942 770 solum
964 741 1020 770 ex
1049 729 1106 770 60
1138 727 1271 771 sociis
1302 735 1511 772 constare
1542 736 1709 784 posset.
1746 722 1902 784 Quare

276 802 805 860 abolitam,intelligimus
821 803 940 846 illam
958 805 1125 848 bullam
1144 819 1248 848 curn
1266 819 1349 848 sua
1366 804 1608 858 Societate3
1628 813 1674 857 et
1690 819 1742 848 ea
1758 805 1901 848 solum

277 896 332 925 ex
354 880 429 923 illa
450 880 650 936 recipere
673 880 898 936 cogimur,
924 895 1039 936 quae
1060 897 1140 938 per
1172 890 1267 926 2.¹¹¹¹¹
1300 889 1344 926 et
1379 890 1473 937 3.¹¹¹¹¹
1505 882 1700 938 diploma
1733 883 1902 925 confir-

274 966 395 1001 mata
431 965 556 1003 sunt.
594 959 710 1001 Nam
743 972 823 1014 per
854 960 966 1002 haec
998 958 1243 1015 diplomata
1275 966 1454 1003 constat
1485 959 1899 1022 nostra'Societas,

271 1049 388 1089 quae
410 1049 499 1078 vna
521 1041 605 1086 est,
631 1049 722 1077 non
745 1035 802 1077 60
825 1042 999 1078 tantum
1023 1035 1265 1089 sociorum,
1291 1037 1371 1079 sed
1393 1051 1509 1092 quae
1533 1036 1899 1097 possit-quocun-

273 1125 362 1166 que
383 1125 574 1155 numero
597 1111 795 1168 recipere
818 1126 1130 1168 quoscumque
1153 1112 1386 1156 uocauerit
1407 1113 1646 1157 Dominus.

361 1190 531 1232 Verum
555 1188 592 1231 si
614 1176 727 1232 haec
753 1188 876 1232 Patri
898 1191 980 1232 Bo.
1007 1203 1099 1232 non
1121 1188 1418 1243 satisfaciant,
1444 1190 1554 1233 illud
1575 1204 1707 1246 spero
1735 1189 1783 1232 in
1814 1191 1902 1233 Χ.0

272 1265 535 1318 satisfaciet,
570 1265 780 1320 quamuis
812 1265 932 1309 enim
955 1265 1106 1310 omnia
1127 1266 1190 1308 illi
1213 1268 1389 1320 demus,
1414 1274 1459 1310 et
1481 1266 1652 1311 recidat
1674 1268 1760 1310 hoc
1784 1273 1900 1311 tem-

274 1357 385 1399 pore
416 1343 688 1398 gubernatio
721 1343 777 1386 ad
801 1342 1001 1398 quinque
1033 1343 1179 1386 socios
1203 1343 1370 1399 primos
1395 1345 1570 1398 Patres,
1605 1343 1681 1399 qui
1714 1342 1760 1385 in
1783 1342 1901 1386 uiuis

274 1427 402 1472 sunt,
444 1426 596 1463 tamen
639 1420 1019 1475 quemadmodum
1057 1419 1315 1477 attigimus,
1355 1428 1550 1476 quatuor
1587 1420 1682 1473 alii,
1722 1427 1902 1476 praeter

273 1486 436 1552 ipsum,
468 1496 514 1540 in
543 1497 632 1540 hoc
660 1503 767 1540 sunt
794 1496 1044 1550 vnanimes,
1072 1504 1121 1540 ut
1150 1499 1202 1541 R.
1240 1499 1291 1540 P.
1318 1505 1472 1541 noster
1501 1499 1682 1554 Laynez
1702 1496 1901 1540 vicarius

272 1573 331 1616 sit
351 1581 397 1617 et
419 1574 646 1630 gubernet
669 1573 960 1627 Societatem3
987 1581 1032 1618 et
1055 1574 1185 1618 facile
1206 1573 1291 1617 sibi
1313 1575 1585 1630 persuadere
1607 1581 1771 1630 potest,
1797 1588 1901 1618 cum
1938 1572 1942 1576 ’

272 1650 474 1706 quinque
496 1650 586 1694 sint
610 1652 787 1703 Patres,
812 1658 857 1695 et
879 1667 936 1695 ex
958 1651 1066 1707 ipsis
1095 1657 1289 1707 quatuor
1311 1651 1429 1695 idem
1458 1651 1672 1704 sentiant,
1703 1665 1831 1694 suam
1853 1666 1903 1696 se

272 1727 542 1772 sententiam
567 1728 787 1771 aduersus
810 1728 931 1784 ipsos
952 1728 1156 1771 obtinere
1178 1742 1271 1771 non
1293 1742 1442 1784 posse,
1468 1735 1514 1773 et
1535 1727 1698 1771 mirum
1721 1727 1901 1784 quidem

272 1804 415 1848 uideri
437 1812 603 1861 potest,
629 1819 732 1848 cum
757 1811 879 1848 totus
901 1805 948 1847 in
971 1806 1059 1848 hoc
1081 1805 1139 1848 sit
1161 1804 1214 1848 P.
1242 1807 1344 1858 Bo.,
1370 1811 1421 1847 ut
1443 1804 1624 1848 euincat
1653 1805 1711 1848 ad
1733 1805 1902 1861 primos

203 1895 210 1902 ·
272 1881 419 1924 socios
458 1881 605 1926 Patris
643 1881 805 1938 Ignatii
838 1882 908 1925 ius
941 1882 1228 1938 gubernandi
1259 1882 1532 1927 Societatem
1565 1881 1774 1937 rediisse,
1809 1883 1902 1925 fere

272 1958 483 2002 omnibus
511 1959 776 2011 rationibus,
808 1966 986 2015 praeter
1012 1961 1130 2003 hanc
1160 1959 1365 2015 primam,
1397 1958 1508 2001 illud
1540 1973 1631 2002 non
1659 1958 1901 2015 attingere,

270 2043 315 2079 et
338 2043 513 2079 tantum
537 2036 747 2079 omnibus
769 2036 880 2079 locis
903 2050 1039 2093 agere
1060 2035 1408 2079 constitutiones
1430 2050 1520 2078 non
1543 2050 1642 2079 esse
1664 2042 1798 2088 ratas,
1823 2049 1902 2091 per

270 2127 382 2168 quas
404 2113 489 2155 fuit
511 2114 684 2157 electus
707 2112 918 2165 vicarius,
944 2112 1073 2169 quasi
1097 2127 1221 2166 uero,
1247 2112 1381 2156 etiam
1399 2112 1438 2156 si
1455 2113 1605 2155 nullae
1621 2118 1774 2155 essent
1790 2125 1901 2155 con-

269 2189 546 2242 stitutiones,
575 2192 705 2248 foret
731 2190 777 2232 in
807 2191 1016 2234 confesso
1044 2190 1212 2246 primos
1241 2191 1400 2233 Patres
1428 2189 1633 2234 obtinere
1661 2188 1900 2232 aristocra-

270 2266 377 2309 tiam
409 2266 454 2308 in
487 2266 729 2311 Societatis
763 2267 1009 2322 republica;
1035 2271 1075 2309 et
1103 2267 1151 2309 id
1182 2281 1362 2309 rursum
1394 2265 1557 2309 mirum
1586 2271 1655 2310 est
1685 2267 1803 2322 (cum
1836 2270 1902 2307 tot

271 2343 443 2388 litteras
466 2343 739 2399 apostolicas
762 2345 1025 2400 habeamus)
1048 2359 1129 2387 cur
1151 2344 1320 2387 nullam
1350 2343 1460 2387 citat
1487 2343 1543 2387 ad
1566 2357 1695 2386 suam
1718 2355 1901 2385 causam

270 2420 621 2465 conficiendam?
647 2421 763 2475 Quis
785 2429 803 2446 ³
821 2436 915 2464 non
939 2421 1060 2464 dicat
1083 2421 1208 2464 illum
1230 2435 1314 2464 suo
1337 2422 1458 2464 facto
1479 2419 1701 2471 confiteri,
1726 2419 1900 2461 nullum

269 2512 369 2542 esse
400 2498 551 2541 locum
579 2497 623 2540 in
648 2497 798 2550 bullis,
835 2497 911 2553 qui
935 2498 1076 2554 pessit
1103 2498 1201 2542 eius
1223 2512 1387 2541 causae
1414 2495 1707 2553 patrocinari?
1735 2482 1815 2540 sed
1845 2496 1899 2538 ad

269 2574 355 2618 alia
367 2565 636 2631 pergamus.

359 2654 407 2694 In
431 2652 566 2695 bullis
596 2651 852 2708 apostolicis
881 2667 971 2694 non
1004 2653 1055 2694 fit
1088 2651 1255 2696 mentio
1287 2651 1344 2695 de
1376 2650 1560 2701 vicario,
1597 2663 1680 2693 nec
1712 2649 1769 2692 de
1802 2648 1902 2693 eius

270 2730 433 2781 officio,
460 2744 543 2774 nec
566 2746 592 2773 a
613 2729 778 2785 quibus
800 2730 934 2772 debet
956 2729 1079 2786 eligi;
1100 2729 1181 2773 sed
1199 2735 1375 2782 tantum
1393 2726 1636 2784 praepositi
1654 2725 1896 2783 generalis:

269 2821 380 2862 ergo
402 2806 598 2850 vicarius
620 2813 689 2849 est
711 2806 1011 2858 introductus,
1038 2813 1116 2849 aut
1140 2807 1252 2848 falso
1275 2804 1549 2847 nominatus.

358 2883 404 2927 Si
430 2885 515 2926 hoc
538 2890 853 2939 argumentum
876 2882 1044 2938 aliquid
1066 2890 1231 2939 potest,
1256 2882 1335 2925 fiet
1358 2881 1561 2924 similiter
1584 2880 1694 2922 falso
1712 2893 1812 2923 esse
1829 2877 1901 2920 in-

271 2961 479 3003 troducta
502 2968 546 3004 et
570 2960 800 3003 nominata
821 2959 867 3002 in
890 2959 1080 3003 ecclesia
1102 2959 1358 3002 orthodoxa
1386 2973 1455 3010 ea,
1487 2958 1543 3000 de
1566 2955 1731 3012 quibus
1761 2954 1806 2997 in
1829 2969 1901 2998 sa-

341 3139 358 3155 a
410 3127 472 3163 ius
489 3139 622 3174 apogr.
643 3139 772 3163 errore
791 3127 949 3163 librarii.
