2098 3470
871 264 1113 300 Puerum
1688 271 1758 298 xxx

175 382 276 414 rum
296 368 433 422 dicta,
457 368 514 412 ad
537 366 859 424 perfectionem
880 365 1148 422 spectantia.
1171 363 1364 417 Deinde,
1385 379 1502 420 quae
1523 364 1714 408 diversis
1735 364 1800 407 vi-

175 453 249 493 tae
269 459 380 490 suae
400 443 678 502 temporibus
699 442 747 486 in
768 441 984 487 orationis
1011 456 1211 495 secessu,
1242 441 1425 485 caelesti
1455 441 1624 485 lumine
1652 443 1804 498 perfu-

50 511 58 522 ’
158 536 269 582 5113,
292 521 460 566 clarius
480 519 702 566 intellexit
717 526 764 565 et
779 518 947 576 scripto
963 518 1156 572 notavit,
1180 518 1227 561 in
1248 525 1450 562 extrema
1467 526 1705 563 senectute
1723 533 1802 562 no·

173 599 244 645 vis
263 598 384 643 curis
404 599 642 643 emendata
662 596 914 655 posteritati
942 596 1138 652 reliquit.
1170 596 1325 640 Tertio
1346 596 1448 639 loco
1469 595 1637 640 ibidem
1661 597 1803 639 colle-

100 672 105 705 ἶ
164 675 245 735 git
262 675 480 722 lectiones
501 689 667 727 sacras,
692 689 774 718 seu
794 673 1134 730 explanationes
1156 673 1352 730 plurium
1374 687 1528 716 sacrae
1550 673 1805 729 scripturae

174 753 392 807 locorum,
417 759 767 807 sanctorumque
782 758 960 807 patrum
978 750 1242 803 sententias,
1265 765 1291 794 a
1307 749 1474 807 seipso,
1494 757 1630 806 prout
1653 765 1723 794 res
1740 750 1805 793 fe-

173 831 319 882 rebat,
343 830 390 874 in
411 829 601 875 diversis
635 827 746 872 locis
767 828 993 872 collectas.
1033 829 1151 871 Cum
1173 834 1326 872 autem
1348 828 1461 871 haec
1493 827 1646 871 omnia
1669 827 1806 872 edere

174 906 223 951 in
250 906 420 951 nostris
446 907 776 951 Monummms
804 920 895 949 non
928 904 1143 961 expedire
1175 904 1505 956 censuerimus,
1537 904 1688 960 aliqua
1717 906 1807 948 sal-

172 991 266 1028 tem
287 991 516 1041 excerpta,
539 983 705 1039 quibus
726 990 772 1026 et
800 983 975 1027 Natalis
1002 982 1095 1027 vita
1116 990 1162 1026 et
1185 982 1427 1027 Societatis
1454 981 1645 1026 historia
1673 982 1806 1026 ditari

177 1060 370 1119 possint,
395 1061 497 1106 heic
518 1060 717 1104 inserere
738 1060 1038 1106 decrevimus,

262 1139 338 1183 Ad
354 1138 526 1182 calcem
547 1152 655 1181 vero
677 1137 936 1190 voluminis,
967 1151 1052 1181 ceu
1075 1137 1214 1181 totius
1242 1137 1392 1194 operis
1419 1138 1803 1194 Supplementum,

175 1221 468 1261 monumenta
502 1211 736 1273 nonnulla,
771 1230 797 1258 a
830 1214 1044 1258 Patribus
1081 1214 1470 1259 TacchiaeVenturi
1508 1222 1554 1260 et
1583 1215 1808 1259 Tournier

11 1322 25 1338 ⁴1
44 1304 46 1306 “
66 1281 71 1283 ”
101 1317 106 1320 <
174 1291 346 1338 Romae
364 1295 412 1336 et
434 1291 677 1337 Mediolani
694 1291 954 1349 nuperrime
969 1291 1171 1346 inventa,
1190 1299 1236 1337 et
1258 1307 1339 1349 pro
1356 1307 1512 1337 eorum
1530 1293 1805 1338 benevolen-

175 1368 238 1414 tia
258 1369 318 1414 ad
337 1382 423 1413 nos
442 1369 631 1426 perlata,
656 1369 988 1414 exhibebimus.
1015 1370 1148 1426 Quae
1170 1369 1353 1427 quidem
1375 1369 1538 1427 partim
1560 1370 1617 1413 ad
1634 1369 1809 1414 Natalis

174 1440 230 1491 in*
245 1431 513 1504 Hispaniam
537 1448 623 1491 sub
646 1446 806 1491 Lainio
834 1446 1110 1501 missionem,
1145 1447 1310 1504 partim
1331 1448 1389 1492 ad
1420 1447 1694 1492 Germaniae
1722 1449 1808 1491 sub

107 1556 111 1563 .
178 1523 348 1581 Boi-gia
369 1523 714 1581 inspectionem,
746 1523 907 1581 partim
931 1523 1128 1580 denique
1155 1526 1212 1568 ad
1239 1524 1410 1581 primae
1438 1525 1810 1582 congregationis

176 1600 402 1658 generalis
422 1601 810 1658 praeparationem
828 1602 1104 1645 referuntur.
1133 1603 1267 1646 Hanc
1288 1602 1431 1659 igitur
1460 1602 1582 1646 nacti
1604 1602 1808 1646 occasio-

177 1692 300 1731 nem,
329 1684 425 1722 tum
452 1678 646 1722 laudatis
674 1686 855 1724 nostrae
882 1678 1124 1724 Societatis
1163 1679 1400 1731 Patribus,
1443 1686 1539 1722 tum
1580 1681 1631 1723 P.
1666 1681 1809 1723 Fran-

175 1753 298 1799 cisco
334 1755 487 1816 Ehrle,
521 1756 574 1800 P.
602 1755 767 1814 Joanni
801 1757 901 1800 Van
935 1758 1105 1812 Meurs,
1149 1759 1200 1800 P.
1238 1756 1400 1801 Ottoni
1442 1758 1807 1815 Braunsberger,

179 1832 237 1875 P.
273 1831 442 1876 Achilli
477 1833 659 1886 Gerste‚
702 1835 753 1877 P.
797 1833 1038 1877 Francisco
1071 1836 1134 1879 M.
1168 1835 1389 1887 Gaillard,
1426 1843 1471 1879 et
1504 1835 1618 1887 aliis,
1654 1835 1730 1891 qui
1764 1835 1810 1878 in

111 1947 114 1949 .
179 1908 353 1953 Natalis
373 1923 562 1966 operum
585 1909 785 1953 editione
807 1925 892 1954 nos
914 1911 1203 1967 adjuvarunt,
1235 1912 1406 1969 gratias
1431 1927 1567 1968 quam
1592 1912 1811 1956 maximas

178 1985 375 2044 agimus.
