2098 3470
325 242 394 288 376
797 242 951 279 Plu-ms
978 243 1221 279 H1ERONYM1
1248 242 1400 279 NADAL

279 344 316 387 si
338 345 395 388 de
418 341 760 386 fundationibus
781 351 920 400 agant
951 343 1268 400 prouinciales,
1293 344 1350 388 de
1377 344 1431 388 iis
1459 345 1516 388 ad
1553 345 1911 390 commissarium

286 421 501 465 referent.

374 498 444 541 De
472 496 791 540 distributione
822 498 1062 549 bonorum,
1089 511 1205 552 quae
1232 498 1398 541 dantur
1426 514 1452 542 a
1482 497 1647 542 nostris
1678 498 1911 552 Societati,

283 588 374 617 non
395 573 483 616 fuit
506 573 689 628 quidem
711 573 963 631 improbata
986 573 1116 627 ratio,
1137 588 1226 629 qua
1243 589 1351 618 Vsus
1368 581 1437 618 est
1455 576 1592 619 Pater
1609 575 1829 631 IgnatiuS,
1855 575 1912 621 28

282 657 328 694 et
358 651 408 692 P.
437 651 632 706 Laynes3
662 665 820 695 verum
850 651 981 695 aliam
1013 650 1141 706 sequi
1169 650 1342 707 placuit
1371 659 1454 694 2³0
1491 651 1692 708 generali
1721 666 1915 709 congre-

283 726 457 784 gationi
479 733 523 769 et
548 734 630 781 3.ξιξ
653 728 720 770 Ex
740 727 812 771 his
834 727 974 784 igitur
996 727 1032 770 si
1064 727 1269 782 facienda
1296 728 1379 771 erit
1404 727 1665 771 huiusmodi
1697 728 1916 772 distribu-

285 803 363 856 tio,
389 804 444 846 ad
473 803 831 847 commissarium
862 806 1059 848 referent
1097 804 1355 849 immediate
1383 804 1702 861 prouinciales3
1727 804 1819 858 ille,
1843 806 1916 850 vel

285 882 450 925 referet
478 882 535 924 ad
564 882 840 937 generalem,
874 896 1104 938 exponens
1143 882 1251 938 quid
1289 883 1386 939 ipse
1415 882 1596 935 sentiat,
1622 883 1692 927 vel
1731 883 1916 926 omnino
1948 908 1951 909 ν

286 958 550 1010 constituet,
576 957 614 1001 si
642 971 741 1002 eam
763 960 929 1002 habeat
954 959 1231 1002 facultatem.

375 1035 566 1078 Curabit
587 1035 923 1079 commissarius
946 1035 1218 1092 intelligere,
1240 1036 1348 1091 quid
1367 1043 1530 1092 agatur
1547 1036 1593 1079 in
1611 1036 1805 1093 singulis
1822 1038 1915 1080 col·

288 1111 419 1168 legiis
442 1112 513 1155 vel
536 1112 762 1165 domibus,
788 1113 911 1167 quod
935 1112 1069 1155 faciet
1090 1112 1126 1155 si
1150 1114 1412 1168 frequenter
1435 1121 1562 1157 curet
1590 1113 1791 1170 recipere
1811 1113 1916 1158 lite-

287 1204 358 1232 ras
381 1204 407 1232 a
429 1188 802 1245 prouincialibus,
830 1188 1095 1246 praepositis
1112 1189 1366 1242 domorum,
1388 1190 1656 1243 rectoribus,
1677 1189 1918 1246 praefectis

286 1265 622 1322 probationum,
646 1273 692 1309 et
713 1265 996 1318 consiliariis,
1022 1273 1071 1308 vt
1093 1279 1199 1308 curn
1222 1267 1386 1310 absens
1403 1266 1630 1323 intelliget
1643 1267 1704 1311 de
1726 1273 1821 1310 tota
1843 1282 1915 1310 ra-

287 1342 413 1386 tione
435 1342 793 1399 gubernationis,
820 1342 961 1399 possit
990 1344 1170 1396 absens,
1196 1342 1233 1387 si
1264 1343 1372 1399 quid
1401 1343 1560 1387 melius
1583 1343 1916 1400 prouidendum

287 1419 668 1476 dirigendumque
691 1426 776 1469 est,
800 1420 845 1462 id
869 1421 1034 1472 facere,
1060 1420 1133 1464 vel
1150 1420 1207 1462 ad
1225 1420 1520 1463 necessitates
1541 1420 1780 1473 iuuandas,
1803 1411 1931 1476 quae·

288 1496 493 1540 accidere
515 1503 722 1553 possunt,
748 1511 1002 1548 occurrere,
1028 1503 1073 1539 et
1096 1511 1179 1539 sua
1206 1497 1461 1553 praesentia
1496 1497 1751 1553 prouidere;
1783 1511 1919 1552 quam

291 1574 551 1629 frequenter
573 1588 681 1616 vero
703 1573 794 1617 sint
822 1574 878 1616 ad
908 1574 1055 1630 ipsum
1087 1573 1318 1630 scripturi,
1354 1588 1467 1629 quos
1500 1588 1638 1630 supra
1665 1573 1921 1618 nominaui-

290 1665 408 1703 mus,
434 1650 531 1707 ipse
551 1650 783 1703 iudicabit,
810 1665 890 1707 pro
912 1665 1063 1694 rerum
1085 1650 1355 1707 indigentia.
1501 1652 1503 1656 ⁴

379 1726 581 1771 Habebit
603 1727 936 1771 commissarius
959 1742 1118 1772 omnes
1140 1726 1311 1784 gratias
1338 1734 1384 1772 et
1407 1727 1467 1772 29
1501 1728 1739 1772 facultates
1766 1728 1919 1773 Socie-

293 1804 398 1848 tatis
420 1819 500 1861 pro
529 1819 594 1857 se,
625 1811 671 1848 et
699 1804 863 1861 poterit
902 1805 1136 1848 nominare
1173 1819 1287 1860 quos
1324 1805 1461 1858 volet;
1487 1804 1574 1848 illis
1612 1811 1780 1858 autem,
1807 1819 1922 1861 quos

291 1881 610 1933 nominauerit,
635 1881 944 1924 communicet
970 1883 1105 1926 Pater
1126 1881 1367 1939 generalis,
1401 1896 1513 1937 quas
1541 1881 1616 1925 ille
1645 1881 1922 1938 designaue—

291 1958 347 2000 rit
377 1959 616 2003 facultates
643 1958 716 2002 vel
749 1958 935 2014 gratias,
962 1960 1047 2001 hac
1075 1965 1227 2002 tamen
1250 1959 1354 2015 lege
1379 1966 1428 2001 vt
1450 1958 1537 2001 illis
1560 1958 1625 2001 vti
1647 1973 1738 2002 non
1762 1958 1919 2015 possit,

294 2034 377 2078 nisi
397 2034 563 2090 quibus
586 2042 631 2079 et
653 2035 805 2092 quoad
827 2035 1033 2079 censebit
1055 2035 1413 2087 commissarius,¹
1433 2035 1506 2079 vel
1536 2050 1590 2079 eo
1612 2036 1800 2080 absente
1822 2050 1921 2098 pro·
1960 2086 1967 2093 ι

292 2112 514 2164 uincialis,
539 2112 628 2164 vel,
654 2127 709 2155 ex
731 2112 868 2155 huius
886 2112 1218 2164 commissione,
1243 2112 1378 2156 etiam
1401 2119 1566 2156 rector.

384 2190 524 2232 Plena
562 2189 816 2232 authoritas
853 2189 1100 2245 recipiendi
1137 2196 1182 2233 et
1219 2188 1474 2232 dimittendi
1513 2204 1538 2231 a
1577 2188 1802 2233 Societate
1838 2188 1923 2232 erit

290 2266 594 2309 commissarii
616 2266 662 2309 in
685 2266 779 2310 suis
800 2266 1061 2322 prouinciis,
1088 2281 1205 2322 quae
1227 2281 1319 2309 non
1342 2266 1478 2310 faciet
1500 2273 1550 2308 vt
1571 2281 1698 2309 suam
1722 2280 1816 2309 non
1838 2267 1923 2308 ha-

280 2344 429 2386 ·beant
458 2343 775 2409 prouinciales:
806 2358 888 2386 sua
917 2351 1117 2386 vtantur:
1158 2344 1239 2386 sed
1275 2343 1441 2399 poterit
1479 2350 1628 2387 tamen
1663 2342 1924 2386 commissa-

291 2420 387 2463 rius
409 2423 495 2464 hac
518 2420 583 2463 vti
605 2421 822 2464 facultate
844 2435 934 2463 non
958 2420 1246 2477 impediendo
1269 2420 1465 2463 illorum.
1487 2421 1536 2462 In
1554 2419 1693 2463 dubio
1715 2419 1849 2464 etiam
1866 2420 1924 2462 ad

288 2498 656 2541 commissarium
681 2499 877 2542 referent
894 2498 1211 2554 prouinciales.
1239 2497 1386 2540 Simul
1413 2497 1522 2553 ipsis
1550 2497 1718 2549 licebit,
1743 2496 1782 2540 si
1809 2511 1924 2552 quos

294 2589 388 2617 non
411 2582 624 2631 poterunt
652 2574 892 2626 dimittere,
920 2582 964 2617 et
1002 2574 1269 2618 iudicabunt
1298 2582 1447 2618 tamen
1477 2573 1785 2626 dimittendos,
1821 2572 1923 2616 mit·

295 2659 390 2696 tere
411 2652 467 2695 ad
490 2651 865 2695 commissarium.

385 2729 682 2772 Consultores
705 2728 999 2772 commissarii
1029 2736 1179 2772 erunt:
1211 2728 1362 2772 socius
1399 2727 1513 2781 eius,
1545 2734 1640 2771 tum
1663 2725 1925 2783 prouincia-

297 2804 368 2857 lis,
400 2806 520 2861 apud
550 2820 684 2861 quem
723 2804 828 2859 erit,
848 2813 894 2848 et
923 2805 1206 2862 praepositus
1243 2806 1420 2857 domus,
1446 2805 1519 2848 vel
1555 2811 1703 2847 rector
1723 2801 1922 2859 collegii,

297 2883 369 2925 vel
407 2884 663 2939 praefectus
701 2881 991 2939 probationis,
1033 2897 1137 2925 cum
1179 2881 1518 2925 consultoribus
1560 2880 1659 2925 eius
1695 2879 1800 2933 loci,
1851 2880 1925 2923 vel

293 2960 507 3003 omnibus
529 2960 601 3003 vel
629 2959 823 3004 selectis.

386 3038 461 3080 Ad
482 3037 840 3080 commissarium
862 3038 1059 3081 referent
1079 3036 1398 3093 prouincialeS‚
1425 3035 1484 3080 3⁰
1506 3034 1650 3090 siqua
1673 3034 1789 3078 inter
1805 3032 1927 3090 ipsos
