2098 3470
831 193 1264 232 memnonem-61
1749 195 1820 241 503

227 297 326 342 aliis
352 311 444 341 non
465 298 700 350 debemus,
724 297 938 353 quoniam
961 311 1017 342 ex
1044 296 1098 340 iis
1133 297 1307 340 mutuis
1334 311 1470 354 saepe
1496 297 1598 341 lites
1635 297 1861 350 oriuntur,

226 375 301 418 vel
321 374 456 418 etiam
484 374 771 420 acerbitates.
804 373 878 418 Fit
908 374 1027 418 enim
1065 375 1344 430 frequenter,
1369 381 1419 417 vt
1445 388 1539 417 non
1568 374 1742 430 possint
1763 388 1863 418 mu—

227 457 356 494 tuum
377 451 582 504 reddere,
607 451 684 507 qui
705 451 979 508 acceperint.
1005 451 1140 496 Adde
1161 451 1283 506 quod
1304 458 1548 507 paupertas
1576 458 1732 494 nostra
1756 466 1862 508 per-

225 535 364 584 petuo
383 541 603 572 excusare
624 542 708 571 nos
728 529 786 571 ab
807 542 863 572 eo
884 527 1034 571 officio
1054 535 1221 584 potest.

764 665 766 667 ’
778 661 842 691 DE
871 660 1025 691 PULSU
1048 661 1306 691 CAMPANAE

299 719 318 742 ἱ

311 761 401 803 Pro
421 761 534 802 hora
554 759 720 815 quietis
741 760 970 804 secundae
997 773 1182 804 mensae
1204 759 1460 816 pulsabitur
1480 759 1647 816 exigua
1670 774 1856 817 campa-

220 851 294 889 na,
320 850 437 893 quae
458 851 598 879 manu
619 843 843 893 gestetur.

284 907 390 959 ‘39⁰
422 915 572 956 Parua
598 913 733 957 etiam
760 928 978 970 campana
1005 913 1203 958 manuali
1229 914 1404 957 dabunt
1431 914 1593 957 nouitii
1623 930 1676 958 ea
1704 914 1851 970 signa,

215 1004 334 1046 quae
354 989 535 1047 proprie
556 991 614 1034 ad
641 1005 725 1034 sua
753 990 968 1035 exercitia
995 990 1270 1043 attinebunt,
1294 999 1341 1035 et
1369 1005 1460 1034 non
1488 992 1724 1036 habebunt
1746 1006 1852 1034 cum

217 1067 412 1123 collegio
434 1068 692 1111 communia
710 1069 785 1111 vel
808 1068 944 1111 domo
959 1068 1179 1124 professa.

303 1145 379 1188 Ad
401 1158 602 1188 mensam
623 1145 876 1201 pulsabitur
897 1147 1008 1189 hora
1029 1145 1294 1199 constituta,
1320 1146 1444 1189 nulla
1466 1161 1516 1191 re
1540 1153 1778 1202 expectata
1796 1161 1851 1190 ac

213 1235 273 1266 ne
293 1221 527 1278 superiore
548 1221 749 1278 quidem.
775 1260 777 1263 .

828 1350 892 1380 DE
915 1326 1225 1381 msslomssus

299 1453 466 1496 Nullus
487 1460 563 1498 eat
584 1469 640 1498 ex
663 1467 756 1496 uno
777 1454 878 1497 loco
904 1453 951 1497 in
979 1454 1117 1498 alium
1145 1454 1243 1498 sine
1272 1454 1416 1499 literis
1442 1455 1706 1511 patentibus
1729 1455 1844 1507 eius,

208 1529 287 1585 qui
312 1529 439 1572 illum
462 1529 615 1582 mittit,
640 1530 686 1572 in
708 1530 874 1586 quibus
895 1531 1166 1584 declaretur,
1191 1532 1352 1575 saltem
1375 1531 1421 1574 in
1451 1521 1620 1588 genere
1648 1532 1723 1576 vel
1746 1546 1846 1588 spe-

207 1605 293 1658 cie,
318 1605 434 1649 ratio
457 1605 703 1652 missionis.
727 1606 1024 1664 Significetur
1061 1615 1214 1652 autem
1242 1609 1300 1653 de
1326 1608 1397 1660 iis,
1423 1608 1501 1664 qui
1531 1608 1775 1652 mittuntur
1798 1609 1844 1651 in

206 1682 536 1738 probationem,
550 1684 672 1739 quod
689 1683 780 1727 sint
796 1684 844 1727 in
859 1684 1127 1741 probatione
1143 1685 1401 1738 Societatis,
1416 1685 1728 1729 desiderantes
1745 1701 1844 1730 eam

206 1759 404 1816 ingredi.
429 1759 464 1803 Ii
485 1767 654 1813 autem,
679 1760 758 1816 qui
780 1769 891 1806 eunt
912 1761 958 1804 in
980 1761 1307 1818 probationem,
1334 1770 1550 1819 poterunt
1573 1777 1664 1805 non
1688 1771 1843 1806 osten-

204 1836 329 1888 dere,
347 1835 434 1880 nisi
451 1836 702 1882 intercedat
718 1838 983 1891 necessitas,
1003 1853 1111 1882 suas
1126 1846 1351 1895 patenteS,
1371 1841 1430 1883 ad
1446 1840 1662 1884 maiorem
1686 1840 1839 1882 morti-

202 1911 478 1966 ficationem,
503 1921 549 1957 et
571 1914 900 1970 probationem,
925 1923 971 1959 et
999 1924 1150 1959 tamen
1171 1917 1507 1972 profitebuntur
1535 1916 1580 1959 in
1604 1916 1840 1973 probatio-

127 1977 138 1988 *
201 2002 308 2032 nem
329 2004 378 2034 se
400 1989 576 2034 missos.

290 2070 359 2112 391
392 2066 590 2122 Quando
611 2067 806 2110 mittitur
833 2068 996 2125 aliquis
1016 2069 1063 2112 in
1084 2069 1414 2126 probationem,
1439 2071 1497 2115 de
1519 2085 1610 2126 quo
1638 2084 1730 2113 non
1752 2071 1836 2113 ha-

200 2142 335 2186 betur
361 2142 628 2197 satisfactio,
652 2145 711 2187 ad
746 2145 961 2190 maiorem
992 2146 1386 2192 mortificationem
1415 2155 1461 2190 et
1498 2147 1831 2203 probationem,

200 2232 259 2262 ne
279 2219 445 2263 dentur
466 2220 529 2262 illi
551 2220 708 2265 literae
729 2229 954 2277 patentes,
980 2230 1078 2266 tum
1101 2223 1238 2267 etiam
1261 2225 1319 2267 ad
1349 2225 1591 2276 cautelam,
1617 2231 1663 2268 et
1686 2232 1837 2267 tamen

199 2294 458 2339 huiusmodi
495 2302 729 2353 nunquam
769 2300 934 2355 (quoad
970 2299 1070 2343 eius
1101 2300 1200 2344 fieri
1235 2302 1404 2358 posset)
1444 2301 1651 2345 mittendi
1682 2308 1835 2344 essent

198 2372 297 2425 soli,
322 2373 408 2416 nisi
430 2373 467 2416 si
490 2374 592 2429 quis
612 2382 733 2420 esset
755 2377 1033 2432 deploratus,
1058 2385 1105 2421 et
1126 2377 1382 2422 mitteretur
1405 2378 1533 2434 quasi
1563 2393 1652 2420 non
1678 2393 1830 2422 reuer-

197 2464 348 2494 surus.

285 2526 379 2582 Qui
407 2526 649 2571 mittuntur
675 2528 722 2571 in
755 2530 1186 2586 peregrinationem,
1209 2539 1256 2575 et
1284 2532 1615 2589 probationem,
1648 2539 1693 2574 et
1723 2538 1831 2573 sunt

195 2603 253 2646 ad
273 2602 392 2646 idem
415 2604 658 2661 collegium
683 2607 926 2661 reuersuri‚
951 2608 1191 2652 mittantur
1206 2610 1431 2653 ordinarie
1454 2610 1570 2652 bene
1588 2607 1732 2650 induti
1758 2608 1827 2649 in·

195 2679 352 2733 terius,
381 2688 432 2724 vt
460 2694 553 2724 non
579 2682 810 2738 patiantur
839 2685 1115 2739 notabiliter,
1141 2694 1187 2729 et
1214 2687 1415 2731 exterius
1447 2694 1552 2728 eant
1575 2698 1826 2740 pauperum

195 2769 321 2801 more
342 2757 494 2801 vestifi
516 2773 598 2814 pro
619 2773 700 2803 sua
724 2760 1036 2805 humiliatione
1059 2771 1105 2807 et
1127 2763 1319 2807 aliorum
1343 2762 1674 2806 aedificatione.

283 2834 376 2889 Qui
397 2849 507 2879 vero
526 2836 584 2879 ad
600 2837 688 2880 alia
707 2838 900 2895 collegia
916 2839 1175 2892 mittuntur,
1200 2840 1291 2883 illic
1315 2839 1532 2891 mansuri,
1553 2839 1614 2882 ita
1642 2837 1822 2880 mitten-

195 2917 267 2953 tur
289 2911 457 2966 vestiti,
482 2920 532 2956 vt
552 2914 675 2957 domi
695 2922 819 2968 sunt,
844 2916 882 2959 si
911 2918 1148 2962 commode
1176 2916 1267 2960 sint
1296 2916 1463 2968 vestiti3
1489 2915 1656 2970 alioqui
1687 2915 1822 2970 paulo

184 2987 474 3033 commodius
494 2989 757 3045 induantur;
782 2993 840 3036 de
860 2993 959 3037 aliis
982 2993 1186 3038 vestibus
1208 2996 1294 3037 hoc
1313 2992 1597 3049 intelligitur,
1619 2999 1821 3048 praeter-
