2098 3470
352 285 422 333 834
928 290 1063 326 ΕΡιετ.
1092 289 1135 325 P.
1165 289 1201 324 N
1204 298 1318 326 Amr.

302 389 542 444 petendam
560 396 579 439 ,'
596 403 686 444 quo
710 390 866 435 referri
890 391 1042 442 debet,
1068 398 1113 434 et
1138 390 1182 433 id
1205 391 1388 446 quidem
1412 406 1491 448 per
1522 392 1636 445 eius,
1669 408 1759 449 quo
1782 395 1940 438 fruen-

304 466 412 508 dum
436 473 520 518 est,
547 467 830 511 voluntatem
853 474 899 510 et
922 467 1157 511 rationem.
1184 468 1272 511 Vbi
1296 467 1438 524 igitur
1459 470 1516 514 de
1538 469 1612 513 illa
1629 485 1719 514 non
1738 478 1936 524 constat,

305 541 380 586 illa
404 542 515 586 ratio
539 543 731 599 primum
755 551 824 588 est
846 544 1128 600 expedienda
1146 544 1356 599 prudenti
1380 559 1432 588 ac
1455 545 1529 601 pio
1540 546 1663 598 ·viro,
1684 561 1774 602 qua
1797 548 1937 591 ratio—

306 633 364 662 ne
386 627 597 663 creatura
625 621 842 664 Vtendum
873 621 946 674 sit3
971 628 1015 664 et
1037 621 1162 676 prius
1184 635 1317 676 quam
1347 623 1433 665 hoe
1462 623 1555 675 fiat,
1581 623 1696 666 nihil
1717 624 1938 670 definien-

301 697 426 748 dum;
460 698 581 752 quod
613 711 695 740 nos
717 698 949 742 docemus.
974 698 1047 740 Ad
1079 699 1192 741 haec
1221 700 1228 751 l
1255 689 1623 754 quandoquidem
1653 701 1934 746 voluntatem

303 773 388 817 Dei
411 774 456 816 in
481 775 617 818 rebus
639 774 748 830 ipsis
771 783 1008 831 praecepta
1032 775 1220 827 faciunt,
1245 782 1394 818 tamen
1419 776 1554 820 etiam
1578 776 1766 820 consilia
1789 778 1939 822 mani-

303 850 487 902 festant,
513 865 616 893 nam
642 859 879 908 praecepta
900 859 945 895 et
964 852 1071 906 quid
1094 852 1138 894 in
1163 852 1298 895 rebus
1315 852 1506 908 diligere
1523 854 1691 897 debeas
1712 855 1938 910 praescri—

303 928 435 980 bunt,
459 935 504 971 et
533 928 641 983 q'uid
668 927 766 971 sine
794 930 928 984 culpa
957 928 1147 984 diligere
1181 943 1270 971 non
1300 930 1467 984 possis;
1499 929 1687 973 consilia
1711 945 1819 974 vero
1849 932 1936 975 hoc

302 1005 448 1047 solum
474 1004 773 1060 praecipiunt,
798 1015 845 1047 vt
868 1021 925 1049 ne
948 1013 1296 1048 contemnantur
1318 1020 1435 1061 quae
1457 1007 1776 1052 consuluntur.
1797 1009 1937 1051 Prae-

303 1088 372 1125 ter
400 1083 528 1133 haec,
553 1081 694 1125 libera
723 1082 854 1125 nobis
875 1081 1025 1124 omnia
1054 1082 1233 1137 reliquit
1255 1084 1381 1126 Deus
1402 1090 1572 1135 noster,
1597 1084 1720 1138 quod
1741 1085 1798 1127 ad
1820 1084 1935 1127 obli-

302 1158 532 1214 gationem
553 1158 728 1202 attinet.
750 1160 894 1202 Deme
915 1158 1057 1215 igitur
1080 1160 1192 1202 haec
1214 1174 1240 1200 a
1263 1159 1497 1211 creaturis,
1519 1159 1634 1202 nihil
1657 1159 1742 1204 erit
1759 1159 1805 1203 in
1826 1160 1936 1217 ipsis

302 1242 577 1291 quapropter
616 1249 748 1277 vnam
786 1235 937 1291 potius
976 1250 1109 1290 quam
1149 1235 1281 1278 aliam
1313 1250 1532 1292 cogamur
1564 1235 1748 1292 eligere.
1780 1238 1936 1292 Atque

303 1326 386 1355 novs
411 1311 486 1355 illa
507 1311 785 1368 seponimus,
811 1312 886 1354 vbi
910 1312 1101 1355 dicimus
1128 1313 1275 1367 «quod
1302 1312 1348 1354 in
1376 1313 1525 1364 nobis,
1562 1314 1684 1368 quod
1716 1313 1761 1356 in
1794 1313 1935 1357 libera

303 1397 458 1432 nostra
475 1390 725 1439 voluntate,
746 1388 791 1432 in
809 1389 953 1432 libero
972 1388 1159 1432 arbitrio
1176 1389 1359 1442 situm»,
1379 1391 1468 1432 hoc
1485 1397 1569 1442 est,
1589 1390 1627 1433 si
1644 1398 1932 1447 praeceptum

301 1481 392 1509 non
415 1473 500 1518 est,
522 1465 593 1511 ¹80
614 1474 664 1508 vt
686 1466 760 1509 illa
778 1466 1042 1522 seligamus3
1063 1466 1188 1519 item,
1209 1474 1433 1521 quatenus
1455 1482 1545 1509 non
1564 1475 1672 1510 sunt
1689 1467 1930 1523 prohibita.

303 1544 476 1599 Itaque,
502 1558 620 1599 quae
642 1557 727 1586 nec
749 1543 875 1586 iubet
897 1545 1025 1587 Deus
1046 1550 1094 1585 vt
1122 1558 1341 1595 amemus,
1367 1558 1451 1588 nec
1474 1544 1599 1587 iubet
1619 1535 1782 1587 vt‘non
1811 1559 1934 1588 ame-

303 1635 421 1672 mus,
447 1620 556 1675 quid
578 1620 741 1663 mirum
766 1619 803 1662 si
825 1634 908 1662 nos
935 1619 981 1662 in
1010 1619 1085 1663 illa
1112 1619 1419 1664 indifferenter
1449 1621 1662 1673 feramur,
1694 1628 1739 1665 et
1766 1620 1876 1676 quid
1908 1635 1934 1663 a

301 1697 434 1740 nobis
455 1697 595 1741 amari
616 1697 726 1740 velit
747 1699 874 1741 Deus
896 1696 1177 1753 inquiramus
1198 1697 1244 1739 in
1268 1697 1340 1740 his
1362 1698 1515 1750 rebus,
1539 1712 1653 1752 quas
1686 1699 1814 1742 Deus
1836 1697 1933 1754 ipse

299 1774 612 1818 indifferentes
633 1773 764 1817 nobis
786 1773 893 1816 facit
915 1774 1191 1817 luculenter?
1220 1775 1374 1829 Atque
1404 1774 1518 1818 adeo
1546 1788 1618 1818 res
1650 1787 1705 1817 eo
1726 1773 1858 1827 redit,
1883 1762 1933 1816 vt

300 1851 479 1894 nescias
502 1865 592 1907 quo
615 1859 660 1895 te
687 1858 854 1902 vertas,
885 1865 977 1905 quo
1008 1849 1160 1906 potius
1192 1850 1389 1893 animum
1419 1850 1604 1894 adiicias
1632 1857 1776 1894 tuum.
1803 1851 1932 1894 Haec

300 1943 412 1972 vero
435 1936 506 1972 est
529 1942 663 1983 quam
686 1941 770 1970 nos
791 1927 1137 1970 indifferentiam
1162 1927 1370 1970 dicimus.

390 2006 454 2049 At
475 2005 615 2048 dicas:
642 2004 809 2048 scimus
831 2005 1110 2048 voluntatem
1132 2003 1218 2047 Dei
1241 2019 1320 2060 per
1343 2005 1546 2048 consilia:
1581 2019 1721 2060 quare
1750 2004 1933 2048 indiffe-

298 2082 491 2127 rentiam
516 2081 589 2126 182
619 2081 834 2125 inducere
863 2096 953 2124 non
983 2082 1214 2124 debemus.
1250 2083 1325 2124 Ad
1353 2083 1446 2129 hoc
1467 2081 1572 2124 audi
1605 2081 1716 2137 quid
1750 2081 1830 2124 tibi
1858 2096 1931 2125 re-

300 2160 565 2216 spondeam.
591 2160 717 2202 Deus
739 2173 819 2214 per
835 2158 1020 2201 consilia
1035 2157 1151 2201 nihil
1174 2158 1407 2214 praecipit,
1432 2158 1518 2202 nisi
1536 2165 1585 2201 vt
1606 2173 1665 2203 ne
1684 2158 1761 2201 illa
1777 2172 1931 2214 asper-

299 2251 475 2280 nemur.
497 2237 593 2280 Nos
614 2250 722 2279 vero
745 2237 832 2278 hoc
854 2235 1077 2287 addimus,
1098 2243 1147 2277 vt
1170 2235 1243 2278 illa
1265 2235 1309 2278 in
1333 2236 1561 2278 communi
1579 2236 1772 2291 quadam
1794 2234 1931 2278 animi

298 2313 602 2370 propensione
623 2313 845 2369 eligamus
868 2319 1004 2367 atque
1032 2312 1078 2355 in
1111 2311 1246 2355 animi
1269 2312 1411 2355 nostri
1440 2312 1795 2368 praeparatione,
1826 2326 1930 2354 narn

299 2390 344 2433 id
363 2391 443 2434 dat
465 2390 602 2434 etiam
626 2389 926 2433 indifferentia
948 2389 1147 2442 humilis,
1169 2403 1303 2444 quarn
1322 2403 1540 2432 conamur
1556 2388 1784 2433 adhibere.
1805 2389 1932 2433 Con-

296 2467 407 2511 sulit
429 2467 612 2523 quidem
636 2469 762 2515 Deus
784 2466 790 2523 Ι
814 2473 1146 2522 paupertatem,
1171 2481 1264 2509 non
1288 2466 1520 2522 praecipit;
1556 2481 1647 2509 non
1679 2465 1932 2510 castitatem

299 2544 537 2598 caelibem,
564 2535 700 2599 atque
722 2543 835 2587 adeo
857 2543 997 2586 addit:
1028 2544 1156 2587 «Non
1179 2557 1339 2588 omnes
1367 2543 1551 2599 capiunt
1581 2544 1769 2586 verbum
1790 2542 1928 2586 istud.

296 2620 391 2677 Qui
413 2627 563 2677 potest
584 2634 761 2676 capere,
781 2619 929 2676 capiat
956 2622 1012 2662 ¹.»
1034 2620 1265 2663 Admonet
1286 2619 1733 2663 etiamvaedificaturo
1751 2618 1929 2671 turrim,

296 2706 346 2740 vt
368 2705 578 2754 sumptus
600 2697 722 2742 ineat
753 2695 989 2749 rationem,
1016 2696 1093 2753 qui
1115 2705 1323 2752 sumptus
1346 2697 1403 2739 ad
1427 2696 1583 2739 turrim
1607 2710 1907 2739 consumman

296 2775 399 2817 dam
424 2774 621 2818 sufficiat
644 2775 677 2825 ²,
697 2775 784 2816 hoc
806 2780 891 2825 est,
913 2787 1022 2815 num
1046 2773 1241 2829 Spiritus
1262 2774 1476 2825 Sanetus,
1497 2772 1573 2828 qui
1594 2772 1721 2816 illum
1743 2772 1932 2829 impellit

295 2852 353 2900 ad
376 2850 580 2904 consilia,
607 2858 781 2893 tantum
805 2849 981 2905 gratiae
1004 2849 1067 2892 illi
1090 2850 1372 2906 polliceatur,
1408 2857 1457 2892 vt
1487 2849 1780 2892 consiliorum
1811 2849 1929 2892 diffi-

295 2929 529 2980 cultatem,
555 2926 818 2983 praesertim
849 2927 1174 2982 perfectorum,
1204 2927 1249 2970 id
1272 2935 1356 2979 est,
1382 2941 1554 2978 eorum,
1580 2941 1695 2982 quae
1716 2941 1796 2983 per
1824 2932 1930 2969 vota

367 3094 376 3114 ¹
429 3094 614 3140 MATTH.‚
643 3092 749 3136 XIX,
771 3100 826 3138 11,
853 3101 912 3127 12.
1398 3096 1412 3114 ²
1463 3093 1582 3138 Luc„
1601 3092 1709 3138 XIV,
1728 3093 1786 3131 28.
