2098 3470
344 302 413 338 224
696 319 698 322 v
817 296 971 332 PA’rms
998 298 1240 334 HmRoNYnn
1267 298 1418 334 NADAL

295 395 480 439 stitutae
497 395 728 452 potentiae
750 397 917 441 auxilio
940 398 1140 454 speciali,
1160 413 1251 454 quo
1273 399 1371 443 sine
1394 400 1449 442 ad
1471 401 1623 444 lumen
1646 400 1755 444 illud
1777 402 1925 446 coele-

293 479 362 517 ste
379 471 490 515 nihil
509 473 683 529 operari
700 481 907 530 possunt,
924 476 1211 531 operationes
1228 477 1425 520 habeant
1442 485 1459 502 ³
1476 477 1658 532 quidem
1678 477 1929 533 potentiam

292 549 467 592 bonum
489 549 720 605 operandi,
745 565 836 594 non
860 551 1040 606 quidem
1064 566 1120 594 ex
1142 567 1207 603 se,
1239 566 1323 595 nec
1350 551 1397 594 in
1425 553 1628 609 potentia
1654 554 1925 610 propinqua,

291 627 373 670 sed
396 627 586 669 eandem
603 626 776 671 scilicet
798 627 994 672 retinent
1011 628 1276 684 potentiam,
1297 643 1388 684 qua
1405 628 1423 654 b
1445 644 1548 672 cum
1568 629 1739 674 iustitia
1754 637 1800 674 et
1817 645 1923 687 gra-

292 702 354 746 tia
377 710 482 746 ante
520 710 756 759 peccatum
779 704 917 748 libere
954 706 1286 766 concurrebant
1309 706 1366 748 ad
1403 720 1540 762 opera
1568 707 1688 750 bona
1709 715 1755 750 et
1783 707 1922 751 uitam

290 786 521 823 aeternam
546 782 904 836 promerendam.
932 781 981 825 Si
1004 781 1144 837 igitur
1168 781 1434 824 restituatur
1456 782 1603 839 gratia
1631 797 1684 826 ac
1708 783 1815 827 unio
1837 783 1926 828 Dei

290 856 337 899 in
360 857 527 910 anima,
552 856 667 899 uiuit
689 857 838 901 anima
859 860 974 910 Deo,
1001 866 1046 902 et
1068 858 1331 902 debilitatur
1353 859 1608 916 aegritudo.

380 934 505 989 Quid
537 934 678 991 igitur
699 934 783 978 erit
822 936 1004 978 tandem
1043 943 1316 992 quapropter
1351 951 1444 979 non
1467 937 1642 993 possint
1663 937 1726 980 illi
1748 936 1928 994 gratiae

289 1009 496 1053 assentiri
518 1010 747 1066 potentiae
769 1018 814 1054 et
837 1011 1089 1067 cooperari?
1112 1012 1207 1054 Erit
1231 1011 1370 1068 igitur
1399 1012 1474 1056 illa
1496 1012 1755 1069 cooperatio
1784 1013 1921 1056 meri-

291 1095 387 1131 tum
412 1087 534 1130 uitae
557 1095 784 1140 aeternae,
809 1102 900 1143 quo
922 1087 1047 1130 ducit
1076 1089 1239 1145 gratia:
1271 1096 1316 1133 et
1338 1089 1519 1146 quidem
1543 1089 1581 1133 si
1604 1091 1724 1133 hanc
1753 1089 1921 1133 uerita-

291 1172 382 1207 tem
406 1179 497 1207 non
520 1163 760 1208 admittant
787 1164 1020 1217 haeretici,
1046 1165 1093 1207 in
1115 1167 1366 1209 horrendas
1387 1180 1487 1210 sese
1515 1166 1765 1210 coniiciunt
1794 1174 1925 1211 tene-

289 1243 409 1291 bras,
441 1248 578 1297 atque
611 1241 1030 1298 pernitiosissimam
1062 1243 1407 1299 blasphemiam,
1448 1245 1597 1287 Deum
1636 1243 1808 1290 scilicet
1837 1257 1926 1286 nos

289 1318 483 1362 iniustos
505 1318 704 1374 quidem,
724 1325 770 1362 et
785 1318 933 1374 reipsa
950 1319 1292 1372 abominabiles,
1313 1320 1481 1364 habere
1498 1327 1647 1364 tamen
1668 1334 1748 1376 pro
1769 1319 1917 1364 iustis,

290 1396 396 1438 Non
420 1395 561 1451 igitur
583 1402 769 1452 peccata
791 1403 948 1438 nostra
971 1395 1073 1438 tulit
1096 1395 1328 1439 Christus?
1349 1411 1438 1439 non
1463 1395 1682 1441 satisfecit
1708 1411 1790 1452 pro
1811 1395 1925 1439 illis?

288 1473 455 1515 Adhuc
478 1472 525 1514 in
546 1472 746 1528 peccatis
778 1474 956 1515 sumus?
979 1472 1351 1516 Miserabilissimi
1379 1488 1537 1516 sumus
1566 1472 1768 1516 omnium
1790 1486 1918 1516 crea-

287 1556 506 1602 turarum,
527 1549 564 1592 si
581 1564 739 1593 sumus
756 1549 800 1592 in
819 1549 1034 1605 peccatis.
1049 1551 1151 1607 Jam
1169 1549 1365 1593 iniustus
1383 1558 1452 1594 est
1469 1552 1611 1603 Deus,
1632 1549 1709 1605 qui
1726 1564 1818 1593 non
1834 1564 1918 1606 pu-

286 1626 381 1669 niat
403 1627 670 1683 (secundum
693 1626 919 1669 hominem
950 1626 1143 1682 loquor);
1174 1626 1399 1679 iniustior,
1431 1641 1572 1682 quum
1602 1626 1812 1670 Christus
1834 1641 1922 1683 pro

286 1703 417 1746 nobis
438 1703 707 1748 satisfecerit
729 1702 1005 1759 plenissime,
1031 1703 1069 1746 si
1092 1717 1185 1746 non
1208 1704 1360 1747 demat
1383 1705 1600 1747 offensam
1623 1717 1676 1746 ac
1698 1703 1913 1757 remittat;

278 1780 373 1835 jam
401 1780 520 1823 enim
551 1781 814 1824 recordatur
843 1787 1153 1836 peccatorum,
1194 1779 1277 1835 qui.
1302 1780 1476 1824 scilicet
1504 1779 1764 1834 offenditur,
1798 1794 1919 1836 quae

283 1864 352 1900 est
374 1871 551 1900 summa
572 1871 626 1900 ac
651 1857 1049 1900 uehementissima
1072 1857 1340 1909 recordatio,
1367 1864 1454 1901 etc.

372 1934 447 1977 Ad
465 1933 595 1987 haec,
621 1933 658 1977 si
681 1948 772 1976 non
794 1933 1042 1990 imputatur
1063 1940 1300 1990 peccatum
1323 1948 1403 1989 per
1421 1933 1671 1986 Christum,
1693 1933 1802 1989 quid
1824 1933 1913 1990 igi-

284 2018 372 2063 tur,
399 2012 604 2065 obsecro,
629 2018 782 2054 manet
811 2011 987 2067 peccati
1019 2012 1151 2066 culpa
1174 2018 1220 2055 et
1251 2025 1342 2053 non
1371 2018 1524 2055 reatus
1553 1998 1913 2067 uel'imputatio?

282 2088 426 2144 Igitur
448 2088 508 2141 id,
535 2088 656 2143 quod
677 2087 923 2144 pessimum
946 2095 1058 2141 erat,
1085 2095 1130 2132 et
1147 2089 1268 2143 quod
1286 2089 1385 2132 Deo
1402 2087 1706 2132 abominabile
1725 2089 1826 2143 (hoc
1844 2094 1915 2132 est

280 2165 445 2222 culpa),
478 2180 569 2208 non
597 2164 762 2209 meruit
799 2165 1010 2208 Christus
1040 2173 1090 2208 ut
1127 2166 1347 2217 deleatur,
1379 2166 1459 2210 sed
1488 2165 1634 2208 solum
1663 2165 1789 2220 quod
1809 2165 1915 2207 Deo

281 2250 479 2299 gratum,
506 2243 627 2297 quod
645 2241 814 2284 iustum
839 2249 908 2285 est
931 2244 1032 2300 (hoc
1055 2249 1124 2286 est
1140 2242 1317 2299 poena),
1338 2242 1384 2285 id
1400 2243 1547 2285 solum
1565 2241 1730 2286 meruit
1751 2240 1909 2286 deleri.

280 2319 405 2376 Quid
426 2319 568 2376 igitur
591 2319 802 2363 Christus
819 2312 1087 2375 promeruit?
1104 2319 1231 2376 (adeo
1249 2319 1368 2362 enirn
1389 2319 1671 2363 truculenter
1688 2317 1782 2374 agit
1800 2318 1915 2362 hae—

279 2395 465 2450 reticus,
500 2403 547 2438 ut
576 2410 668 2439 non
697 2397 842 2440 solum
874 2395 1082 2439 meritum
1113 2402 1316 2439 nostrum
1340 2396 1483 2448 tollat,
1515 2395 1595 2440 sed
1624 2394 1728 2451 Xpi.
1760 2394 1915 2450 etiam)

277 2473 363 2517 sibi
385 2472 567 2528 quidem
606 2487 690 2517 nec
712 2472 903 2529 gloriam
941 2487 1026 2517 nec
1049 2472 1242 2529 gratiam
1282 2472 1545 2528 promeruit,
1576 2472 1657 2516 sed
1686 2478 1911 2526 utranque

277 2549 453 2606 accepit
473 2565 499 2593 a
523 2551 658 2593 Patre
697 2551 869 2605 absque
891 2549 1066 2602 merito,
1093 2550 1214 2604 quod
1243 2549 1328 2591 fuit
1350 2548 1741 2605 gloriosissimum.
1767 2546 1915 2591 Nobis

276 2634 428 2670 tamen
450 2626 488 2670 si
510 2641 600 2669 non
622 2626 787 2669 meruit
811 2626 1002 2682 gratiam
1020 2633 1065 2669 et
1087 2626 1294 2682 gloriam,
1320 2625 1428 2681 quid
1450 2624 1593 2681 igitur
1614 2623 1801 2669 meruit?
1823 2624 1909 2668 Sa-

208 2763 211 2766 .
276 2704 500 2749 tisfecitne
522 2705 832 2765 propeccato?
860 2704 939 2746 sed
968 2703 1079 2745 nihil
1108 2710 1339 2759 praeterea
1376 2701 1647 2758 promeruit?
1686 2701 1908 2759 (quando-

275 2781 457 2837 quidem
479 2795 562 2824 nos
578 2779 889 2823 reconciliauit
908 2780 1036 2835 Deo).
1063 2780 1162 2835 Jam
1179 2779 1321 2835 igitur
1338 2778 1611 2821 iustificatus
1629 2792 1718 2835 ego
1735 2777 1781 2821 in
1799 2791 1909 2833 gra-

275 2858 382 2901 tiam
405 2857 619 2901 restituor
641 2856 727 2900 Dei
748 2863 793 2899 et
816 2855 1072 2899 amicitiam.
1101 2856 1226 2911 Quid
1247 2855 1408 2912 igitur?
1430 2869 1531 2898 sum
1555 2854 1728 2898 amicus
1750 2853 1836 2898 Dei
1860 2860 1911 2898 et

274 2934 506 2978 inimicus?
529 2935 659 2978 Adeo
681 2939 788 2976 sunt
812 2933 1044 2985 uecordes,
1072 2940 1121 2975 ut
1138 2948 1228 2976 non
1247 2933 1396 2976 solum
1413 2930 1717 2987 blasphemias
1733 2929 1907 2981 dicant,

273 3012 353 3055 sed
376 3011 460 3055 sibi
482 3011 678 3054 inuicem
701 3009 954 3066 pugnantia
977 3023 1066 3052 non
1091 3009 1294 3053 sentiunt
1316 3024 1363 3068 se
1387 3009 1673 3052 confirmare.

344 3115 361 3131 ³
409 3106 553 3141 habent
570 3117 643 3140 ms.
696 3106 762 3132 —b
788 3115 889 3151 quae
908 3115 979 3139 ms.
