2098 3470
288 237 357 280 664
763 239 917 275 PATms
945 241 1186 276 Hmnom’m
1213 240 1363 276 NADAL

246 346 396 381 tamen
419 353 652 394 nunquam
683 340 791 384 velit
818 342 875 385 de
906 341 1042 384 rebus
1070 356 1208 397 agere
1240 342 1568 398 spiritualibus,
1594 352 1638 388 et
1672 359 1788 400 quae
1817 346 1873 388 ad

247 415 437 459 salutem
461 415 638 460 animae
659 431 770 460 suae
800 418 1069 474 pertineant3
1102 417 1161 460 ibi
1192 432 1300 461 vero
1328 419 1556 474 agendum
1587 429 1741 476 aperte
1770 435 1873 464 cum

246 491 331 533 illis
349 499 434 544 est,
457 507 545 535 non
564 494 620 536 de
642 495 777 538 rebus
801 494 1148 538 indiserentibus
1169 502 1215 537 et
1237 509 1353 549 quae
1375 494 1462 538 illis
1484 495 1575 539 sint
1593 504 1768 553 gratae,
1794 500 1873 542 sed

243 583 403 613 seuere
426 570 483 614 de
506 569 699 623 inferno,
725 571 893 614 iudicio
914 571 1001 615 Dei
1024 570 1282 626 particulari
1305 579 1350 615 et
1374 572 1634 625 vniuersali,
1660 575 1716 618 de
1738 573 1874 618 infor-

246 645 383 688 tuniis
420 654 466 690 et
493 647 841 701 calamitatibus,
874 662 989 703 quae
1027 648 1341 703 peccatoribus
1378 649 1583 693 accidere
1615 651 1777 702 solent,
1818 651 1875 695 de

243 723 435 767 occultis
456 731 502 767 et
524 725 762 769 horrendis
784 725 869 769 Dei
893 724 1086 775 iudiciis,
1113 731 1159 766 vt
1183 725 1254 767 vel
1277 725 1332 767 ad
1362 725 1590 769 meliorem
1616 728 1812 783 frugem,
1837 728 1872 771 si

244 800 342 842 fieri
364 809 528 856 potest,
554 803 640 844 hoc
662 803 802 846 ariete
825 809 1079 853 moueatur,
1105 802 1176 844 vel
1205 803 1405 845 offensus
1433 810 1478 847 et
1505 802 1748 848 deterritus
1777 819 1872 847 arn-

242 877 360 933 plius
382 892 471 920 non
498 886 767 931 reuertatur;
794 879 858 921 sic
881 878 999 922 enim
1022 878 1100 922 fiet
1125 885 1172 920 vt
1196 886 1373 934 tempus
1401 878 1447 922 in
1478 879 1554 922 illo
1585 894 1675 922 non
1701 887 1872 924 teratur

245 953 488 998 incassum.
1540 951 1543 954 ’

333 1033 462 1076 Haec
484 1047 575 1075 non
597 1033 656 1075 ita
680 1033 893 1076 dicuntur
916 1032 1043 1088 quasi
1074 1031 1159 1075 alia
1188 1032 1301 1075 ratio
1330 1046 1420 1075 non
1451 1032 1509 1075 sit
1538 1034 1762 1077 seruanda
1793 1049 1873 1090 pro

244 1124 291 1153 re
313 1117 419 1153 nata
440 1116 486 1153 et
507 1109 681 1153 ratione
703 1118 721 1135 ³
743 1124 978 1166 personae,
1005 1123 1172 1162 rerum,
1200 1109 1430 1165 temporis,
1462 1110 1730 1162 occasionis,
1756 1125 1873 1166 quae

245 1200 293 1230 se
315 1188 488 1239 offeret3
509 1186 660 1229 omnia
682 1187 801 1229 enim
824 1186 1098 1243 gubernabit
1119 1186 1192 1242 pia
1214 1194 1260 1229 et
1281 1187 1448 1229 deuota
1470 1187 1711 1242 prudentia
1732 1187 1872 1230 collo-

242 1263 429 1317 cutoris3
447 1263 535 1307 'sed
555 1263 828 1308 lineamenta
855 1263 1076 1319 quaedam
1105 1271 1212 1306 sunt
1240 1264 1367 1314 data,
1398 1278 1514 1318 quae
1542 1263 1766 1307 Dominus
1789 1278 1872 1307 sua

242 1340 526 1396 prouidentia
569 1340 862 1397 gubernabit,
903 1340 939 1382 si
981 1340 1080 1383 eius
1117 1339 1290 1396 gratiae
1332 1348 1376 1383 et
1420 1339 1648 1383 vocationi
1691 1347 1872 1384 nostrae

245 1417 404 1461 deesse
426 1417 639 1462 nolimus,

332 1494 435 1536 Hoc
463 1493 699 1538 ministerii
728 1508 895 1550 genere
925 1493 1092 1537 Vtiliter
1120 1501 1304 1537 vtentur
1331 1493 1472 1536 nostri
1501 1501 1602 1550 post
1629 1493 1873 1538 conciones

242 1579 288 1614 et
310 1571 530 1615 lectiones
551 1585 718 1624 sacras;
744 1570 849 1613 inde
872 1570 990 1614 enirn
1015 1570 1227 1614 commoti
1250 1570 1386 1614 animi
1409 1570 1666 1614 auditorum
1694 1570 1873 1614 facilius

245 1655 290 1691 et
312 1631 498 1692 audient
519 1647 644 1704 pium
666 1648 943 1704 colloquium
968 1656 1013 1691 et
1036 1663 1092 1692 ex
1114 1648 1191 1691 illo
1215 1649 1413 1691 fructum
1437 1647 1678 1703 accipient.

331 1725 428 1768 Erit
457 1732 689 1781 praeterea
718 1740 825 1768 vsus
858 1726 1118 1768 fructuosus
1143 1724 1286 1785 „huius
1314 1723 1526 1780 colloquii
1563 1724 1609 1767 in
1647 1723 1868 1780 collegiis,

245 1801 434 1844 delectis
455 1802 527 1845 vel
550 1796 764 1845 fratribus
793 1803 863 1846 vel
897 1801 1126 1854 Patribus,
1153 1801 1318 1857 quibus
1340 1802 1473 1844 detur
1501 1800 1736 1856 negotium
1765 1814 1871 1844 con-

241 1877 563 1938 suetud[in]em
591 1878 787 1921 habendi
820 1893 923 1921 cum
956 1878 1240 1921 auditoribus
1273 1877 1454 1929 nostris,
1495 1893 1552 1921 ex
1589 1877 1755 1933 quibus
1791 1877 1871 1920 fiet

241 1970 335 1999 non
357 1956 504 1998 solum
528 1962 577 1998 vt
598 1956 655 1998 ad
677 1955 907 1999 meliorem
931 1955 1050 1999 vitae
1078 1955 1254 1998 xianae.
1287 1956 1466 2010 frugem
1496 1961 1869 2010 promoueantur,

243 2034 323 2076 sed
345 2041 394 2075 vt
422 2033 480 2076 ad
513 2032 787 2076 Societatem
820 2032 955 2075 etiam
994 2034 1119 2075 Deus
1156 2030 1498 2076 selectissimum
1532 2045 1759 2086 quemque
1790 2030 1870 2072 ad·

244 2111 400 2155 ducat.

329 2189 410 2230 Est
431 2187 539 2231 item
561 2186 699 2229 huius
720 2186 955 2228 ministerii
976 2200 1101 2238 vsus,
1121 2186 1167 2228 in
1189 2186 1359 2242 plateas
1382 2194 1427 2228 et
1449 2197 1699 2236 concursus
1721 2182 1871 2226 homi-

243 2279 351 2307 nurn
379 2271 429 2306 vt
457 2270 621 2308 exeant
647 2262 808 2315 nostri,
841 2270 885 2306 et
919 2262 1065 2306 obuiis
1096 2277 1196 2306 sese
1228 2245 1403 2318 placide
1439 2260 1502 2305 ita
1537 2261 1786 2312 insinuent,
1820 2267 1872 2301 vt

241 2342 457 2397 paulatim
479 2355 560 2384 eos
581 2341 639 2383 ad
659 2339 989 2383 confessionem
1013 2340 1231 2382 inducant
1253 2353 1305 2382 ac
1327 2339 1462 2382 etiam
1485 2339 1730 2390 adducant3
1751 2350 1870 2392 quae

240 2418 354 2462 ratio
376 2420 547 2461 Romae
574 2417 660 2460 fuit
688 2417 929 2459 admodum
959 2419 1209 2470 fructuosa,
1242 2415 1316 2458 vbi
1343 2414 1568 2472 gregatim
1598 2415 1655 2458 ad
1685 2413 1870 2457 confes-

239 2495 411 2538 sionem
434 2495 776 2539 adducebantur
798 2507 961 2549 operae
983 2492 1246 2537 mercenarii
1269 2509 1294 2537 e
1317 2491 1511 2544 rusticis;
1538 2499 1583 2534 et
1605 2490 1749 2547 primo
1768 2489 1870 2545 qui-

241 2574 343 2616 dem
372 2573 656 2615 docebantur
683 2571 739 2613 ab
767 2570 916 2626 aliquo
954 2572 1090 2613 fratre
1128 2569 1510 2625 quemadmodum
1548 2574 1702 2612 essent
1738 2580 1868 2610 suam

241 2648 565 2693 conscientiam
587 2646 887 2691 examinaturi
908 2653 953 2690 et
975 2655 1160 2702 peccata
1181 2645 1449 2698 confessuri,
1469 2645 1572 2688 dein
1589 2644 1863 2687 iubebantur

240 2742 290 2771 se
311 2740 485 2782 parare;
512 2726 694 2769 tandem
717 2724 774 2767 ad
795 2723 813 2748 b
834 2724 1163 2768 confessarium
1187 2723 1569 2779 perducebantur.

331 2804 433 2846 Hoc
456 2801 754 2846 ministerium
778 2815 870 2843 non
894 2807 1070 2843 tantum
1093 2800 1234 2843 nostri
1265 2813 1476 2843 exercere
1497 2799 1666 2843 debent
1688 2813 1767 2854 per
1802 2812 1867 2849 se,

241 2881 322 2924 sed
340 2895 419 2936 per
441 2878 553 2923 alios
569 2878 723 2930 etiam,
743 2877 865 2934 quod
882 2877 959 2921 fiet
977 2876 1014 2919 si
1032 2876 1103 2930 iis,
1122 2891 1315 2932 quorum
1333 2875 1644 2919 confessiones
1659 2873 1867 2925 audiunt,

312 3058 329 3073 a
371 3046 478 3082 ratio
497 3057 566 3081 ms.
619 3046 685 3072 —b
713 3043 779 3078 Bis
796 3043 892 3078 haec
911 3043 1100 3089 particula
1119 3042 1263 3089 scripta
1281 3047 1343 3077 est
1361 3042 1400 3077 in
1422 3053 1492 3076 ms.
