<?xml version="1.0" encoding="UTF-8"?>
<!DOCTYPE html PUBLIC "-//W3C//DTD XHTML 1.0 Transitional//EN"
    "http://www.w3.org/TR/xhtml1/DTD/xhtml1-transitional.dtd">
<html xmlns="http://www.w3.org/1999/xhtml" xml:lang="en" lang="en">
 <head>
  <title>
</title>
<meta http-equiv="Content-Type" content="text/html;charset=utf-8" />
  <meta name='ocr-system' content='tesseract 3.04.00' />
  <meta name='ocr-capabilities' content='ocr_page ocr_carea ocr_par ocr_line ocrx_word'/>
</head>
<body>
  <div class='ocr_page' id='page_1' title='image "./epistolaephieron04nadauoft_0742.png"; bbox 0 0 2098 3470; ppageno 0'>
   <div class='ocr_carea' id='block_1_1' title="bbox 310 251 1383 296">
    <p class='ocr_par' dir='ltr' id='par_1_1' title="bbox 310 251 1383 296">
     <span class='ocr_line' id='line_1_1' title="bbox 310 251 1383 296; baseline 0.005 -10"><span class='ocrx_word' id='word_1_1' title='bbox 310 251 380 296; x_wconf 90' lang='lat'>716</span> <span class='ocrx_word' id='word_1_2' title='bbox 783 253 937 290; x_wconf 75' lang='lat' dir='ltr'>PATms</span> <span class='ocrx_word' id='word_1_3' title='bbox 963 254 1207 290; x_wconf 66' lang='lat' dir='ltr'>Hxssnonvm</span> <span class='ocrx_word' id='word_1_4' title='bbox 1234 254 1383 291; x_wconf 76' lang='lat' dir='ltr'>NADAL</span> 
     </span>
    </p>
   </div>
   <div class='ocr_carea' id='block_1_2' title="bbox 216 355 1893 2951">
    <p class='ocr_par' dir='ltr' id='par_1_2' title="bbox 262 355 1886 478">
     <span class='ocr_line' id='line_1_2' title="bbox 264 355 1886 413; baseline 0.002 -16"><span class='ocrx_word' id='word_1_5' title='bbox 264 355 502 399; x_wconf 74' lang='lat' dir='ltr'>Vtilitatem</span> <span class='ocrx_word' id='word_1_6' title='bbox 543 359 664 399; x_wconf 86' lang='lat' dir='ltr'>tuam</span> <span class='ocrx_word' id='word_1_7' title='bbox 692 360 779 402; x_wconf 78' lang='lat'>249</span> <span class='ocrx_word' id='word_1_8' title='bbox 807 364 852 402; x_wconf 94' lang='lat' dir='ltr'>et</span> <span class='ocrx_word' id='word_1_9' title='bbox 879 355 1087 413; x_wconf 86' lang='lat' dir='ltr'>proximi,</span> <span class='ocrx_word' id='word_1_10' title='bbox 1119 362 1166 397; x_wconf 94' lang='lat' dir='ltr'>vt</span> <span class='ocrx_word' id='word_1_11' title='bbox 1194 355 1386 412; x_wconf 92' lang='lat' dir='ltr'>apostoli</span> <span class='ocrx_word' id='word_1_12' title='bbox 1415 356 1544 413; x_wconf 85' lang='lat' dir='ltr'>signa</span> <span class='ocrx_word' id='word_1_13' title='bbox 1579 358 1886 413; x_wconf 86' lang='lat' dir='ltr'>postulabant,</span> 
     </span>
     <span class='ocr_line' id='line_1_3' title="bbox 262 431 890 478; baseline 0.003 -4"><span class='ocrx_word' id='word_1_14' title='bbox 262 440 307 474; x_wconf 90' lang='lat' dir='ltr'>et</span> <span class='ocrx_word' id='word_1_15' title='bbox 329 431 521 476; x_wconf 82' lang='lat' dir='ltr'>ecclesia</span> <span class='ocrx_word' id='word_1_16' title='bbox 542 433 890 478; x_wconf 84' lang='lat' dir='ltr'>consolationes.</span> 
     </span>
    </p>

    <p class='ocr_par' dir='ltr' id='par_1_3' title="bbox 263 509 1893 708">
     <span class='ocr_line' id='line_1_4' title="bbox 352 509 1891 566; baseline 0.001 -13"><span class='ocrx_word' id='word_1_17' title='bbox 352 509 547 553; x_wconf 86' lang='lat' dir='ltr'>Mittitur</span> <span class='ocrx_word' id='word_1_18' title='bbox 569 509 755 566; x_wconf 88' lang='lat' dir='ltr'>spiritus</span> <span class='ocrx_word' id='word_1_19' title='bbox 778 526 803 554; x_wconf 90' lang='lat' dir='ltr'>a</span> <span class='ocrx_word' id='word_1_20' title='bbox 828 513 963 554; x_wconf 90' lang='lat' dir='ltr'>Patre</span> <span class='ocrx_word' id='word_1_21' title='bbox 986 517 1029 554; x_wconf 82' lang='lat' dir='ltr'>et</span> <span class='ocrx_word' id='word_1_22' title='bbox 1054 509 1182 552; x_wconf 89' lang='lat' dir='ltr'>Filio.</span> <span class='ocrx_word' id='word_1_23' title='bbox 1206 509 1278 552; x_wconf 92' lang='lat' dir='ltr'>Fit</span> <span class='ocrx_word' id='word_1_24' title='bbox 1301 509 1440 566; x_wconf 86' lang='lat' dir='ltr'>igitur</span> <span class='ocrx_word' id='word_1_25' title='bbox 1463 524 1517 555; x_wconf 88' lang='lat' dir='ltr'>ea</span> <span class='ocrx_word' id='word_1_26' title='bbox 1540 509 1755 556; x_wconf 87' lang='lat' dir='ltr'>missione</span> <span class='ocrx_word' id='word_1_27' title='bbox 1777 518 1825 554; x_wconf 92' lang='lat' dir='ltr'>vt</span> <span class='ocrx_word' id='word_1_28' title='bbox 1848 511 1891 554; x_wconf 91' lang='lat' dir='ltr'>in</span> 
     </span>
     <span class='ocr_line' id='line_1_5' title="bbox 263 586 1893 644; baseline 0.001 -15"><span class='ocrx_word' id='word_1_29' title='bbox 263 586 423 642; x_wconf 89' lang='lat' dir='ltr'>spiritu</span> <span class='ocrx_word' id='word_1_30' title='bbox 445 586 665 631; x_wconf 83' lang='lat' dir='ltr'>sentiatur</span> <span class='ocrx_word' id='word_1_31' title='bbox 686 587 806 630; x_wconf 90' lang='lat' dir='ltr'>illius</span> <span class='ocrx_word' id='word_1_32' title='bbox 829 586 1064 644; x_wconf 88' lang='lat' dir='ltr'>productio</span> <span class='ocrx_word' id='word_1_33' title='bbox 1087 594 1271 631; x_wconf 89' lang='lat' dir='ltr'>aeterna</span> <span class='ocrx_word' id='word_1_34' title='bbox 1294 594 1338 630; x_wconf 92' lang='lat' dir='ltr'>et</span> <span class='ocrx_word' id='word_1_35' title='bbox 1361 586 1536 630; x_wconf 87' lang='lat' dir='ltr'>infinita</span> <span class='ocrx_word' id='word_1_36' title='bbox 1559 587 1692 630; x_wconf 91' lang='lat' dir='ltr'>modo</span> <span class='ocrx_word' id='word_1_37' title='bbox 1709 587 1893 632; x_wconf 90' lang='lat' dir='ltr'>inenar—</span> 
     </span>
     <span class='ocr_line' id='line_1_6' title="bbox 265 664 411 708; baseline 0.007 -2"><span class='ocrx_word' id='word_1_38' title='bbox 265 664 411 708; x_wconf 85' lang='lat' dir='ltr'>rabili.</span> 
     </span>
    </p>

    <p class='ocr_par' dir='ltr' id='par_1_4' title="bbox 261 741 1893 1018">
     <span class='ocr_line' id='line_1_7' title="bbox 353 741 1892 798; baseline 0 -14"><span class='ocrx_word' id='word_1_39' title='bbox 353 741 546 785; x_wconf 89' lang='lat' dir='ltr'>Cuidam</span> <span class='ocrx_word' id='word_1_40' title='bbox 580 742 818 785; x_wconf 85' lang='lat' dir='ltr'>meditanti</span> <span class='ocrx_word' id='word_1_41' title='bbox 850 741 1233 798; x_wconf 85' lang='lat' dir='ltr'>quemadmodum</span> <span class='ocrx_word' id='word_1_42' title='bbox 1262 741 1471 797; x_wconf 89' lang='lat' dir='ltr'>apostoli,</span> <span class='ocrx_word' id='word_1_43' title='bbox 1505 748 1694 798; x_wconf 91' lang='lat' dir='ltr'>accepto</span> <span class='ocrx_word' id='word_1_44' title='bbox 1721 741 1892 798; x_wconf 88' lang='lat' dir='ltr'>Spiritu</span> 
     </span>
     <span class='ocr_line' id='line_1_8' title="bbox 263 817 1893 875; baseline 0 -13"><span class='ocrx_word' id='word_1_45' title='bbox 263 826 438 871; x_wconf 85' lang='lat' dir='ltr'>sancto,</span> <span class='ocrx_word' id='word_1_46' title='bbox 473 819 777 874; x_wconf 91' lang='lat' dir='ltr'>loquebantur</span> <span class='ocrx_word' id='word_1_47' title='bbox 810 817 1037 874; x_wconf 86' lang='lat' dir='ltr'>magnalia</span> <span class='ocrx_word' id='word_1_48' title='bbox 1064 817 1166 871; x_wconf 94' lang='lat' dir='ltr'>Dei,</span> <span class='ocrx_word' id='word_1_49' title='bbox 1199 817 1310 860; x_wconf 91' lang='lat' dir='ltr'>nihil</span> <span class='ocrx_word' id='word_1_50' title='bbox 1338 819 1606 862; x_wconf 91' lang='lat' dir='ltr'>occurrebat</span> <span class='ocrx_word' id='word_1_51' title='bbox 1635 817 1737 875; x_wconf 88' lang='lat' dir='ltr'>ipsi,</span> <span class='ocrx_word' id='word_1_52' title='bbox 1770 819 1893 874; x_wconf 91' lang='lat' dir='ltr'>quod</span> 
     </span>
     <span class='ocr_line' id='line_1_9' title="bbox 261 894 1890 952; baseline -0.001 -14"><span class='ocrx_word' id='word_1_53' title='bbox 261 895 388 952; x_wconf 90' lang='lat' dir='ltr'>prius</span> <span class='ocrx_word' id='word_1_54' title='bbox 416 897 693 951; x_wconf 90' lang='lat' dir='ltr'>loqueretur,</span> <span class='ocrx_word' id='word_1_55' title='bbox 724 910 858 951; x_wconf 90' lang='lat' dir='ltr'>quam</span> <span class='ocrx_word' id='word_1_56' title='bbox 889 902 1092 950; x_wconf 92' lang='lat' dir='ltr'>peccata,</span> <span class='ocrx_word' id='word_1_57' title='bbox 1117 909 1143 937; x_wconf 92' lang='lat' dir='ltr'>e</span> <span class='ocrx_word' id='word_1_58' title='bbox 1171 894 1336 949; x_wconf 89' lang='lat' dir='ltr'>quibus</span> <span class='ocrx_word' id='word_1_59' title='bbox 1358 909 1461 938; x_wconf 88' lang='lat' dir='ltr'>eum</span> <span class='ocrx_word' id='word_1_60' title='bbox 1483 894 1706 938; x_wconf 85' lang='lat' dir='ltr'>Dominus</span> <span class='ocrx_word' id='word_1_61' title='bbox 1728 894 1890 938; x_wconf 90' lang='lat' dir='ltr'>libera-</span> 
     </span>
     <span class='ocr_line' id='line_1_10' title="bbox 263 980 904 1018; baseline -0.006 -2"><span class='ocrx_word' id='word_1_62' title='bbox 263 980 448 1018; x_wconf 84' lang='lat' dir='ltr'>uerat...</span> <span class='ocrx_word' id='word_1_63' title='bbox 901 982 904 986; x_wconf 75' lang='grc'>’</span> 
     </span>
    </p>

    <p class='ocr_par' dir='ltr' id='par_1_5' title="bbox 260 1048 1893 1644">
     <span class='ocr_line' id='line_1_11' title="bbox 350 1048 1893 1106; baseline 0 -13"><span class='ocrx_word' id='word_1_64' title='bbox 350 1050 549 1106; x_wconf 80' lang='lat' dir='ltr'>Quidam</span> <span class='ocrx_word' id='word_1_65' title='bbox 573 1050 618 1093; x_wconf 93' lang='lat' dir='ltr'>in</span> <span class='ocrx_word' id='word_1_66' title='bbox 641 1050 714 1094; x_wconf 89' lang='lat' dir='ltr'>die</span> <span class='ocrx_word' id='word_1_67' title='bbox 736 1051 910 1095; x_wconf 88' lang='lat' dir='ltr'>Ssmae.</span> <span class='ocrx_word' id='word_1_68' title='bbox 937 1048 1173 1092; x_wconf 87' lang='lat' dir='ltr'>Trinitatis</span> <span class='ocrx_word' id='word_1_69' title='bbox 1202 1048 1504 1093; x_wconf 89' lang='lat' dir='ltr'>meditabatur</span> <span class='ocrx_word' id='word_1_70' title='bbox 1525 1049 1704 1094; x_wconf 90' lang='lat' dir='ltr'>diuinas</span> <span class='ocrx_word' id='word_1_71' title='bbox 1726 1051 1893 1106; x_wconf 91' lang='lat' dir='ltr'>produ-</span> 
     </span>
     <span class='ocr_line' id='line_1_12' title="bbox 262 1125 1891 1181; baseline 0 -11"><span class='ocrx_word' id='word_1_72' title='bbox 262 1127 438 1172; x_wconf 87' lang='lat' dir='ltr'>ctiones</span> <span class='ocrx_word' id='word_1_73' title='bbox 465 1141 522 1170; x_wconf 89' lang='lat' dir='ltr'>ex</span> <span class='ocrx_word' id='word_1_74' title='bbox 548 1127 771 1171; x_wconf 89' lang='lat' dir='ltr'>infinitate</span> <span class='ocrx_word' id='word_1_75' title='bbox 800 1126 969 1179; x_wconf 90' lang='lat' dir='ltr'>diuina,</span> <span class='ocrx_word' id='word_1_76' title='bbox 1001 1126 1047 1168; x_wconf 93' lang='lat' dir='ltr'>in</span> <span class='ocrx_word' id='word_1_77' title='bbox 1076 1140 1165 1181; x_wconf 92' lang='lat' dir='ltr'>qua</span> <span class='ocrx_word' id='word_1_78' title='bbox 1193 1126 1342 1169; x_wconf 89' lang='lat' dir='ltr'>omnia</span> <span class='ocrx_word' id='word_1_79' title='bbox 1370 1125 1500 1170; x_wconf 87' lang='lat' dir='ltr'>facile</span> <span class='ocrx_word' id='word_1_80' title='bbox 1528 1126 1767 1171; x_wconf 90' lang='lat' dir='ltr'>videbatur</span> <span class='ocrx_word' id='word_1_81' title='bbox 1794 1141 1891 1170; x_wconf 91' lang='lat' dir='ltr'>cre-</span> 
     </span>
     <span class='ocr_line' id='line_1_13' title="bbox 263 1202 1883 1260; baseline -0.001 -13"><span class='ocrx_word' id='word_1_82' title='bbox 263 1205 388 1256; x_wconf 89' lang='lat' dir='ltr'>dere,</span> <span class='ocrx_word' id='word_1_83' title='bbox 430 1203 703 1260; x_wconf 88' lang='lat' dir='ltr'>intelligere.</span> <span class='ocrx_word' id='word_1_84' title='bbox 750 1203 900 1248; x_wconf 89' lang='lat' dir='ltr'>Subiit</span> <span class='ocrx_word' id='word_1_85' title='bbox 931 1202 1150 1259; x_wconf 83' lang='lat' dir='ltr'>cogitatio</span> <span class='ocrx_word' id='word_1_86' title='bbox 1181 1204 1237 1246; x_wconf 90' lang='lat' dir='ltr'>de</span> <span class='ocrx_word' id='word_1_87' title='bbox 1273 1202 1497 1247; x_wconf 88' lang='lat' dir='ltr'>infinitate</span> <span class='ocrx_word' id='word_1_88' title='bbox 1532 1202 1747 1247; x_wconf 89' lang='lat' dir='ltr'>bonitatis</span> <span class='ocrx_word' id='word_1_89' title='bbox 1777 1203 1883 1249; x_wconf 90' lang='lat' dir='ltr'>Dei.</span> 
     </span>
     <span class='ocr_line' id='line_1_14' title="bbox 261 1279 1893 1338; baseline 0.001 -14"><span class='ocrx_word' id='word_1_90' title='bbox 261 1282 418 1338; x_wconf 91' lang='lat' dir='ltr'>Itaque</span> <span class='ocrx_word' id='word_1_91' title='bbox 440 1282 497 1324; x_wconf 93' lang='lat' dir='ltr'>ad</span> <span class='ocrx_word' id='word_1_92' title='bbox 518 1283 636 1324; x_wconf 91' lang='lat' dir='ltr'>hanc</span> <span class='ocrx_word' id='word_1_93' title='bbox 657 1281 1049 1336; x_wconf 87' lang='lat' dir='ltr'>contemplandam</span> <span class='ocrx_word' id='word_1_94' title='bbox 1079 1279 1211 1324; x_wconf 89' lang='lat' dir='ltr'>facile</span> <span class='ocrx_word' id='word_1_95' title='bbox 1238 1280 1498 1333; x_wconf 85' lang='lat' dir='ltr'>accedebat,</span> <span class='ocrx_word' id='word_1_96' title='bbox 1523 1285 1594 1327; x_wconf 88' lang='grc'>251</span> <span class='ocrx_word' id='word_1_97' title='bbox 1618 1292 1675 1324; x_wconf 76' lang='lat' dir='ltr'>acv</span> <span class='ocrx_word' id='word_1_98' title='bbox 1691 1281 1893 1325; x_wconf 89' lang='lat' dir='ltr'>suauiter</span> 
     </span>
     <span class='ocr_line' id='line_1_15' title="bbox 260 1348 1891 1414; baseline 0.001 -14"><span class='ocrx_word' id='word_1_99' title='bbox 260 1358 629 1414; x_wconf 89' lang='lat' dir='ltr'>conquiescebat;</span> <span class='ocrx_word' id='word_1_100' title='bbox 659 1357 706 1400; x_wconf 90' lang='lat' dir='ltr'>in</span> <span class='ocrx_word' id='word_1_101' title='bbox 735 1348 932 1401; x_wconf 86' lang='lat' dir='ltr'>essentia</span> <span class='ocrx_word' id='word_1_102' title='bbox 960 1371 1068 1399; x_wconf 91' lang='lat' dir='ltr'>vero</span> <span class='ocrx_word' id='word_1_103' title='bbox 1090 1357 1453 1412; x_wconf 89' lang='lat' dir='ltr'>contemplanda,</span> <span class='ocrx_word' id='word_1_104' title='bbox 1483 1358 1726 1401; x_wconf 86' lang='lat' dir='ltr'>difficulter</span> <span class='ocrx_word' id='word_1_105' title='bbox 1755 1365 1891 1413; x_wconf 88' lang='lat' dir='ltr'>atque</span> 
     </span>
     <span class='ocr_line' id='line_1_16' title="bbox 262 1433 1887 1490; baseline 0.001 -13"><span class='ocrx_word' id='word_1_106' title='bbox 262 1434 529 1487; x_wconf 89' lang='lat' dir='ltr'>insuauiter,</span> <span class='ocrx_word' id='word_1_107' title='bbox 555 1434 695 1478; x_wconf 90' lang='lat' dir='ltr'>veluti</span> <span class='ocrx_word' id='word_1_108' title='bbox 711 1434 953 1490; x_wconf 89' lang='lat' dir='ltr'>asperitate</span> <span class='ocrx_word' id='word_1_109' title='bbox 970 1435 1163 1489; x_wconf 89' lang='lat' dir='ltr'>quadam</span> <span class='ocrx_word' id='word_1_110' title='bbox 1186 1434 1243 1476; x_wconf 91' lang='lat' dir='ltr'>ab</span> <span class='ocrx_word' id='word_1_111' title='bbox 1260 1433 1334 1477; x_wconf 92' lang='lat' dir='ltr'>illa</span> <span class='ocrx_word' id='word_1_112' title='bbox 1350 1433 1642 1478; x_wconf 90' lang='lat' dir='ltr'>meditatione</span> <span class='ocrx_word' id='word_1_113' title='bbox 1664 1435 1887 1490; x_wconf 90' lang='lat' dir='ltr'>repulsus,</span> 
     </span>
     <span class='ocr_line' id='line_1_17' title="bbox 261 1509 1891 1567; baseline -0.001 -12"><span class='ocrx_word' id='word_1_114' title='bbox 261 1511 390 1566; x_wconf 90' lang='lat' dir='ltr'>quasi</span> <span class='ocrx_word' id='word_1_115' title='bbox 422 1511 696 1567; x_wconf 86' lang='lat' dir='ltr'>intelligeret</span> <span class='ocrx_word' id='word_1_116' title='bbox 724 1511 833 1567; x_wconf 90' lang='lat' dir='ltr'>quid</span> <span class='ocrx_word' id='word_1_117' title='bbox 865 1510 938 1554; x_wconf 91' lang='lat' dir='ltr'>sit:</span> <span class='ocrx_word' id='word_1_118' title='bbox 978 1511 1241 1555; x_wconf 86' lang='lat' dir='ltr'>«Scrutator</span> <span class='ocrx_word' id='word_1_119' title='bbox 1278 1509 1525 1554; x_wconf 88' lang='lat' dir='ltr'>maiestatis</span> <span class='ocrx_word' id='word_1_120' title='bbox 1557 1510 1833 1567; x_wconf 87' lang='lat' dir='ltr'>opprimetur</span> <span class='ocrx_word' id='word_1_121' title='bbox 1864 1526 1891 1554; x_wconf 93' lang='lat' dir='ltr'>a</span> 
     </span>
     <span class='ocr_line' id='line_1_18' title="bbox 260 1588 489 1644; baseline -0.009 -13"><span class='ocrx_word' id='word_1_122' title='bbox 260 1588 406 1644; x_wconf 83' lang='lat' dir='ltr'>gloria</span> <span class='ocrx_word' id='word_1_123' title='bbox 431 1590 489 1631; x_wconf 85' lang='lat'>¹.»</span> 
     </span>
    </p>

    <p class='ocr_par' dir='ltr' id='par_1_6' title="bbox 216 1664 1890 2555">
     <span class='ocr_line' id='line_1_19' title="bbox 349 1664 1887 1721; baseline -0.001 -13"><span class='ocrx_word' id='word_1_124' title='bbox 349 1666 398 1709; x_wconf 80' lang='lat' dir='ltr'>ln</span> <span class='ocrx_word' id='word_1_125' title='bbox 420 1665 494 1713; x_wconf 87' lang='lat' dir='ltr'>die</span> <span class='ocrx_word' id='word_1_126' title='bbox 515 1666 690 1710; x_wconf 88' lang='lat' dir='ltr'>Ssmae.</span> <span class='ocrx_word' id='word_1_127' title='bbox 715 1664 967 1716; x_wconf 84' lang='lat' dir='ltr'>Trinitatis,</span> <span class='ocrx_word' id='word_1_128' title='bbox 992 1679 1133 1720; x_wconf 89' lang='lat' dir='ltr'>quum</span> <span class='ocrx_word' id='word_1_129' title='bbox 1156 1665 1337 1721; x_wconf 89' lang='lat' dir='ltr'>quidam</span> <span class='ocrx_word' id='word_1_130' title='bbox 1360 1673 1529 1718; x_wconf 87' lang='lat' dir='ltr'>oraret,</span> <span class='ocrx_word' id='word_1_131' title='bbox 1545 1679 1629 1709; x_wconf 90' lang='lat' dir='ltr'>nec</span> <span class='ocrx_word' id='word_1_132' title='bbox 1646 1664 1887 1720; x_wconf 88' lang='lat' dir='ltr'>quicquam</span> 
     </span>
     <span class='ocr_line' id='line_1_20' title="bbox 259 1733 1890 1798; baseline -0.001 -13"><span class='ocrx_word' id='word_1_133' title='bbox 259 1744 318 1787; x_wconf 93' lang='lat' dir='ltr'>de</span> <span class='ocrx_word' id='word_1_134' title='bbox 356 1745 492 1786; x_wconf 87' lang='lat' dir='ltr'>Patre</span> <span class='ocrx_word' id='word_1_135' title='bbox 529 1741 705 1798; x_wconf 87' lang='lat' dir='ltr'>Ignatio</span> <span class='ocrx_word' id='word_1_136' title='bbox 742 1742 979 1798; x_wconf 85' lang='lat' dir='ltr'>cogitaret,</span> <span class='ocrx_word' id='word_1_137' title='bbox 1015 1741 1153 1785; x_wconf 89' lang='lat' dir='ltr'>subiit</span> <span class='ocrx_word' id='word_1_138' title='bbox 1185 1749 1383 1785; x_wconf 88' lang='lat' dir='ltr'>mentem</span> <span class='ocrx_word' id='word_1_139' title='bbox 1420 1733 1539 1785; x_wconf 75' lang='lat' dir='ltr'>illius</span> <span class='ocrx_word' id='word_1_140' title='bbox 1570 1740 1890 1798; x_wconf 88' lang='lat' dir='ltr'>contemplatio</span> 
     </span>
     <span class='ocr_line' id='line_1_21' title="bbox 259 1806 1887 1876; baseline 0 -15"><span class='ocrx_word' id='word_1_141' title='bbox 259 1819 427 1876; x_wconf 86' lang='lat' dir='ltr'>Ignatii</span> <span class='ocrx_word' id='word_1_142' title='bbox 449 1818 654 1862; x_wconf 89' lang='lat' dir='ltr'>sublimis</span> <span class='ocrx_word' id='word_1_143' title='bbox 675 1818 732 1862; x_wconf 92' lang='lat' dir='ltr'>de</span> <span class='ocrx_word' id='word_1_144' title='bbox 754 1818 991 1871; x_wconf 91' lang='lat' dir='ltr'>Trinitate,</span> <span class='ocrx_word' id='word_1_145' title='bbox 1017 1826 1062 1862; x_wconf 92' lang='lat' dir='ltr'>et</span> <span class='ocrx_word' id='word_1_146' title='bbox 1084 1819 1370 1864; x_wconf 87' lang='lat' dir='ltr'>desiderabat</span> <span class='ocrx_word' id='word_1_147' title='bbox 1391 1826 1439 1861; x_wconf 92' lang='lat' dir='ltr'>vt</span> <span class='ocrx_word' id='word_1_148' title='bbox 1461 1818 1508 1862; x_wconf 92' lang='lat' dir='ltr'>in</span> <span class='ocrx_word' id='word_1_149' title='bbox 1530 1818 1604 1862; x_wconf 92' lang='lat' dir='ltr'>illa</span> <span class='ocrx_word' id='word_1_150' title='bbox 1625 1833 1705 1875; x_wconf 90' lang='lat' dir='ltr'>per</span> <span class='ocrx_word' id='word_1_151' title='bbox 1721 1806 1887 1862; x_wconf 85' lang='lat' dir='ltr'>oratio·</span> 
     </span>
     <span class='ocr_line' id='line_1_22' title="bbox 261 1894 1890 1953; baseline -0.001 -14"><span class='ocrx_word' id='word_1_152' title='bbox 261 1911 365 1939; x_wconf 89' lang='lat' dir='ltr'>nem</span> <span class='ocrx_word' id='word_1_153' title='bbox 389 1895 552 1953; x_wconf 85' lang='lat' dir='ltr'>Ignatii</span> <span class='ocrx_word' id='word_1_154' title='bbox 575 1895 824 1939; x_wconf 89' lang='lat' dir='ltr'>iuuaretur.</span> <span class='ocrx_word' id='word_1_155' title='bbox 849 1896 968 1939; x_wconf 90' lang='lat' dir='ltr'>Dein</span> <span class='ocrx_word' id='word_1_156' title='bbox 990 1896 1141 1939; x_wconf 87' lang='lat' dir='ltr'>statim</span> <span class='ocrx_word' id='word_1_157' title='bbox 1169 1896 1360 1939; x_wconf 90' lang='lat' dir='ltr'>accessit</span> <span class='ocrx_word' id='word_1_158' title='bbox 1381 1895 1566 1940; x_wconf 90' lang='lat' dir='ltr'>deuotio</span> <span class='ocrx_word' id='word_1_159' title='bbox 1594 1896 1815 1952; x_wconf 88' lang='lat' dir='ltr'>quaedam</span> <span class='ocrx_word' id='word_1_160' title='bbox 1842 1894 1890 1937; x_wconf 91' lang='lat' dir='ltr'>in</span> 
     </span>
     <span class='ocr_line' id='line_1_23' title="bbox 259 1972 1890 2030; baseline -0.001 -14"><span class='ocrx_word' id='word_1_161' title='bbox 259 1972 488 2030; x_wconf 86' lang='lat' dir='ltr'>Ignatium</span> <span class='ocrx_word' id='word_1_162' title='bbox 511 1986 693 2028; x_wconf 83' lang='lat' dir='ltr'>magna,</span> <span class='ocrx_word' id='word_1_163' title='bbox 723 1979 850 2015; x_wconf 85' lang='lat' dir='ltr'>extra</span> <span class='ocrx_word' id='word_1_164' title='bbox 873 1972 1091 2025; x_wconf 90' lang='lat' dir='ltr'>ordinem,</span> <span class='ocrx_word' id='word_1_165' title='bbox 1117 1980 1163 2016; x_wconf 92' lang='lat' dir='ltr'>et</span> <span class='ocrx_word' id='word_1_166' title='bbox 1184 1973 1329 2016; x_wconf 90' lang='lat' dir='ltr'>oratio</span> <span class='ocrx_word' id='word_1_167' title='bbox 1351 1980 1400 2015; x_wconf 90' lang='lat' dir='ltr'>vt</span> <span class='ocrx_word' id='word_1_168' title='bbox 1417 1987 1498 2029; x_wconf 91' lang='lat' dir='ltr'>per</span> <span class='ocrx_word' id='word_1_169' title='bbox 1515 1972 1640 2015; x_wconf 91' lang='lat' dir='ltr'>illum</span> <span class='ocrx_word' id='word_1_170' title='bbox 1657 1973 1890 2028; x_wconf 87' lang='lat' dir='ltr'>guberna-</span> 
     </span>
     <span class='ocr_line' id='line_1_24' title="bbox 261 2048 1888 2106; baseline 0 -14"><span class='ocrx_word' id='word_1_171' title='bbox 261 2057 385 2094; x_wconf 85' lang='lat' dir='ltr'>retur</span> <span class='ocrx_word' id='word_1_172' title='bbox 407 2049 570 2105; x_wconf 90' lang='lat' dir='ltr'>etipse</span> <span class='ocrx_word' id='word_1_173' title='bbox 592 2055 638 2093; x_wconf 91' lang='lat' dir='ltr'>et</span> <span class='ocrx_word' id='word_1_174' title='bbox 658 2048 878 2093; x_wconf 85' lang='lat' dir='ltr'>Societas:</span> <span class='ocrx_word' id='word_1_175' title='bbox 905 2049 1011 2094; x_wconf 87' lang='lat' dir='ltr'>inde</span> <span class='ocrx_word' id='word_1_176' title='bbox 1039 2057 1231 2105; x_wconf 89' lang='lat' dir='ltr'>sequuta</span> <span class='ocrx_word' id='word_1_177' title='bbox 1259 2049 1491 2106; x_wconf 87' lang='lat' dir='ltr'>dissipatio</span> <span class='ocrx_word' id='word_1_178' title='bbox 1521 2048 1739 2101; x_wconf 87' lang='lat' dir='ltr'>omniurn,</span> <span class='ocrx_word' id='word_1_179' title='bbox 1771 2062 1888 2104; x_wconf 89' lang='lat' dir='ltr'>quae</span> 
     </span>
     <span class='ocr_line' id='line_1_25' title="bbox 258 2126 1888 2182; baseline -0.001 -12"><span class='ocrx_word' id='word_1_180' title='bbox 258 2140 587 2182; x_wconf 91' lang='lat' dir='ltr'>nonnunquam</span> <span class='ocrx_word' id='word_1_181' title='bbox 610 2127 727 2168; x_wconf 91' lang='lat' dir='ltr'>hanc</span> <span class='ocrx_word' id='word_1_182' title='bbox 749 2126 1038 2170; x_wconf 91' lang='lat' dir='ltr'>deuotionem</span> <span class='ocrx_word' id='word_1_183' title='bbox 1063 2133 1366 2179; x_wconf 87' lang='lat' dir='ltr'>tentauerant,</span> <span class='ocrx_word' id='word_1_184' title='bbox 1391 2134 1437 2171; x_wconf 94' lang='lat' dir='ltr'>et</span> <span class='ocrx_word' id='word_1_185' title='bbox 1458 2141 1544 2182; x_wconf 90' lang='lat' dir='ltr'>pax</span> <span class='ocrx_word' id='word_1_186' title='bbox 1566 2140 1733 2182; x_wconf 87' lang='lat' dir='ltr'>magna</span> <span class='ocrx_word' id='word_1_187' title='bbox 1749 2126 1888 2169; x_wconf 88' lang='lat' dir='ltr'>deuo-</span> 
     </span>
     <span class='ocr_line' id='line_1_26' title="bbox 262 2201 1888 2260; baseline -0.002 -13"><span class='ocrx_word' id='word_1_188' title='bbox 262 2203 395 2247; x_wconf 88' lang='lat' dir='ltr'>tionis</span> <span class='ocrx_word' id='word_1_189' title='bbox 417 2203 463 2246; x_wconf 95' lang='lat' dir='ltr'>in</span> <span class='ocrx_word' id='word_1_190' title='bbox 486 2201 714 2260; x_wconf 86' lang='lat' dir='ltr'>Ignatium</span> <span class='ocrx_word' id='word_1_191' title='bbox 735 2209 781 2245; x_wconf 93' lang='lat' dir='ltr'>et</span> <span class='ocrx_word' id='word_1_192' title='bbox 803 2202 923 2246; x_wconf 88' lang='lat' dir='ltr'>illius</span> <span class='ocrx_word' id='word_1_193' title='bbox 952 2204 1164 2246; x_wconf 90' lang='lat' dir='ltr'>omnibus</span> <span class='ocrx_word' id='word_1_194' title='bbox 1193 2203 1305 2247; x_wconf 90' lang='lat' dir='ltr'>actis</span> <span class='ocrx_word' id='word_1_195' title='bbox 1333 2218 1386 2246; x_wconf 91' lang='lat' dir='ltr'>ac</span> <span class='ocrx_word' id='word_1_196' title='bbox 1414 2202 1562 2247; x_wconf 86' lang='lat' dir='ltr'>dictis.</span> <span class='ocrx_word' id='word_1_197' title='bbox 1594 2204 1751 2258; x_wconf 92' lang='lat' dir='ltr'>Itaque</span> <span class='ocrx_word' id='word_1_198' title='bbox 1778 2201 1888 2245; x_wconf 92' lang='lat' dir='ltr'>nihil</span> 
     </span>
     <span class='ocr_line' id='line_1_27' title="bbox 258 2278 1884 2337; baseline -0.002 -13"><span class='ocrx_word' id='word_1_199' title='bbox 258 2295 498 2324; x_wconf 90' lang='lat' dir='ltr'>occurrere</span> <span class='ocrx_word' id='word_1_200' title='bbox 519 2286 709 2335; x_wconf 88' lang='lat' dir='ltr'>poterat,</span> <span class='ocrx_word' id='word_1_201' title='bbox 734 2281 857 2334; x_wconf 92' lang='lat' dir='ltr'>quod</span> <span class='ocrx_word' id='word_1_202' title='bbox 879 2295 969 2323; x_wconf 92' lang='lat' dir='ltr'>non</span> <span class='ocrx_word' id='word_1_203' title='bbox 988 2280 1095 2323; x_wconf 92' lang='lat' dir='ltr'>boni</span> <span class='ocrx_word' id='word_1_204' title='bbox 1112 2281 1385 2332; x_wconf 89' lang='lat' dir='ltr'>consuleret,</span> <span class='ocrx_word' id='word_1_205' title='bbox 1406 2294 1510 2323; x_wconf 92' lang='lat' dir='ltr'>cum</span> <span class='ocrx_word' id='word_1_206' title='bbox 1527 2287 1668 2337; x_wconf 86' lang='lat' dir='ltr'>gustu</span> <span class='ocrx_word' id='word_1_207' title='bbox 1685 2278 1884 2335; x_wconf 89' lang='lat' dir='ltr'>spiritus;</span> 
     </span>
     <span class='ocr_line' id='line_1_28' title="bbox 216 2355 1888 2412; baseline -0.002 -11"><span class='ocrx_word' id='word_1_208' title='bbox 216 2362 219 2364; x_wconf 77' lang='grc'><strong>’</strong></span> <span class='ocrx_word' id='word_1_209' title='bbox 259 2356 527 2401; x_wconf 89' lang='lat' dir='ltr'>nominatim</span> <span class='ocrx_word' id='word_1_210' title='bbox 556 2370 662 2399; x_wconf 90' lang='lat' dir='ltr'>vero</span> <span class='ocrx_word' id='word_1_211' title='bbox 694 2355 871 2400; x_wconf 89' lang='lat' dir='ltr'>vineam</span> <span class='ocrx_word' id='word_1_212' title='bbox 901 2371 953 2400; x_wconf 90' lang='lat' dir='ltr'>ac</span> <span class='ocrx_word' id='word_1_213' title='bbox 985 2358 1168 2400; x_wconf 90' lang='lat' dir='ltr'>domum</span> <span class='ocrx_word' id='word_1_214' title='bbox 1201 2357 1299 2401; x_wconf 91' lang='lat' dir='ltr'>eius</span> <span class='ocrx_word' id='word_1_215' title='bbox 1332 2364 1458 2400; x_wconf 90' lang='lat' dir='ltr'>tanto</span> <span class='ocrx_word' id='word_1_216' title='bbox 1490 2358 1657 2401; x_wconf 83' lang='lat' dir='ltr'>affectu</span> <span class='ocrx_word' id='word_1_217' title='bbox 1687 2356 1888 2412; x_wconf 91' lang='lat' dir='ltr'>comple-</span> 
     </span>
     <span class='ocr_line' id='line_1_29' title="bbox 258 2431 1889 2490; baseline -0.001 -13"><span class='ocrx_word' id='word_1_218' title='bbox 258 2435 485 2487; x_wconf 89' lang='lat' dir='ltr'>ctabatur,</span> <span class='ocrx_word' id='word_1_219' title='bbox 520 2442 569 2477; x_wconf 93' lang='lat' dir='ltr'>vt</span> <span class='ocrx_word' id='word_1_220' title='bbox 598 2438 684 2481; x_wconf 87' lang='grc'>252</span> <span class='ocrx_word' id='word_1_221' title='bbox 716 2433 825 2476; x_wconf 91' lang='lat' dir='ltr'>nihil</span> <span class='ocrx_word' id='word_1_222' title='bbox 859 2442 979 2478; x_wconf 90' lang='lat' dir='ltr'>esset</span> <span class='ocrx_word' id='word_1_223' title='bbox 1007 2434 1053 2476; x_wconf 91' lang='lat' dir='ltr'>in</span> <span class='ocrx_word' id='word_1_224' title='bbox 1083 2434 1184 2486; x_wconf 91' lang='lat' dir='ltr'>illis,</span> <span class='ocrx_word' id='word_1_225' title='bbox 1210 2435 1331 2490; x_wconf 93' lang='lat' dir='ltr'>quod</span> <span class='ocrx_word' id='word_1_226' title='bbox 1360 2448 1451 2477; x_wconf 94' lang='lat' dir='ltr'>non</span> <span class='ocrx_word' id='word_1_227' title='bbox 1473 2440 1659 2489; x_wconf 90' lang='lat' dir='ltr'>cuperet</span> <span class='ocrx_word' id='word_1_228' title='bbox 1688 2431 1889 2476; x_wconf 90' lang='lat' dir='ltr'>suauiter</span> 
     </span>
     <span class='ocr_line' id='line_1_30' title="bbox 258 2511 529 2555; baseline 0.007 -2"><span class='ocrx_word' id='word_1_229' title='bbox 258 2511 529 2555; x_wconf 89' lang='lat' dir='ltr'>deosculari.</span> 
     </span>
    </p>

    <p class='ocr_par' dir='ltr' id='par_1_7' title="bbox 259 2584 1886 2720">
     <span class='ocr_line' id='line_1_31' title="bbox 348 2584 1886 2645; baseline -0.003 -14"><span class='ocrx_word' id='word_1_230' title='bbox 348 2589 414 2631; x_wconf 87' lang='lat' dir='ltr'>Ex</span> <span class='ocrx_word' id='word_1_231' title='bbox 436 2596 578 2644; x_wconf 86' lang='lat' dir='ltr'>gustu</span> <span class='ocrx_word' id='word_1_232' title='bbox 601 2587 785 2645; x_wconf 89' lang='lat' dir='ltr'>spiritus</span> <span class='ocrx_word' id='word_1_233' title='bbox 807 2589 863 2630; x_wconf 91' lang='lat' dir='ltr'>de</span> <span class='ocrx_word' id='word_1_234' title='bbox 886 2589 1032 2632; x_wconf 89' lang='lat' dir='ltr'>Ssma.</span> <span class='ocrx_word' id='word_1_235' title='bbox 1061 2586 1300 2639; x_wconf 89' lang='lat' dir='ltr'>Trinitate,</span> <span class='ocrx_word' id='word_1_236' title='bbox 1325 2587 1448 2639; x_wconf 91' lang='lat' dir='ltr'>vnio,</span> <span class='ocrx_word' id='word_1_237' title='bbox 1475 2601 1560 2642; x_wconf 88' lang='lat' dir='ltr'>pax</span> <span class='ocrx_word' id='word_1_238' title='bbox 1577 2593 1623 2629; x_wconf 89' lang='lat' dir='ltr'>et</span> <span class='ocrx_word' id='word_1_239' title='bbox 1640 2584 1825 2630; x_wconf 89' lang='lat' dir='ltr'>deuotio</span> <span class='ocrx_word' id='word_1_240' title='bbox 1840 2584 1886 2626; x_wconf 91' lang='lat' dir='ltr'>in</span> 
     </span>
     <span class='ocr_line' id='line_1_32' title="bbox 259 2665 498 2720; baseline 0.008 -14"><span class='ocrx_word' id='word_1_241' title='bbox 259 2665 498 2720; x_wconf 84' lang='lat' dir='ltr'>Ignatium.</span> 
     </span>
    </p>

    <p class='ocr_par' dir='ltr' id='par_1_8' title="bbox 258 2738 1885 2871">
     <span class='ocr_line' id='line_1_33' title="bbox 349 2738 1885 2799; baseline -0.003 -15"><span class='ocrx_word' id='word_1_242' title='bbox 349 2743 547 2799; x_wconf 87' lang='lat' dir='ltr'>Magnus</span> <span class='ocrx_word' id='word_1_243' title='bbox 568 2755 730 2785; x_wconf 87' lang='lat' dir='ltr'>sensus</span> <span class='ocrx_word' id='word_1_244' title='bbox 751 2755 854 2784; x_wconf 91' lang='lat' dir='ltr'>cum</span> <span class='ocrx_word' id='word_1_245' title='bbox 878 2741 1124 2798; x_wconf 91' lang='lat' dir='ltr'>lachrymis</span> <span class='ocrx_word' id='word_1_246' title='bbox 1146 2742 1192 2784; x_wconf 91' lang='lat' dir='ltr'>in</span> <span class='ocrx_word' id='word_1_247' title='bbox 1214 2741 1530 2798; x_wconf 89' lang='lat' dir='ltr'>procuratione</span> <span class='ocrx_word' id='word_1_248' title='bbox 1548 2740 1666 2796; x_wconf 65' lang='lat' dir='ltr'>apud</span> <span class='ocrx_word' id='word_1_249' title='bbox 1683 2738 1885 2782; x_wconf 90' lang='lat' dir='ltr'>cardina-</span> 
     </span>
     <span class='ocr_line' id='line_1_34' title="bbox 258 2818 1572 2871; baseline 0 -11"><span class='ocrx_word' id='word_1_250' title='bbox 258 2819 345 2861; x_wconf 90' lang='lat' dir='ltr'>lem</span> <span class='ocrx_word' id='word_1_251' title='bbox 369 2818 745 2871; x_wconf 83' lang='lat' dir='ltr'>Alexandrinum,</span> <span class='ocrx_word' id='word_1_252' title='bbox 771 2825 819 2860; x_wconf 93' lang='lat' dir='ltr'>vt</span> <span class='ocrx_word' id='word_1_253' title='bbox 840 2819 1086 2862; x_wconf 88' lang='lat' dir='ltr'>Germania</span> <span class='ocrx_word' id='word_1_254' title='bbox 1108 2819 1294 2861; x_wconf 89' lang='lat' dir='ltr'>iuuetur</span> <span class='ocrx_word' id='word_1_255' title='bbox 1315 2833 1340 2860; x_wconf 91' lang='lat' dir='ltr'>a</span> <span class='ocrx_word' id='word_1_256' title='bbox 1366 2818 1507 2861; x_wconf 87' lang='lat' dir='ltr'>Paulo</span> <span class='ocrx_word' id='word_1_257' title='bbox 1529 2829 1572 2870; x_wconf 86' lang='lat'>4.</span> 
     </span>
    </p>

    <p class='ocr_par' dir='ltr' id='par_1_9' title="bbox 347 2891 1886 2951">
     <span class='ocr_line' id='line_1_35' title="bbox 347 2891 1886 2951; baseline -0.003 -13"><span class='ocrx_word' id='word_1_258' title='bbox 347 2895 590 2951; x_wconf 87' lang='lat' dir='ltr'>Optimum&#39;</span> <span class='ocrx_word' id='word_1_259' title='bbox 607 2894 790 2951; x_wconf 87' lang='lat' dir='ltr'>spiritus</span> <span class='ocrx_word' id='word_1_260' title='bbox 813 2895 1098 2947; x_wconf 87' lang='lat' dir='ltr'>exercitium,</span> <span class='ocrx_word' id='word_1_261' title='bbox 1125 2902 1173 2936; x_wconf 90' lang='lat' dir='ltr'>vt</span> <span class='ocrx_word' id='word_1_262' title='bbox 1192 2908 1515 2949; x_wconf 89' lang='lat' dir='ltr'>nonnunquam</span> <span class='ocrx_word' id='word_1_263' title='bbox 1535 2892 1619 2937; x_wconf 89' lang='lat' dir='ltr'>Dei</span> <span class='ocrx_word' id='word_1_264' title='bbox 1638 2891 1886 2935; x_wconf 89' lang='lat' dir='ltr'>misericor-</span> 
     </span>
    </p>
   </div>
   <div class='ocr_carea' id='block_1_3' title="bbox 270 2999 531 3007">
    <p class='ocr_par' dir='ltr' id='par_1_10' title="bbox 270 2999 531 3007">
     <span class='ocr_line' id='line_1_36' title="bbox 270 2999 531 3007; baseline 0 0"><span class='ocrx_word' id='word_1_265' title='bbox 270 2999 531 3007; x_wconf 95' lang='lat' dir='ltr'> </span> 
     </span>
    </p>
   </div>
   <div class='ocr_carea' id='block_1_4' title="bbox 329 3038 792 3106">
    <p class='ocr_par' dir='ltr' id='par_1_11' title="bbox 329 3038 792 3106">
     <span class='ocr_line' id='line_1_37' title="bbox 329 3038 792 3106; baseline 0 -11"><span class='ocrx_word' id='word_1_266' title='bbox 329 3061 338 3080; x_wconf 80' lang='lat'><strong>¹</strong></span> <span class='ocrx_word' id='word_1_267' title='bbox 391 3060 538 3103; x_wconf 67' lang='lat' dir='ltr'>Pnov„</span> <span class='ocrx_word' id='word_1_268' title='bbox 557 3061 683 3106; x_wconf 90' lang='lat' dir='ltr'>xxv,</span> <span class='ocrx_word' id='word_1_269' title='bbox 703 3070 763 3106; x_wconf 82' lang='lat'>27.</span> <span class='ocrx_word' id='word_1_270' title='bbox 786 3038 792 3045; x_wconf 74' lang='grc'><em>“</em></span> 
     </span>
    </p>
   </div>
   <div class='ocr_carea' id='block_1_5' title="bbox 1976 1117 2098 3470">
    <p class='ocr_par' dir='ltr' id='par_1_12' title="bbox 1976 1117 2098 3470">
     <span class='ocr_line' id='line_1_38' title="bbox 1976 1117 2098 3470; baseline 0 0"><span class='ocrx_word' id='word_1_271' title='bbox 1976 1117 2098 3470; x_wconf 95' lang='lat' dir='ltr'> </span> 
     </span>
    </p>
   </div>
  </div>
 </body>
</html>
