<?xml version="1.0" encoding="UTF-8"?>
<!DOCTYPE html PUBLIC "-//W3C//DTD XHTML 1.0 Transitional//EN"
    "http://www.w3.org/TR/xhtml1/DTD/xhtml1-transitional.dtd">
<html xmlns="http://www.w3.org/1999/xhtml" xml:lang="en" lang="en">
 <head>
  <title>
</title>
<meta http-equiv="Content-Type" content="text/html;charset=utf-8" />
  <meta name='ocr-system' content='tesseract 3.04.00' />
  <meta name='ocr-capabilities' content='ocr_page ocr_carea ocr_par ocr_line ocrx_word'/>
</head>
<body>
  <div class='ocr_page' id='page_1' title='image "./epistolaephieron04nadauoft_0404.png"; bbox 0 0 2098 3470; ppageno 0'>
   <div class='ocr_carea' id='block_1_1' title="bbox 316 255 1390 305">
    <p class='ocr_par' dir='ltr' id='par_1_1' title="bbox 316 255 1390 305">
     <span class='ocr_line' id='line_1_1' title="bbox 316 255 1390 305; baseline 0.001 -10"><span class='ocrx_word' id='word_1_1' title='bbox 316 255 386 305; x_wconf 88' lang='lat'>378</span> <span class='ocrx_word' id='word_1_2' title='bbox 789 259 945 296; x_wconf 55' lang='lat' dir='ltr'>Pin-ms</span> <span class='ocrx_word' id='word_1_3' title='bbox 971 259 1213 295; x_wconf 74' lang='lat' dir='ltr'>HlERONYMx</span> <span class='ocrx_word' id='word_1_4' title='bbox 1239 259 1390 296; x_wconf 78' lang='lat' dir='ltr'>NADAL</span> 
     </span>
    </p>
   </div>
   <div class='ocr_carea' id='block_1_2' title="bbox 267 349 1897 570">
    <p class='ocr_par' dir='ltr' id='par_1_2' title="bbox 267 349 1897 570">
     <span class='ocr_line' id='line_1_2' title="bbox 271 349 1897 419; baseline 0.003 -17"><span class='ocrx_word' id='word_1_5' title='bbox 271 359 452 402; x_wconf 86' lang='lat' dir='ltr'>neralis:</span> <span class='ocrx_word' id='word_1_6' title='bbox 482 359 688 403; x_wconf 73' lang='lat' dir='ltr'>fortassis</span> <span class='ocrx_word' id='word_1_7' title='bbox 718 375 772 404; x_wconf 90' lang='lat' dir='ltr'>ea</span> <span class='ocrx_word' id='word_1_8' title='bbox 801 367 871 404; x_wconf 90' lang='lat' dir='ltr'>est</span> <span class='ocrx_word' id='word_1_9' title='bbox 901 362 1053 404; x_wconf 74' lang='lat' dir='ltr'>futura</span> <span class='ocrx_word' id='word_1_10' title='bbox 1091 351 1334 416; x_wconf 83' lang='lat' dir='ltr'>aliquando</span> <span class='ocrx_word' id='word_1_11' title='bbox 1362 361 1548 415; x_wconf 88' lang='lat' dir='ltr'>vtilitas‚</span> <span class='ocrx_word' id='word_1_12' title='bbox 1581 349 1629 405; x_wconf 74' lang='lat' dir='ltr'>vt</span> <span class='ocrx_word' id='word_1_13' title='bbox 1665 363 1897 419; x_wconf 88' lang='lat' dir='ltr'>praeteriri</span> 
     </span>
     <span class='ocr_line' id='line_1_3' title="bbox 269 435 1896 496; baseline 0.004 -19"><span class='ocrx_word' id='word_1_14' title='bbox 269 450 360 478; x_wconf 91' lang='lat' dir='ltr'>non</span> <span class='ocrx_word' id='word_1_15' title='bbox 404 435 568 480; x_wconf 88' lang='lat' dir='ltr'>debeat</span> <span class='ocrx_word' id='word_1_16' title='bbox 610 435 747 480; x_wconf 92' lang='lat' dir='ltr'>huius</span> <span class='ocrx_word' id='word_1_17' title='bbox 789 437 924 480; x_wconf 88' lang='lat' dir='ltr'>officii</span> <span class='ocrx_word' id='word_1_18' title='bbox 967 451 1090 480; x_wconf 91' lang='lat' dir='ltr'>vsus.</span> <span class='ocrx_word' id='word_1_19' title='bbox 1138 436 1321 480; x_wconf 89' lang='lat' dir='ltr'>Vtinam</span> <span class='ocrx_word' id='word_1_20' title='bbox 1365 437 1615 482; x_wconf 83' lang='lat' dir='ltr'>necessitas</span> <span class='ocrx_word' id='word_1_21' title='bbox 1664 454 1896 496; x_wconf 89' lang='lat' dir='ltr'>nunquam</span> 
     </span>
     <span class='ocr_line' id='line_1_4' title="bbox 267 512 439 570; baseline -0.006 -14"><span class='ocrx_word' id='word_1_22' title='bbox 267 512 439 570; x_wconf 85' lang='lat' dir='ltr'>adigat!</span> 
     </span>
    </p>
   </div>
   <div class='ocr_carea' id='block_1_3' title="bbox 355 631 1434 677">
    <p class='ocr_par' dir='ltr' id='par_1_3' title="bbox 355 631 1434 677">
     <span class='ocr_line' id='line_1_5' title="bbox 355 631 1434 677; baseline 0 0"><span class='ocrx_word' id='word_1_23' title='bbox 355 631 414 677; x_wconf 78' lang='lat'>33</span> <span class='ocrx_word' id='word_1_24' title='bbox 733 646 1027 677; x_wconf 81' lang='lat' dir='ltr'><strong>INSTRUCTIO</strong></span> <span class='ocrx_word' id='word_1_25' title='bbox 1052 646 1434 677; x_wconf 83' lang='lat' dir='ltr'><strong>PROUINCIALIUM</strong></span> 
     </span>
    </p>
   </div>
   <div class='ocr_carea' id='block_1_4' title="bbox 217 743 1903 3112">
    <p class='ocr_par' dir='ltr' id='par_1_4' title="bbox 255 743 1900 1019">
     <span class='ocr_line' id='line_1_6' title="bbox 355 743 1895 799; baseline 0.001 -12"><span class='ocrx_word' id='word_1_26' title='bbox 355 743 531 787; x_wconf 90' lang='lat' dir='ltr'>Curent</span> <span class='ocrx_word' id='word_1_27' title='bbox 561 743 865 799; x_wconf 89' lang='lat' dir='ltr'>prouinciales</span> <span class='ocrx_word' id='word_1_28' title='bbox 901 752 950 787; x_wconf 91' lang='lat' dir='ltr'>vt</span> <span class='ocrx_word' id='word_1_29' title='bbox 994 759 1152 788; x_wconf 86' lang='lat' dir='ltr'>omnes</span> <span class='ocrx_word' id='word_1_30' title='bbox 1181 745 1382 788; x_wconf 89' lang='lat' dir='ltr'>omnium</span> <span class='ocrx_word' id='word_1_31' title='bbox 1422 747 1608 788; x_wconf 89' lang='lat' dir='ltr'>Patrum</span> <span class='ocrx_word' id='word_1_32' title='bbox 1630 753 1676 788; x_wconf 90' lang='lat' dir='ltr'>et</span> <span class='ocrx_word' id='word_1_33' title='bbox 1704 748 1895 790; x_wconf 84' lang='lat' dir='ltr'><strong>fratrum</strong></span> 
     </span>
     <span class='ocr_line' id='line_1_7' title="bbox 255 820 1895 879; baseline 0.002 -16"><span class='ocrx_word' id='word_1_34' title='bbox 255 820 509 864; x_wconf 84' lang='lat' dir='ltr'>-facultates</span> <span class='ocrx_word' id='word_1_35' title='bbox 532 821 762 865; x_wconf 84' lang='lat' dir='ltr'>naturales</span> <span class='ocrx_word' id='word_1_36' title='bbox 784 835 836 864; x_wconf 88' lang='lat' dir='ltr'>ac</span> <span class='ocrx_word' id='word_1_37' title='bbox 859 821 996 866; x_wconf 87' lang='lat' dir='ltr'>etiam</span> <span class='ocrx_word' id='word_1_38' title='bbox 1019 822 1387 878; x_wconf 83' lang='lat' dir='ltr'>supernaturales</span> <span class='ocrx_word' id='word_1_39' title='bbox 1408 823 1606 866; x_wconf 85' lang='lat' dir='ltr'>habeant</span> <span class='ocrx_word' id='word_1_40' title='bbox 1623 823 1895 879; x_wconf 81' lang='lat' dir='ltr'>exploratas,</span> 
     </span>
     <span class='ocr_line' id='line_1_8' title="bbox 267 896 1900 955; baseline 0.001 -14"><span class='ocrx_word' id='word_1_41' title='bbox 267 905 312 941; x_wconf 90' lang='lat' dir='ltr'>et</span> <span class='ocrx_word' id='word_1_42' title='bbox 345 912 422 942; x_wconf 88' lang='lat' dir='ltr'>eas</span> <span class='ocrx_word' id='word_1_43' title='bbox 449 898 729 955; x_wconf 85' lang='lat' dir='ltr'>praesertim,</span> <span class='ocrx_word' id='word_1_44' title='bbox 765 913 881 955; x_wconf 88' lang='lat' dir='ltr'>quae</span> <span class='ocrx_word' id='word_1_45' title='bbox 918 900 974 942; x_wconf 87' lang='lat' dir='ltr'>ad</span> <span class='ocrx_word' id='word_1_46' title='bbox 1004 898 1252 942; x_wconf 85' lang='lat' dir='ltr'>ministeria</span> <span class='ocrx_word' id='word_1_47' title='bbox 1279 899 1520 944; x_wconf 87' lang='lat' dir='ltr'>Societatis</span> <span class='ocrx_word' id='word_1_48' title='bbox 1552 896 1764 944; x_wconf 87' lang='lat' dir='ltr'>obeunda</span> <span class='ocrx_word' id='word_1_49' title='bbox 1791 907 1900 943; x_wconf 91' lang='lat' dir='ltr'>sunt</span> 
     </span>
     <span class='ocr_line' id='line_1_9' title="bbox 267 962 1268 1019; baseline 0 -2"><span class='ocrx_word' id='word_1_50' title='bbox 267 974 417 1019; x_wconf 85' lang='lat' dir='ltr'>vtiles.</span> <span class='ocrx_word' id='word_1_51' title='bbox 1266 962 1268 964; x_wconf 33' lang='grc'><strong>’</strong></span> 
     </span>
    </p>

    <p class='ocr_par' dir='ltr' id='par_1_5' title="bbox 357 1052 1902 1108">
     <span class='ocr_line' id='line_1_10' title="bbox 357 1052 1902 1108; baseline 0.001 -13"><span class='ocrx_word' id='word_1_52' title='bbox 357 1054 430 1105; x_wconf 89' lang='lat' dir='ltr'>Et,</span> <span class='ocrx_word' id='word_1_53' title='bbox 457 1052 670 1108; x_wconf 91' lang='lat' dir='ltr'>quoniam</span> <span class='ocrx_word' id='word_1_54' title='bbox 691 1054 841 1096; x_wconf 91' lang='lat' dir='ltr'>danda</span> <span class='ocrx_word' id='word_1_55' title='bbox 864 1053 947 1097; x_wconf 86' lang='lat' dir='ltr'>erit</span> <span class='ocrx_word' id='word_1_56' title='bbox 970 1053 1224 1098; x_wconf 89' lang='lat' dir='ltr'>rectoribus</span> <span class='ocrx_word' id='word_1_57' title='bbox 1245 1053 1352 1096; x_wconf 90' lang='lat' dir='ltr'>item</span> <span class='ocrx_word' id='word_1_58' title='bbox 1369 1068 1452 1098; x_wconf 87' lang='lat' dir='ltr'>sua</span> <span class='ocrx_word' id='word_1_59' title='bbox 1469 1053 1722 1106; x_wconf 84' lang='lat' dir='ltr'>instructio,</span> <span class='ocrx_word' id='word_1_60' title='bbox 1747 1053 1902 1097; x_wconf 90' lang='lat' dir='ltr'>nullus</span> 
     </span>
    </p>

    <p class='ocr_par' dir='ltr' id='par_1_6' title="bbox 217 1129 1899 1340">
     <span class='ocr_line' id='line_1_11' title="bbox 267 1129 1898 1187; baseline 0.001 -15"><span class='ocrx_word' id='word_1_61' title='bbox 267 1129 456 1173; x_wconf 89' lang='lat' dir='ltr'>miretur</span> <span class='ocrx_word' id='word_1_62' title='bbox 477 1129 515 1172; x_wconf 90' lang='lat' dir='ltr'>si</span> <span class='ocrx_word' id='word_1_63' title='bbox 539 1130 720 1185; x_wconf 90' lang='lat' dir='ltr'>quando</span> <span class='ocrx_word' id='word_1_64' title='bbox 743 1130 981 1186; x_wconf 85' lang='lat' dir='ltr'>contingat</span> <span class='ocrx_word' id='word_1_65' title='bbox 1003 1129 1174 1186; x_wconf 87' lang='lat' dir='ltr'>aliquid</span> <span class='ocrx_word' id='word_1_66' title='bbox 1191 1130 1283 1187; x_wconf 89' lang='lat' dir='ltr'>legi</span> <span class='ocrx_word' id='word_1_67' title='bbox 1300 1130 1347 1172; x_wconf 92' lang='lat' dir='ltr'>in</span> <span class='ocrx_word' id='word_1_68' title='bbox 1366 1139 1571 1187; x_wconf 81' lang='lat' dir='ltr'>Vtraque.</span> <span class='ocrx_word' id='word_1_69' title='bbox 1592 1132 1642 1174; x_wconf 94' lang='lat' dir='ltr'>Id</span> <span class='ocrx_word' id='word_1_70' title='bbox 1654 1130 1774 1175; x_wconf 92' lang='lat' dir='ltr'>enim</span> <span class='ocrx_word' id='word_1_71' title='bbox 1792 1145 1898 1174; x_wconf 91' lang='lat' dir='ltr'>con-</span> 
     </span>
     <span class='ocr_line' id='line_1_12' title="bbox 217 1191 1899 1263; baseline 0.001 -14"><span class='ocrx_word' id='word_1_72' title='bbox 217 1191 223 1197; x_wconf 37' lang='lat'><strong>·</strong></span> <span class='ocrx_word' id='word_1_73' title='bbox 267 1206 386 1250; x_wconf 87' lang='lat' dir='ltr'>sulte</span> <span class='ocrx_word' id='word_1_74' title='bbox 408 1208 503 1260; x_wconf 90' lang='lat' dir='ltr'>fiet,</span> <span class='ocrx_word' id='word_1_75' title='bbox 529 1214 579 1249; x_wconf 90' lang='lat' dir='ltr'>vt</span> <span class='ocrx_word' id='word_1_76' title='bbox 615 1207 923 1263; x_wconf 85' lang='lat' dir='ltr'>prouincialis,</span> <span class='ocrx_word' id='word_1_77' title='bbox 963 1207 1001 1250; x_wconf 91' lang='lat' dir='ltr'>si</span> <span class='ocrx_word' id='word_1_78' title='bbox 1025 1207 1134 1262; x_wconf 91' lang='lat' dir='ltr'>quid</span> <span class='ocrx_word' id='word_1_79' title='bbox 1166 1208 1418 1251; x_wconf 88' lang='lat' dir='ltr'>curandum</span> <span class='ocrx_word' id='word_1_80' title='bbox 1448 1208 1576 1260; x_wconf 86' lang='lat' dir='ltr'>sciat,</span> <span class='ocrx_word' id='word_1_81' title='bbox 1602 1214 1766 1261; x_wconf 87' lang='lat' dir='ltr'>rector,</span> <span class='ocrx_word' id='word_1_82' title='bbox 1791 1206 1899 1263; x_wconf 88' lang='lat' dir='ltr'>quid</span> 
     </span>
     <span class='ocr_line' id='line_1_13' title="bbox 268 1284 519 1340; baseline 0.008 -14"><span class='ocrx_word' id='word_1_83' title='bbox 268 1284 519 1340; x_wconf 86' lang='lat' dir='ltr'>agendum.</span> 
     </span>
    </p>

    <p class='ocr_par' dir='ltr' id='par_1_7' title="bbox 269 1361 1901 1495">
     <span class='ocr_line' id='line_1_14' title="bbox 357 1361 1901 1419; baseline 0 -15"><span class='ocrx_word' id='word_1_84' title='bbox 357 1362 614 1406; x_wconf 85' lang='lat' dir='ltr'>Exerceant</span> <span class='ocrx_word' id='word_1_85' title='bbox 636 1362 774 1418; x_wconf 92' lang='lat' dir='ltr'>pleno</span> <span class='ocrx_word' id='word_1_86' title='bbox 797 1362 894 1405; x_wconf 88' lang='lat' dir='ltr'>iure</span> <span class='ocrx_word' id='word_1_87' title='bbox 922 1377 1056 1405; x_wconf 89' lang='lat' dir='ltr'>suum</span> <span class='ocrx_word' id='word_1_88' title='bbox 1086 1361 1302 1414; x_wconf 89' lang='lat' dir='ltr'>officium,</span> <span class='ocrx_word' id='word_1_89' title='bbox 1334 1363 1530 1419; x_wconf 81' lang='lat' dir='ltr'>pendeat</span> <span class='ocrx_word' id='word_1_90' title='bbox 1560 1369 1710 1405; x_wconf 90' lang='lat' dir='ltr'>tamen</span> <span class='ocrx_word' id='word_1_91' title='bbox 1731 1376 1758 1404; x_wconf 87' lang='lat' dir='ltr'>a</span> <span class='ocrx_word' id='word_1_92' title='bbox 1779 1375 1901 1404; x_wconf 91' lang='lat' dir='ltr'>com-</span> 
     </span>
     <span class='ocr_line' id='line_1_15' title="bbox 269 1437 1675 1495; baseline 0.001 -16"><span class='ocrx_word' id='word_1_93' title='bbox 269 1437 496 1492; x_wconf 83' lang='lat' dir='ltr'>missario,</span> <span class='ocrx_word' id='word_1_94' title='bbox 522 1438 664 1494; x_wconf 92' lang='lat' dir='ltr'>siquis</span> <span class='ocrx_word' id='word_1_95' title='bbox 687 1439 838 1493; x_wconf 88' lang='lat' dir='ltr'>fuerit,</span> <span class='ocrx_word' id='word_1_96' title='bbox 862 1439 908 1481; x_wconf 92' lang='lat' dir='ltr'>in</span> <span class='ocrx_word' id='word_1_97' title='bbox 934 1439 1020 1492; x_wconf 85' lang='lat' dir='ltr'>his,</span> <span class='ocrx_word' id='word_1_98' title='bbox 1047 1454 1163 1495; x_wconf 88' lang='lat' dir='ltr'>quae</span> <span class='ocrx_word' id='word_1_99' title='bbox 1185 1446 1319 1483; x_wconf 88' lang='lat' dir='ltr'>erunt</span> <span class='ocrx_word' id='word_1_100' title='bbox 1335 1438 1398 1481; x_wconf 91' lang='lat' dir='ltr'>illi</span> <span class='ocrx_word' id='word_1_101' title='bbox 1420 1438 1675 1482; x_wconf 87' lang='lat' dir='ltr'>commissa.</span> 
     </span>
    </p>

    <p class='ocr_par' dir='ltr' id='par_1_8' title="bbox 266 1515 1899 1649">
     <span class='ocr_line' id='line_1_16' title="bbox 356 1515 1899 1571; baseline -0.001 -12"><span class='ocrx_word' id='word_1_102' title='bbox 356 1515 619 1559; x_wconf 86' lang='lat' dir='ltr'>Obseruent</span> <span class='ocrx_word' id='word_1_103' title='bbox 641 1529 770 1560; x_wconf 88' lang='lat' dir='ltr'>arcas</span> <span class='ocrx_word' id='word_1_104' title='bbox 791 1522 836 1560; x_wconf 89' lang='lat' dir='ltr'>et</span> <span class='ocrx_word' id='word_1_105' title='bbox 864 1531 1066 1560; x_wconf 88' lang='lat' dir='ltr'>cameras</span> <span class='ocrx_word' id='word_1_106' title='bbox 1090 1523 1337 1570; x_wconf 88' lang='lat' dir='ltr'>rectorum,</span> <span class='ocrx_word' id='word_1_107' title='bbox 1363 1515 1401 1559; x_wconf 91' lang='lat' dir='ltr'>si</span> <span class='ocrx_word' id='word_1_108' title='bbox 1424 1515 1533 1571; x_wconf 87' lang='lat' dir='ltr'>quid</span> <span class='ocrx_word' id='word_1_109' title='bbox 1554 1515 1782 1558; x_wconf 88' lang='lat' dir='ltr'>curiosum</span> <span class='ocrx_word' id='word_1_110' title='bbox 1814 1516 1899 1558; x_wconf 89' lang='lat' dir='ltr'>ha-</span> 
     </span>
     <span class='ocr_line' id='line_1_17' title="bbox 266 1592 817 1649; baseline 0.005 -15"><span class='ocrx_word' id='word_1_111' title='bbox 266 1592 405 1635; x_wconf 86' lang='lat' dir='ltr'>beant</span> <span class='ocrx_word' id='word_1_112' title='bbox 427 1593 500 1635; x_wconf 91' lang='lat' dir='ltr'>vel</span> <span class='ocrx_word' id='word_1_113' title='bbox 522 1593 817 1649; x_wconf 87' lang='lat' dir='ltr'>superfluum.</span> 
     </span>
    </p>

    <p class='ocr_par' dir='ltr' id='par_1_9' title="bbox 269 1669 1900 1792">
     <span class='ocr_line' id='line_1_18' title="bbox 361 1669 1900 1723; baseline -0.002 -10"><span class='ocrx_word' id='word_1_114' title='bbox 361 1670 625 1713; x_wconf 89' lang='lat' dir='ltr'>Obseruent</span> <span class='ocrx_word' id='word_1_115' title='bbox 653 1684 809 1713; x_wconf 91' lang='lat' dir='ltr'>eorum</span> <span class='ocrx_word' id='word_1_116' title='bbox 831 1669 1022 1723; x_wconf 87' lang='lat' dir='ltr'>victum,</span> <span class='ocrx_word' id='word_1_117' title='bbox 1060 1670 1294 1722; x_wconf 87' lang='lat' dir='ltr'>vestitum,</span> <span class='ocrx_word' id='word_1_118' title='bbox 1320 1669 1574 1723; x_wconf 90' lang='lat' dir='ltr'>seruitium,</span> <span class='ocrx_word' id='word_1_119' title='bbox 1605 1670 1803 1712; x_wconf 89' lang='lat' dir='ltr'>laborem</span> <span class='ocrx_word' id='word_1_120' title='bbox 1828 1669 1900 1712; x_wconf 90' lang='lat' dir='ltr'>vel</span> 
     </span>
     <span class='ocr_line' id='line_1_19' title="bbox 269 1746 602 1792; baseline 0.012 -4"><span class='ocrx_word' id='word_1_121' title='bbox 269 1746 582 1791; x_wconf 84' lang='lat' dir='ltr'>remissionem</span> <span class='ocrx_word' id='word_1_122' title='bbox 592 1782 602 1792; x_wconf 92' lang='lat'><strong>.</strong></span> 
     </span>
    </p>

    <p class='ocr_par' dir='ltr' id='par_1_10' title="bbox 265 1823 1900 2099">
     <span class='ocr_line' id='line_1_20' title="bbox 358 1823 1899 1879; baseline -0.001 -13"><span class='ocrx_word' id='word_1_123' title='bbox 358 1825 465 1876; x_wconf 87' lang='lat' dir='ltr'>Res,</span> <span class='ocrx_word' id='word_1_124' title='bbox 492 1838 609 1879; x_wconf 89' lang='lat' dir='ltr'>quae</span> <span class='ocrx_word' id='word_1_125' title='bbox 638 1831 744 1867; x_wconf 90' lang='lat' dir='ltr'>sunt</span> <span class='ocrx_word' id='word_1_126' title='bbox 766 1824 948 1868; x_wconf 89' lang='lat' dir='ltr'>maioris</span> <span class='ocrx_word' id='word_1_127' title='bbox 975 1824 1208 1877; x_wconf 89' lang='lat' dir='ltr'>momenti,</span> <span class='ocrx_word' id='word_1_128' title='bbox 1235 1839 1328 1867; x_wconf 92' lang='lat' dir='ltr'>non</span> <span class='ocrx_word' id='word_1_129' title='bbox 1350 1823 1609 1867; x_wconf 87' lang='lat' dir='ltr'>scribantur</span> <span class='ocrx_word' id='word_1_130' title='bbox 1635 1837 1690 1866; x_wconf 89' lang='lat' dir='ltr'>ex</span> <span class='ocrx_word' id='word_1_131' title='bbox 1712 1823 1899 1879; x_wconf 91' lang='lat' dir='ltr'>prouin-</span> 
     </span>
     <span class='ocr_line' id='line_1_21' title="bbox 265 1899 1899 1958; baseline -0.001 -15"><span class='ocrx_word' id='word_1_132' title='bbox 265 1899 447 1944; x_wconf 90' lang='lat' dir='ltr'>cialium</span> <span class='ocrx_word' id='word_1_133' title='bbox 463 1901 796 1954; x_wconf 87' lang='lat' dir='ltr'>commissione,</span> <span class='ocrx_word' id='word_1_134' title='bbox 815 1903 896 1945; x_wconf 90' lang='lat' dir='ltr'>sed</span> <span class='ocrx_word' id='word_1_135' title='bbox 914 1902 1094 1958; x_wconf 90' lang='lat' dir='ltr'>ipsimet</span> <span class='ocrx_word' id='word_1_136' title='bbox 1112 1903 1184 1946; x_wconf 93' lang='lat' dir='ltr'>vel</span> <span class='ocrx_word' id='word_1_137' title='bbox 1201 1902 1416 1954; x_wconf 88' lang='lat' dir='ltr'>scribant,</span> <span class='ocrx_word' id='word_1_138' title='bbox 1436 1901 1509 1944; x_wconf 90' lang='lat' dir='ltr'>vel</span> <span class='ocrx_word' id='word_1_139' title='bbox 1526 1901 1686 1944; x_wconf 87' lang='lat' dir='ltr'>saltem</span> <span class='ocrx_word' id='word_1_140' title='bbox 1703 1899 1899 1943; x_wconf 91' lang='lat' dir='ltr'>subscri-</span> 
     </span>
     <span class='ocr_line' id='line_1_22' title="bbox 267 1975 1900 2036; baseline -0.001 -17"><span class='ocrx_word' id='word_1_141' title='bbox 267 1976 393 2021; x_wconf 91' lang='lat' dir='ltr'>bant.</span> <span class='ocrx_word' id='word_1_142' title='bbox 423 1979 555 2034; x_wconf 77' lang='lat' dir='ltr'>Quae</span> <span class='ocrx_word' id='word_1_143' title='bbox 579 1993 688 2023; x_wconf 92' lang='lat' dir='ltr'>vero</span> <span class='ocrx_word' id='word_1_144' title='bbox 724 1978 924 2023; x_wconf 89' lang='lat' dir='ltr'>scribent</span> <span class='ocrx_word' id='word_1_145' title='bbox 945 1980 1002 2022; x_wconf 89' lang='lat' dir='ltr'>ad</span> <span class='ocrx_word' id='word_1_146' title='bbox 1038 1978 1344 2036; x_wconf 88' lang='lat' dir='ltr'>praepositum</span> <span class='ocrx_word' id='word_1_147' title='bbox 1382 1978 1662 2035; x_wconf 85' lang='lat' dir='ltr'>generalem,</span> <span class='ocrx_word' id='word_1_148' title='bbox 1687 1975 1900 2020; x_wconf 88' lang='lat' dir='ltr'>omnibus</span> 
     </span>
     <span class='ocr_line' id='line_1_23' title="bbox 267 2054 573 2099; baseline 0.003 -3"><span class='ocrx_word' id='word_1_149' title='bbox 267 2054 573 2099; x_wconf 89' lang='lat' dir='ltr'>subscribent.</span> 
     </span>
    </p>

    <p class='ocr_par' dir='ltr' id='par_1_11' title="bbox 267 2131 1898 2344">
     <span class='ocr_line' id='line_1_24' title="bbox 356 2131 1896 2189; baseline -0.001 -14"><span class='ocrx_word' id='word_1_150' title='bbox 356 2131 419 2176; x_wconf 83' lang='lat'>34</span> <span class='ocrx_word' id='word_1_151' title='bbox 441 2132 825 2176; x_wconf 88' lang='lat' dir='ltr'>Animaduertant</span> <span class='ocrx_word' id='word_1_152' title='bbox 847 2133 1022 2177; x_wconf 87' lang='lat' dir='ltr'>solicite</span> <span class='ocrx_word' id='word_1_153' title='bbox 1043 2133 1424 2189; x_wconf 90' lang='lat' dir='ltr'>quemadmodum</span> <span class='ocrx_word' id='word_1_154' title='bbox 1454 2139 1639 2175; x_wconf 87' lang='lat' dir='ltr'>vtantur</span> <span class='ocrx_word' id='word_1_155' title='bbox 1663 2131 1896 2182; x_wconf 84' lang='lat' dir='ltr'>facultate,</span> 
     </span>
     <span class='ocr_line' id='line_1_25' title="bbox 267 2206 1898 2267; baseline -0.001 -16"><span class='ocrx_word' id='word_1_156' title='bbox 267 2223 402 2264; x_wconf 91' lang='lat' dir='ltr'>quam</span> <span class='ocrx_word' id='word_1_157' title='bbox 424 2210 682 2266; x_wconf 88' lang='lat' dir='ltr'>acceperint</span> <span class='ocrx_word' id='word_1_158' title='bbox 702 2226 728 2253; x_wconf 89' lang='lat' dir='ltr'>a</span> <span class='ocrx_word' id='word_1_159' title='bbox 745 2211 963 2267; x_wconf 87' lang='lat' dir='ltr'>generali,</span> <span class='ocrx_word' id='word_1_160' title='bbox 987 2210 1175 2256; x_wconf 92' lang='lat' dir='ltr'>ineundi</span> <span class='ocrx_word' id='word_1_161' title='bbox 1198 2217 1474 2263; x_wconf 87' lang='lat' dir='ltr'>contractus;</span> <span class='ocrx_word' id='word_1_162' title='bbox 1500 2216 1546 2252; x_wconf 90' lang='lat' dir='ltr'>et</span> <span class='ocrx_word' id='word_1_163' title='bbox 1563 2223 1677 2264; x_wconf 92' lang='lat' dir='ltr'>quos</span> <span class='ocrx_word' id='word_1_164' title='bbox 1698 2206 1898 2258; x_wconf 89' lang='lat' dir='ltr'>inierint,</span> 
     </span>
     <span class='ocr_line' id='line_1_26' title="bbox 271 2287 1270 2344; baseline 0.002 -15"><span class='ocrx_word' id='word_1_165' title='bbox 271 2300 428 2329; x_wconf 91' lang='lat' dir='ltr'>eorum</span> <span class='ocrx_word' id='word_1_166' title='bbox 452 2287 644 2330; x_wconf 87' lang='lat' dir='ltr'>reddant</span> <span class='ocrx_word' id='word_1_167' title='bbox 665 2287 882 2330; x_wconf 87' lang='lat' dir='ltr'>rationem</span> <span class='ocrx_word' id='word_1_168' title='bbox 907 2288 1030 2330; x_wconf 85' lang='lat' dir='ltr'>Patri</span> <span class='ocrx_word' id='word_1_169' title='bbox 1052 2287 1270 2344; x_wconf 86' lang='lat' dir='ltr'>generali.</span> 
     </span>
    </p>

    <p class='ocr_par' dir='ltr' id='par_1_12' title="bbox 262 2362 1903 3112">
     <span class='ocr_line' id='line_1_27' title="bbox 355 2362 1900 2421; baseline -0.002 -15"><span class='ocrx_word' id='word_1_170' title='bbox 355 2364 571 2408; x_wconf 88' lang='lat' dir='ltr'>Habeant</span> <span class='ocrx_word' id='word_1_171' title='bbox 592 2365 850 2421; x_wconf 86' lang='lat' dir='ltr'>catalogum</span> <span class='ocrx_word' id='word_1_172' title='bbox 875 2365 1078 2408; x_wconf 91' lang='lat' dir='ltr'>omnium</span> <span class='ocrx_word' id='word_1_173' title='bbox 1096 2365 1284 2407; x_wconf 89' lang='lat' dir='ltr'>fratrum</span> <span class='ocrx_word' id='word_1_174' title='bbox 1306 2378 1360 2408; x_wconf 91' lang='lat' dir='ltr'>ac</span> <span class='ocrx_word' id='word_1_175' title='bbox 1390 2365 1579 2407; x_wconf 90' lang='lat' dir='ltr'>Patrum</span> <span class='ocrx_word' id='word_1_176' title='bbox 1611 2362 1900 2418; x_wconf 86' lang='lat' dir='ltr'>singulorum</span> 
     </span>
     <span class='ocr_line' id='line_1_28' title="bbox 263 2437 1898 2497; baseline -0.002 -14"><span class='ocrx_word' id='word_1_177' title='bbox 263 2440 580 2496; x_wconf 79' lang='lat' dir='ltr'>collegiorum,</span> <span class='ocrx_word' id='word_1_178' title='bbox 607 2455 659 2484; x_wconf 89' lang='lat' dir='ltr'>ac</span> <span class='ocrx_word' id='word_1_179' title='bbox 681 2441 859 2497; x_wconf 90' lang='lat' dir='ltr'>plenam</span> <span class='ocrx_word' id='word_1_180' title='bbox 882 2441 1170 2497; x_wconf 84' lang='lat' dir='ltr'>singulorum</span> <span class='ocrx_word' id='word_1_181' title='bbox 1193 2440 1557 2484; x_wconf 88' lang='lat' dir='ltr'>informationem</span> <span class='ocrx_word' id='word_1_182' title='bbox 1582 2439 1654 2483; x_wconf 90' lang='lat' dir='ltr'>vel</span> <span class='ocrx_word' id='word_1_183' title='bbox 1675 2437 1898 2490; x_wconf 90' lang='lat' dir='ltr'>notitiam,</span> 
     </span>
     <span class='ocr_line' id='line_1_29' title="bbox 266 2513 1903 2574; baseline -0.001 -15"><span class='ocrx_word' id='word_1_184' title='bbox 266 2524 363 2560; x_wconf 90' lang='lat' dir='ltr'>tum</span> <span class='ocrx_word' id='word_1_185' title='bbox 387 2532 539 2561; x_wconf 90' lang='lat' dir='ltr'>rerum</span> <span class='ocrx_word' id='word_1_186' title='bbox 562 2518 861 2574; x_wconf 89' lang='lat' dir='ltr'>publicarum,</span> <span class='ocrx_word' id='word_1_187' title='bbox 888 2526 982 2561; x_wconf 90' lang='lat' dir='ltr'>tum</span> <span class='ocrx_word' id='word_1_188' title='bbox 1006 2518 1142 2561; x_wconf 88' lang='lat' dir='ltr'>etiam</span> <span class='ocrx_word' id='word_1_189' title='bbox 1165 2524 1460 2562; x_wconf 80' lang='lat' dir='ltr'>secretarum.</span> <span class='ocrx_word' id='word_1_190' title='bbox 1486 2516 1588 2561; x_wconf 89' lang='lat' dir='ltr'>Sint</span> <span class='ocrx_word' id='word_1_191' title='bbox 1619 2515 1761 2572; x_wconf 86' lang='lat' dir='ltr'>igitur</span> <span class='ocrx_word' id='word_1_192' title='bbox 1793 2513 1903 2571; x_wconf 90' lang='lat' dir='ltr'>ipsis</span> 
     </span>
     <span class='ocr_line' id='line_1_30' title="bbox 264 2594 1900 2651; baseline -0.001 -14"><span class='ocrx_word' id='word_1_193' title='bbox 264 2594 447 2650; x_wconf 88' lang='lat' dir='ltr'>penitus</span> <span class='ocrx_word' id='word_1_194' title='bbox 469 2609 626 2638; x_wconf 90' lang='lat' dir='ltr'>omnes</span> <span class='ocrx_word' id='word_1_195' title='bbox 648 2595 758 2639; x_wconf 91' lang='lat' dir='ltr'>noti.</span> <span class='ocrx_word' id='word_1_196' title='bbox 785 2595 972 2648; x_wconf 87' lang='lat' dir='ltr'>Verum,</span> <span class='ocrx_word' id='word_1_197' title='bbox 993 2609 1110 2651; x_wconf 88' lang='lat' dir='ltr'>quae</span> <span class='ocrx_word' id='word_1_198' title='bbox 1131 2603 1307 2639; x_wconf 90' lang='lat' dir='ltr'>secreta</span> <span class='ocrx_word' id='word_1_199' title='bbox 1329 2601 1479 2646; x_wconf 91' lang='lat' dir='ltr'>erunt,</span> <span class='ocrx_word' id='word_1_200' title='bbox 1511 2607 1679 2649; x_wconf 86' lang='lat' dir='ltr'>magna</span> <span class='ocrx_word' id='word_1_201' title='bbox 1699 2606 1809 2636; x_wconf 89' lang='lat' dir='ltr'>cura</span> <span class='ocrx_word' id='word_1_202' title='bbox 1830 2606 1900 2636; x_wconf 90' lang='lat' dir='ltr'>se-</span> 
     </span>
     <span class='ocr_line' id='line_1_31' title="bbox 264 2669 1902 2728; baseline -0.001 -14"><span class='ocrx_word' id='word_1_203' title='bbox 264 2678 389 2715; x_wconf 88' lang='lat' dir='ltr'>creto</span> <span class='ocrx_word' id='word_1_204' title='bbox 412 2671 747 2725; x_wconf 90' lang='lat' dir='ltr'>contineantur,</span> <span class='ocrx_word' id='word_1_205' title='bbox 767 2680 812 2716; x_wconf 91' lang='lat' dir='ltr'>et</span> <span class='ocrx_word' id='word_1_206' title='bbox 834 2671 896 2715; x_wconf 86' lang='lat' dir='ltr'>ita</span> <span class='ocrx_word' id='word_1_207' title='bbox 919 2672 1106 2728; x_wconf 87' lang='lat' dir='ltr'>scripta,</span> <span class='ocrx_word' id='word_1_208' title='bbox 1131 2672 1170 2714; x_wconf 77' lang='lat' dir='ltr'>&#39;si</span> <span class='ocrx_word' id='word_1_209' title='bbox 1187 2670 1369 2728; x_wconf 88' lang='lat' dir='ltr'>quidem</span> <span class='ocrx_word' id='word_1_210' title='bbox 1400 2670 1599 2714; x_wconf 89' lang='lat' dir='ltr'>scribere</span> <span class='ocrx_word' id='word_1_211' title='bbox 1626 2669 1703 2712; x_wconf 86' lang='lat' dir='ltr'>illa</span> <span class='ocrx_word' id='word_1_212' title='bbox 1730 2682 1902 2713; x_wconf 86' lang='lat' dir='ltr'>conue-</span> 
     </span>
     <span class='ocr_line' id='line_1_32' title="bbox 263 2747 1903 2806; baseline -0.001 -16"><span class='ocrx_word' id='word_1_213' title='bbox 263 2748 373 2801; x_wconf 89' lang='lat' dir='ltr'>niat,</span> <span class='ocrx_word' id='word_1_214' title='bbox 399 2756 448 2791; x_wconf 90' lang='lat' dir='ltr'>vt</span> <span class='ocrx_word' id='word_1_215' title='bbox 470 2748 544 2792; x_wconf 89' lang='lat' dir='ltr'>alii</span> <span class='ocrx_word' id='word_1_216' title='bbox 567 2749 822 2806; x_wconf 86' lang='lat' dir='ltr'>intelligere</span> <span class='ocrx_word' id='word_1_217' title='bbox 844 2763 935 2792; x_wconf 88' lang='lat' dir='ltr'>non</span> <span class='ocrx_word' id='word_1_218' title='bbox 959 2748 1148 2805; x_wconf 91' lang='lat' dir='ltr'>possint.</span> <span class='ocrx_word' id='word_1_219' title='bbox 1175 2747 1407 2792; x_wconf 89' lang='lat' dir='ltr'>Dicuntur</span> <span class='ocrx_word' id='word_1_220' title='bbox 1434 2761 1542 2790; x_wconf 89' lang='lat' dir='ltr'>vero</span> <span class='ocrx_word' id='word_1_221' title='bbox 1570 2753 1759 2799; x_wconf 89' lang='lat' dir='ltr'>secreta,</span> <span class='ocrx_word' id='word_1_222' title='bbox 1785 2759 1903 2800; x_wconf 88' lang='lat' dir='ltr'>quae</span> 
     </span>
     <span class='ocr_line' id='line_1_33' title="bbox 263 2821 1903 2881; baseline -0.001 -16"><span class='ocrx_word' id='word_1_223' title='bbox 263 2824 336 2867; x_wconf 86' lang='lat' dir='ltr'>vel</span> <span class='ocrx_word' id='word_1_224' title='bbox 373 2825 496 2868; x_wconf 89' lang='lat' dir='ltr'>solus</span> <span class='ocrx_word' id='word_1_225' title='bbox 534 2825 662 2868; x_wconf 90' lang='lat' dir='ltr'>nouit</span> <span class='ocrx_word' id='word_1_226' title='bbox 699 2824 991 2881; x_wconf 88' lang='lat' dir='ltr'>prouincialis</span> <span class='ocrx_word' id='word_1_227' title='bbox 1028 2831 1156 2868; x_wconf 87' lang='lat' dir='ltr'>extra</span> <span class='ocrx_word' id='word_1_228' title='bbox 1193 2823 1546 2879; x_wconf 87' lang='lat' dir='ltr'>confessionem,</span> <span class='ocrx_word' id='word_1_229' title='bbox 1588 2822 1661 2865; x_wconf 89' lang='lat' dir='ltr'>vel</span> <span class='ocrx_word' id='word_1_230' title='bbox 1699 2835 1816 2876; x_wconf 84' lang='lat' dir='ltr'>quae</span> <span class='ocrx_word' id='word_1_231' title='bbox 1845 2821 1903 2863; x_wconf 90' lang='lat' dir='ltr'>ad</span> 
     </span>
     <span class='ocr_line' id='line_1_34' title="bbox 263 2897 1893 2958; baseline -0.001 -17"><span class='ocrx_word' id='word_1_232' title='bbox 263 2899 412 2958; x_wconf 90' lang='lat' dir='ltr'>ipsum</span> <span class='ocrx_word' id='word_1_233' title='bbox 445 2910 621 2946; x_wconf 89' lang='lat' dir='ltr'>secreto</span> <span class='ocrx_word' id='word_1_234' title='bbox 647 2909 755 2945; x_wconf 90' lang='lat' dir='ltr'>sunt</span> <span class='ocrx_word' id='word_1_235' title='bbox 786 2901 942 2953; x_wconf 88' lang='lat' dir='ltr'>relata,</span> <span class='ocrx_word' id='word_1_236' title='bbox 968 2910 1014 2944; x_wconf 88' lang='lat' dir='ltr'>et</span> <span class='ocrx_word' id='word_1_237' title='bbox 1046 2900 1214 2956; x_wconf 89' lang='lat' dir='ltr'>alioqui</span> <span class='ocrx_word' id='word_1_238' title='bbox 1235 2900 1332 2957; x_wconf 91' lang='lat' dir='ltr'>ipse</span> <span class='ocrx_word' id='word_1_239' title='bbox 1354 2914 1436 2956; x_wconf 90' lang='lat' dir='ltr'>pro</span> <span class='ocrx_word' id='word_1_240' title='bbox 1458 2898 1645 2943; x_wconf 88' lang='lat' dir='ltr'>secretis</span> <span class='ocrx_word' id='word_1_241' title='bbox 1681 2897 1893 2942; x_wconf 86' lang='lat' dir='ltr'>habenda</span> 
     </span>
     <span class='ocr_line' id='line_1_35' title="bbox 262 2973 1902 3034; baseline -0.004 -12"><span class='ocrx_word' id='word_1_242' title='bbox 262 2987 433 3022; x_wconf 91' lang='lat' dir='ltr'>censet.</span> <span class='ocrx_word' id='word_1_243' title='bbox 461 2980 595 3031; x_wconf 89' lang='lat' dir='ltr'>Nam,</span> <span class='ocrx_word' id='word_1_244' title='bbox 626 2993 743 3034; x_wconf 87' lang='lat' dir='ltr'>quae</span> <span class='ocrx_word' id='word_1_245' title='bbox 771 2979 856 3022; x_wconf 87' lang='lat' dir='ltr'>sub</span> <span class='ocrx_word' id='word_1_246' title='bbox 894 2978 1044 3034; x_wconf 87' lang='lat' dir='ltr'>sigillo</span> <span class='ocrx_word' id='word_1_247' title='bbox 1080 2977 1381 3022; x_wconf 88' lang='lat' dir='ltr'>confessionis</span> <span class='ocrx_word' id='word_1_248' title='bbox 1418 2976 1642 3027; x_wconf 91' lang='lat' dir='ltr'>sciuntur,</span> <span class='ocrx_word' id='word_1_249' title='bbox 1668 2976 1724 3018; x_wconf 93' lang='lat' dir='ltr'>de</span> <span class='ocrx_word' id='word_1_250' title='bbox 1745 2973 1800 3016; x_wconf 91' lang='lat' dir='ltr'>iis</span> <span class='ocrx_word' id='word_1_251' title='bbox 1824 2973 1902 3016; x_wconf 86' lang='lat' dir='ltr'>hic</span> 
     </span>
     <span class='ocr_line' id='line_1_36' title="bbox 266 3055 544 3112; baseline 0.004 -15"><span class='ocrx_word' id='word_1_252' title='bbox 266 3069 358 3097; x_wconf 88' lang='lat' dir='ltr'>non</span> <span class='ocrx_word' id='word_1_253' title='bbox 378 3055 544 3112; x_wconf 85' lang='lat' dir='ltr'>agitur.</span> 
     </span>
    </p>
   </div>
   <div class='ocr_carea' id='block_1_5' title="bbox 2058 2289 2098 3470">
    <p class='ocr_par' dir='ltr' id='par_1_13' title="bbox 2058 2289 2098 3470">
     <span class='ocr_line' id='line_1_37' title="bbox 2058 2289 2098 3470; baseline 0 0"><span class='ocrx_word' id='word_1_254' title='bbox 2058 2289 2098 3470; x_wconf 95' lang='lat' dir='ltr'> </span> 
     </span>
    </p>
   </div>
  </div>
 </body>
</html>
