2098 3470
342 316 411 362 372
815 318 969 356 PATms
997 320 1160 356 Humon
1167 329 1238 356 vm
1265 319 1415 357 NADAL

295 417 475 462 mittere
505 418 820 464 executionem
853 420 932 473 rei,
964 429 1009 464 et
1038 419 1205 465 referre
1238 422 1294 465 ad
1324 422 1685 466 commissarium
1719 424 1852 468 simul
1883 434 1930 471 et

293 494 633 550 prouincialem.

385 572 459 615 Ad
484 578 625 614 totam
650 572 866 618 rationem
897 574 1171 618 visitationis
1202 574 1426 618 iuuabunt
1465 576 1825 620 commissarium
1853 593 1923 633 ea,

295 663 411 704 quae
434 650 662 692 habentur
686 648 726 694 19
755 651 812 693 ad
841 651 977 695 finem
1009 650 1143 694 officii
1172 651 1477 707 prouincialis3
1508 652 1672 697 deinde
1700 669 1768 706 ea,
1810 668 1927 709 quae

258 767 263 772 ,
295 725 340 767 in
363 725 542 781 scriptis
565 733 610 770 et
631 725 1007 770 instructionibus
1031 727 1180 771 Patris
1199 728 1426 784 generalis
1442 736 1487 772 et
1511 731 1563 773 Ρ.
1591 730 1764 774 Natalis
1782 730 1931 774 conti--

293 810 473 847 nentur.
496 803 546 845 In
564 802 718 859 primis
736 818 843 846 vero
860 804 1224 858 constitutiones,
1245 805 1428 849 decreta
1445 806 1829 863 congregationis,
1857 822 1931 851 re·-

292 880 445 936 gulae,
469 879 751 933 traditioneS,
772 881 1130 925 consuetudines
1146 881 1402 935 Societatis,
1416 881 1642 925 iuuabunt
1660 883 1930 928 commissa--

292 955 408 999 rium
432 955 476 998 in
501 963 595 998 tota
613 955 1003 1000 administratione
1020 956 1091 999 sui
1113 957 1263 1001 officii.

381 1033 572 1076 Curabit
594 1033 945 1086 commissa-rius,
967 1042 1014 1075 vt
1032 1042 1241 1077 emantur
1256 1034 1373 1088 libri,
1395 1034 1431 1077 si
1455 1035 1532 1090 qui
1549 1035 1639 1078 sint
1660 1038 1926 1090 necessarii,

291 1110 364 1153 vel
387 1109 553 1166 alioqui
578 1110 743 1166 quibus
765 1110 927 1155 viderit
950 1125 1085 1167 egere
1107 1110 1367 1167 collegium,
1392 1112 1463 1155 vel
1486 1112 1542 1154 ad
1565 1112 1714 1156 studia
1741 1114 1922 1171 collegii*

290 1187 387 1230 fore
415 1187 562 1240 utiles,
587 1187 763 1231 etiamsi
785 1202 875 1230 non
899 1188 1139 1232 videantur
1161 1188 1417 1231 necessarii.

376 1264 682 1317 Examinabit,
724 1264 888 1320 quibus
924 1265 1049 1308 libris
1085 1265 1393 1321 spiritualibus
1431 1272 1613 1309 vtantur
1653 1268 1836 1319 fratres,
1872 1275 1923 1312 et

289 1341 466 1384 curabit
489 1348 537 1384 vt
566 1341 752 1384 vtilibus
781 1349 981 1395 vtantur3
1007 1343 1063 1384 de
1091 1342 1161 1384 his
1189 1341 1315 1384 libris
1343 1341 1575 1395 iudicabit,
1606 1343 1807 1386 adhibito
1835 1344 1916 1388 ali-

287 1432 378 1472 quo
401 1432 604 1470 censore,
630 1418 668 1461 si
690 1417 786 1474 ipse
808 1433 885 1461 eos
909 1433 996 1461 non
1022 1418 1164 1474 possit
1185 1419 1354 1474 legere,
1380 1419 1453 1462 vel
1474 1419 1642 1474 alioqui
1663 1434 1754 1462 non
1778 1420 1912 1463 norit.

376 1495 605 1551 Intelliget
634 1495 671 1538 si
701 1495 777 1551 qui
811 1495 900 1538 sint
932 1495 1081 1539 idonei
1110 1496 1166 1538 ad
1197 1495 1524 1551 professionem
1555 1496 1625 1540 vel
1654 1496 1812 1549 trium,
1843 1498 1917 1542 vel

288 1579 481 1627 quatuor
506 1579 731 1626 votorum,
756 1573 828 1616 vel
850 1580 898 1614 vt
921 1573 1031 1615 fiant
1061 1572 1236 1615 formati
1260 1571 1544 1615 coadiutores
1568 1573 1638 1615 vel
1660 1573 1922 1629 spirituales-

288 1650 362 1693 vel
386 1650 669 1706 temporales,
697 1656 741 1693 et
763 1649 799 1693 si
825 1649 1004 1704 quidem
1030 1649 1345 1705 particularem
1368 1650 1506 1693 habet
1529 1650 1788 1694 facultatem
1812 1650 1868 1694 2⁰
1889 1666 1922 1694 a

287 1729 423 1770 Patre
445 1726 664 1783 generali,
690 1733 739 1769 vt
762 1727 860 1770 illos
890 1734 1170 1783 promoueat,
1197 1727 1240 1769 id
1263 1726 1429 1783 poterit
1452 1727 1615 1779 facere,
1649 1728 1782 1769 modo
1804 1726 1914 1770 illud

283 1803 618 1846 consultissime
642 1803 793 1857 faciat;
815 1805 936 1859 quod
959 1804 994 1847 si
1014 1804 1122 1860 quid
1143 1810 1425 1860 compertum
1448 1803 1509 1845 illi
1533 1818 1624 1846 non
1647 1803 1721 1857 sit,
1747 1804 1918 1847 eonsu-

283 1881 346 1924 lat
368 1881 627 1937 generalem
650 1882 969 1938 praepositum.

372 1957 557 2002 Videbit
578 1957 614 2000 si
638 1958 715 2014 qui
737 1958 994 2001 declarandi
1017 1957 1107 2001 sint
1129 1957 1385 2001 scholastici
1409 1957 1657 2013 approbati,
1684 1966 1729 2002 et
1750 1957 1796 2000 id
1818 1957 1919 2014 ipse

282 2034 462 2090 poterit3
503 2041 752 2090 exequetur
787 2049 895 2078 vero
924 2049 1003 2091 per
1031 2034 1371 2091 prouincialem,
1402 2035 1475 2078 vel
1503 2033 1638 2077 etiam
1671 2042 1914 2087 rectorem,

281 2111 353 2154 vel
376 2111 487 2154 illud
509 2111 617 2167 ipsis
639 2110 886 2163 commitat,
919 2112 1042 2166 quod
1071 2110 1234 2154 rectori
1258 2117 1406 2166 potest
1433 2108 1480 2168 [?]
1523 2110 1842 2168 prouinciali[s]
1875 2118 1912 2153 ³,

369 2188 492 2231 Idem
516 2187 861 2240 animaduertet,
887 2187 1023 2243 si-qui
1051 2187 1348 2244 promouendi
1376 2187 1616 2231 videantur
1644 2186 1702 2237 in·
1720 2187 1908 2240 artibus,

281 2264 354 2309 vel
385 2264 630 2320 theologia,
662 2264 735 2308 vel
763 2264 819 2307 ad
848 2263 1028 2306 ordines
1055 2263 1404 2316 ecclesiasticos;
1435 2271 1480 2307 et
1508 2262 1545 2306 si
1579 2262 1656 2318 qui
1688 2278 1713 2306 e
1745 2263 1917 2307 nostris

282 2350 617 2384 sacramentum
640 2340 994 2384 confirmationis
1016 2355 1106 2383 non
1130 2346 1422 2396 acceperunt,
1448 2354 1526 2384 eos
1554 2339 1699 2395 primo
1729 2353 1914 2395 quoque

285 2425 492 2474 tempore
514 2417 846 2460 confirmandos
865 2424 1006 2460 curet.

372 2495 495 2548 Aget
518 2496 575 2539 de
598 2493 862 2537 fundatione
884 2495 1015 2550 plena
1036 2493 1333 2550 collegiorum
1352 2507 1528 2544 eorum,
1550 2506 1666 2547 quae
1683 2491 1771 2534 iam
1789 2491 1914 2548 prin-

279 2571 446 2628 cipium
471 2577 762 2627 acceperunt,
789 2577 884 2612 tum
908 2570 1042 2614 etiam
1065 2571 1121 2613 de
1143 2569 1275 2612 nouis
1303 2569 1507 2625 collegiis
1537 2568 1795 2621 fundandis,
1821 2582 1909 2623 qua

278 2648 323 2691 in
363 2663 411 2691 re
447 2657 664 2704 sequetur
703 2647 849 2691 Patris
887 2646 1111 2703 generalis
1143 2645 1507 2690 commissionem
1544 2645 1835 2702 peculiarem,
1871 2647 1910 2687 si

279 2740 413 2780 quam
437 2726 590 2778 habet3
617 2725 654 2768 si
677 2739 767 2767 non
789 2725 941 2776 habet,
968 2723 1143 2766 curabit
1165 2722 1418 2779 intelligere
1440 2721 1537 2766 eius
1559 2722 1838 2766 voluntatem
1861 2721 1909 2763 in

278 2803 347 2846 his
375 2802 594 2859 negociis:
621 2809 666 2846 et
694 2799 871 2845 interim
896 2815 1033 2857 agere
1054 2799 1235 2855 quidem
1267 2801 1324 2844 de
1356 2798 1697 2842 fundationibus
1724 2797 1906 2854 poterit,

276 2879 388 2923 nihil
413 2886 568 2922 tamen
598 2877 883 2929 concludere,
918 2878 959 2922 21
989 2876 1100 2920 nihil
1128 2876 1327 2933 polliceri
1360 2875 1619 2919 inconsulto
1653 2877 1788 2918 Patre
1822 2888 1906 2930 ge-

275 2956 435 3001 nerali.

342 3135 359 3152 a
409 3125 517 3159 Haec
535 3123 556 3158 8
576 3123 695 3159 verba
715 3123 804 3159 Nat.
825 3121 973 3158 addidit
993 3122 1249 3158 subobscure.
