2098 3470
314 263 384 301 290
786 256 940 293 PATms
965 257 1207 294 Hnmonvm
1234 258 1384 293 NADAL

265 364 434 412 egeant
473 356 659 413 spiritus
696 358 958 412 refectione,
983 358 1029 401 in
1053 374 1105 403 ea
1127 366 1439 412 exerceantur;
1471 359 1509 403 si
1541 359 1620 415 qui
1647 360 1783 405 etiam
1804 361 1895 407 sint

265 432 510 478 debiliores
538 433 716 490 spiritu,
749 435 822 480 uel
843 435 1115 487 dificiliores,
1142 443 1249 487 etc.‚
1281 443 1441 479 curent
1466 451 1543 493 per
1570 438 1894 482 confessarium

262 508 349 552 illis
371 511 604 555 subueniri
626 526 706 568 per
727 512 847 556 illam
869 513 1229 564 instructionem,
1255 527 1371 567 quae
1394 513 1683 569 peculiariter
1698 516 1806 559 data
1823 524 1894 560 est

261 601 341 642 pro
363 586 636 642 difficilibus,
663 590 827 644 quibus
844 590 955 632 illud
971 589 1256 646 peculiariter
1273 590 1437 646 poterit
1453 591 1658 644 concedi,
1678 599 1723 636 et
1741 592 1890 646 facile,

263 670 312 705 ut
335 663 453 707 intra
475 666 807 710 hebdomadam
829 668 1131 710 confiteantur
1152 674 1197 709 et
1220 667 1554 711 communicent
1577 670 1731 714 semel.

356 742 546 784 Pondus
575 742 796 796 carnium,
831 744 952 798 quod
980 743 1160 786 dabitur
1198 742 1428 797 fratribus,
1458 744 1542 787 erit
1579 759 1712 789 mane
1750 757 1776 799 7
1814 753 1893 789 aut

263 824 370 859 octo
392 817 646 871 vnciarum,
672 828 716 864 et
740 831 763 874 5
788 828 866 862 aut
894 835 974 863 sex
996 821 1053 862 ad
1081 834 1288 872 coenam3
1314 819 1350 863 si
1379 819 1488 876 quid
1525 821 1610 864 erit
1632 822 1891 867 addendum

262 903 445 950 propter
467 909 586 948 ossa,
611 895 828 940 iudicabit
850 897 1067 952 superior.

350 971 550 1015 Curetur
572 980 623 1015 ut
645 974 902 1017 sacerdotes
924 980 969 1016 et
994 974 1168 1024 fratres,
1195 980 1372 1028 praeter
1393 973 1611 1027 officium,
1631 976 1754 1030 quod
1775 975 1892 1019 reci-

261 1054 375 1100 tant,
396 1055 441 1092 et
463 1049 631 1105 duplex
652 1064 841 1092 examen
863 1049 1182 1101 conscientiae,
1208 1050 1365 1093 saltem
1388 1050 1580 1094 mediam
1604 1053 1760 1094 horam
1782 1053 1892 1097 dent

259 1125 558 1178 meditationi,
585 1126 623 1169 si
641 1126 718 1182 qui
740 1128 936 1170 fructum
954 1126 1134 1182 capiant
1156 1140 1212 1169 ex
1234 1126 1323 1178 illa;
1349 1126 1419 1169 sin
1442 1126 1606 1180 minus,
1628 1129 1785 1185 legant
1807 1112 1889 1172 ali-

259 1203 369 1256 quid
386 1205 571 1256 deuote,
591 1218 683 1246 non
702 1211 751 1246 ut
773 1203 1029 1259 intelligant
1047 1203 1304 1259 praecipua,
1326 1204 1405 1246 sed
1428 1211 1478 1247 ut
1500 1211 1704 1260 gustent,
1723 1205 1890 1249 sisten-

258 1283 318 1325 do
339 1281 387 1324 in
408 1281 538 1333 locis,
563 1281 620 1324 ad
643 1282 844 1333 modum,
870 1281 947 1336 qui
970 1279 1244 1336 praecipitur
1267 1280 1311 1324 in
1334 1281 1424 1324 fine
1446 1281 1762 1325 exercitiorum
1788 1284 1816 1326 ¹.

346 1360 584 1403 Habeatur
605 1357 651 1400 in
674 1358 865 1403 ecclesia
886 1365 1039 1400 nostra
1064 1365 1239 1400 tantum
1261 1359 1411 1402 oleum
1434 1358 1734 1412 infirmorum,
1765 1361 1888 1416 quod

253 1436 447 1493 singulis
469 1436 600 1479 annis
621 1435 746 1497 iuxta
769 1434 1149 1479 consuetudinem
1165 1435 1382 1478 ecclesiae
1400 1435 1647 1491 accipiatur
1665 1437 1722 1480 ab
1740 1438 1888 1482 eccle-

254 1514 321 1557 sia
342 1513 605 1558 cathedrali.

341 1592 393 1634 In
415 1590 615 1634 sacrario
647 1589 880 1633 sacristiae
905 1588 1046 1645 possit
1069 1589 1260 1632 alicuius
1282 1589 1464 1643 nobilis,
1495 1591 1569 1633 uel
1591 1589 1776 1634 omnino
1805 1590 1888 1635 ali-

253 1668 399 1720 cuius,
425 1667 499 1710 cui
523 1667 652 1711 facile
676 1666 934 1724 persuaderi
966 1680 1056 1708 non
1085 1673 1238 1722 posset
1268 1674 1317 1709 ut
1345 1666 1391 1708 in
1421 1666 1612 1711 ecclesia
1645 1668 1887 1711 confitere·

250 1752 340 1798 tur,
380 1744 608 1789 confessio
647 1743 807 1788 audiri:
849 1743 993 1799 possit
1031 1742 1167 1787 etiam
1206 1738 1368 1786 horum
1407 1743 1636 1787 confessio
1672 1743 1818 1787 audiri
1839 1744 1886 1787 in

250 1825 391 1874 choro
415 1836 582 1878 magno
604 1829 650 1866 et
673 1835 817 1877 paruo
839 1819 1065 1876 superius.
1375 1871 1379 1875 ἱ

338 1899 464 1943 Nihil
487 1913 546 1943 ex
568 1898 788 1949 sacristia,
811 1898 932 1953 quod
949 1897 1315 1942 benedictionem
1333 1896 1530 1952 aliquam
1547 1898 1734 1954 habeat,
1758 1897 1884 1941 adhi-

187 1976 192 1979 ’
251 1978 414 2020 beatur
429 1976 477 2019 in
494 1975 757 2020 comoediis.

341 2055 458 2098 Cum
481 2067 562 2109 pro
598 2052 842 2108 sepulturis
880 2052 952 2095 uel
991 2051 1089 2094 aliis
1121 2052 1258 2095 rebus
1292 2052 1531 2107 pulsantur
1569 2065 1815 2108 campanae
1837 2051 1883 2096 in

251 2130 464 2174 omnibus
493 2129 687 2185 templis,
713 2128 750 2172 si
778 2129 824 2171 id
853 2130 930 2172 fiat
958 2128 1084 2171 iussu
1124 2127 1319 2171 caesaris
1349 2129 1423 2172 uel
1454 2127 1672 2194 episcopi,
1705 2126 1886 2172 uidetur

251 2207 410 2264 negari
433 2222 524 2251 non
549 2220 698 2262 posse,
723 2205 901 2249 tametsi
930 2206 1103 2250 moneri
1137 2212 1289 2262 posset
1310 2205 1551 2261 episcopus
1573 2220 1631 2249 ne
1662 2219 1746 2248 nos
1767 2204 1884 2248 obli-

250 2294 383 2342 garet
416 2284 473 2326 ad
496 2285 616 2326 hanc
648 2282 1042 2334 consuetudinem,
1078 2297 1194 2338 quae
1222 2297 1313 2324 non
1342 2289 1411 2324 est
1439 2281 1485 2324 in
1514 2281 1759 2326 Societate.
1791 2282 1883 2324 Pro

249 2360 499 2418 sepulturis
530 2359 865 2417 particularium
891 2359 1124 2402 hominum
1152 2374 1244 2402 non
1274 2359 1454 2402 uidetur
1481 2359 1771 2415 pulsandum,
1797 2357 1884 2402 nisi

250 2439 451 2483 habeant
472 2438 545 2480 ius
567 2437 844 2493 sepulturae,
870 2437 927 2480 de
951 2451 1041 2491 quo
1063 2435 1235 2478 dictum
1256 2435 1471 2479 est,.alias.

338 2515 388 2560 Si
425 2514 527 2570 quis
564 2513 752 2570 sepeliat
782 2520 1011 2555 mortuum
1041 2527 1173 2555 suum
1202 2512 1248 2554 in
1278 2511 1485 2563 ecclesia,
1511 2519 1556 2555 et
1583 2526 1676 2554 non
1707 2510 1883 2556 reficiat

250 2592 579 2649 pauimentum,
604 2591 740 2635 debet
757 2589 879 2646 exigi
902 2590 958 2632 ab
979 2589 1044 2632 eis
1070 2596 1117 2632 ut
1139 2589 1250 2631 illud
1273 2588 1491 2632 reficiant.

337 2669 517 2720 Nullus,
543 2667 677 2712 etiam
700 2666 738 2710 si
760 2667 831 2709 ius
852 2668 1015 2709 habeat
1039 2667 1298 2722 sepulturae
1326 2665 1372 2708 in
1402 2666 1571 2721 templo
1602 2673 1774 2719 nostro,
1799 2665 1881 2709 de-

249 2747 325 2789 bet
347 2746 468 2802 apud
489 2759 572 2788 nos
593 2742 788 2799 sepeliri,
813 2742 850 2785 si
874 2749 1154 2798 compertum
1177 2742 1236 2784 sit
1253 2756 1357 2784 eum
1380 2757 1480 2786 esse
1501 2734 1796 2787 haereticum.

338 2821 538 2865 Possunt
560 2820 701 2864 nostri
726 2820 971 2874 celebrare,
998 2819 1132 2862 etiarn
1150 2818 1463 2874 praesentibus
1479 2817 1736 2871 haereticis,
1761 2825 1812 2861 ut
1823 2833 1880 2863 ex

248 2900 545 2942 concessione
569 2896 815 2954 apostolica
838 2910 1106 2939 concessum
1129 2896 1364 2938 habemus.

322 3009 331 3027 ¹
383 3005 427 3040 Id
453 3010 528 3050 est,
554 3003 768 3040 secundum
792 3003 961 3049 aliquem
986 3014 1034 3037 ex
1060 3001 1184 3036 tribus
1209 3001 1334 3036 modis
1358 3001 1507 3047 orandi,
1525 3001 1592 3048 qui
1617 3001 1809 3036 habentur
1831 3000 1879 3036 ad

245 3064 363 3100 finem
382 3070 542 3111 quartae
559 3062 839 3100 hebdomadae.
