2098 3470
311 303 377 340 174
638 288 642 292 ’
783 296 938 332 PATms
963 297 1207 333 HlssRONYMI
1235 297 1384 333 NADAL

266 404 417 441 autem
439 397 623 440 omnino
645 397 795 442 omnia
817 400 930 443 haec
969 406 1267 455 praestamus,
1298 400 1422 442 nullo
1454 414 1535 456 pro
1567 401 1721 446 labore
1743 382 1901 446 nostro

266 474 326 519 45
348 473 470 532 (163)
493 482 571 518 aut
595 475 844 520 ministerio
868 475 1095 532 stipendio
1118 484 1322 532 accepto.

358 552 433 595 Ad
455 553 566 595 haec
589 559 815 594 uocantur
843 552 1000 595 nostri.
1039 553 1168 595 Haec
1198 559 1304 594 sunt
1341 559 1495 595 nostra
1525 553 1789 598 ministeria:
1815 554 1902 598 alia

268 613 626 684 nullasPropter
648 629 760 672 haec
785 628 993 673 Societas
1015 628 1222 672 instituta
1245 636 1330 672 est.
1358 629 1496 681 Hinc,
1520 637 1569 672 ut
1587 645 1641 674 ex
1661 630 1836 687 princip
1855 645 1898 684 o,

268 705 382 749 ratio
404 713 584 761 sumpta
615 713 684 750 est
712 705 925 758 instituti,
951 720 1067 760 quae
1095 705 1337 761 exponitur
1370 706 1415 748 in
1454 706 1711 763 diplomatis
1732 708 1902 751 confir-

270 781 498 825 mationis.
886 774 891 783 ¹

358 860 464 915 Quo
486 860 538 902 fit
559 867 758 903 nostram
783 859 1066 916 religionem,
1093 859 1452 904 monachismum
1475 875 1565 903 non
1588 875 1704 914 esse3
1730 875 1815 906 nec
1847 876 1903 905 ex

269 936 442 979 ratione
464 937 654 980 aliorum
680 936 957 993 regularium
990 937 1166 981 censeri
1194 938 1377 990 debere,
1404 938 1485 982 sed
1522 945 1578 982 ex
1609 952 1692 981 suo
1722 937 1902 994 proprio

270 1013 362 1057 fine
384 1021 430 1057 et
451 1013 611 1058 mediis
633 1015 690 1058 ad
712 1015 849 1057 finem
872 1014 1156 1059 necessariis.

359 1090 432 1133 Fit
453 1090 617 1134 deinde
639 1090 931 1143 Societatem,
957 1106 982 1134 e
1004 1105 1086 1133 sua
1108 1091 1359 1135 substantia
1382 1099 1429 1135 et
1457 1091 1683 1145 instituto,
1704 1106 1805 1136 esse
1829 1107 1902 1136 re-

274 1167 487 1224 ligionem
513 1167 912 1223 contemplatiuam
934 1167 1068 1210 simul
1090 1173 1135 1211 et
1158 1168 1367 1211 actiuam.

362 1245 774 1300 Contemplatiuam
802 1244 942 1287 vitam
976 1259 1241 1289 exercemus
1279 1245 1585 1298 meditatione,
1617 1246 1820 1290 oratione
1859 1253 1905 1290 et

272 1322 474 1365 omniurn
497 1321 814 1366 exercitiorum
838 1321 1140 1377 spiritualium
1163 1322 1370 1379 diligenti
1388 1330 1433 1367 et
1449 1330 1667 1379 perpetuo
1687 1336 1788 1366 usu.
1810 1323 1905 1368 Ne—

270 1413 359 1454 que
381 1398 502 1442 enim
524 1398 621 1442 sine
644 1398 736 1441 vita
758 1398 996 1454 spirituali,
1022 1413 1157 1454 quam
1180 1407 1422 1443 conseruat
1443 1400 1604 1452 oratio,
1626 1398 1764 1444 vitam
1788 1399 1904 1443 acti—

276 1490 379 1519 uam
402 1489 615 1520 exercere
638 1490 718 1531 pro
740 1475 966 1532 dignitate
989 1483 1141 1531 posset
1164 1476 1382 1535 Societas.

365 1552 535 1613 Actiua
556 1552 650 1595 vita
672 1552 717 1594 in
741 1552 971 1597 Societate
993 1563 1062 1596 est
1085 1553 1336 1609 multiplex.
1366 1553 1583 1597 primaria
1606 1554 1788 1610 quidem
1811 1553 1902 1606 illa,

275 1644 391 1685 quae
423 1629 470 1673 in
500 1629 681 1673 actione
710 1629 1018 1674 excellentiori
1056 1637 1281 1682 uersatur,
1308 1630 1612 1686 praedicandi,
1637 1630 1836 1688 legendi,
1861 1638 1907 1675 et

275 1707 467 1750 aliorum
506 1706 856 1751 ministeriorum
895 1706 1195 1762 spiritualium
1212 1742 1221 1760 ,
1266 1722 1383 1763 quae
1414 1715 1673 1764 competere
1715 1706 1906 1764 simplici

274 1783 501 1828 sacerdoti
539 1791 745 1839 possunt,
779 1791 875 1826 tum
912 1783 1167 1826 studiorum
1199 1784 1582 1828 scholasticorum.
1624 1783 1907 1829 Secundaria

276 1875 385 1904 uero
408 1868 618 1904 uersatur
639 1860 686 1903 in
721 1875 908 1916 operum
939 1860 1271 1903 misericordiae
1299 1861 1599 1916 corporalium
1634 1860 1900 1906 ministerio.

366 1938 500 1982 Vnde
524 1944 705 1980 constat
728 1937 1023 1993 multiplicem
1062 1952 1162 1982 esse
1191 1937 1432 1980 Societatis
1471 1937 1752 1994 religionem,
1778 1937 1908 1993 quasi

274 2016 311 2059 si
334 2015 476 2070 dicas,
507 2015 672 2057 multas
702 2014 945 2070 religiones
982 2015 1029 2056 in
1062 2029 1197 2057 vnam
1221 2016 1454 2068 conflatas,
1479 2014 1636 2058 diuino
1665 2014 1905 2060 beneficio.

274 2093 484 2136 Instituta
512 2099 580 2135 est
609 2091 729 2135 enim
762 2092 982 2144 Societas,
1019 2099 1115 2135 tum
1150 2093 1207 2134 ad
1240 2091 1684 2147 contemplationem,
1717 2099 1813 2134 tum
1852 2093 1909 2134 ad

275 2169 659 2226 praedicationem
681 2176 726 2211 et
747 2168 1057 2212 confessiones
1079 2168 1345 2212 audiendas:
1372 2169 1428 2211 ad
1447 2169 1532 2211 alia
1550 2168 1796 2212 ministeria
1813 2169 1908 2225 spi-

276 2246 469 2289 ritualia:
496 2247 552 2288 ad
575 2260 709 2301 opera
738 2244 1071 2289 misericordiae
1100 2245 1352 2301 corporalia
1383 2246 1652 2289 exercenda:
1678 2255 1909 2301 postremo

275 2324 333 2368 ad
355 2324 647 2366 studendum:
674 2322 728 2364 ad
768 2323 882 2365 haec
920 2322 1039 2364 enim
1064 2322 1216 2365 omnia
1254 2338 1310 2366 ex
1346 2322 1552 2365 doctrina
1591 2323 1907 2379 theologorum

276 2399 452 2443 institui
476 2399 721 2455 religiones
738 2406 942 2454 possunt.
1660 2448 1664 2454 1

369 2478 436 2519 Ex
460 2476 532 2519 his
551 2478 617 2532 (ut
639 2482 708 2520 est
731 2482 822 2517 tam
846 2475 1027 2531 copiosa
1044 2466 1230 2519 'nostrae
1253 2475 1485 2532 religionis
1513 2476 1643 2528 ratio,
1670 2483 1760 2519 tarn
1791 2477 1908 2520 mul—

211 2556 215 2559 ’
279 2554 447 2610 tiplicia
469 2552 734 2605 ministeria,
761 2559 852 2594 tam
875 2551 1089 2605 difficilia,
1111 2560 1202 2596 tam
1222 2552 1458 2609 laboriosa)
1478 2553 1682 2608 sequitur
1707 2567 1807 2597 esse
1829 2554 1910 2596 de-

277 2632 385 2675 bere
423 2637 601 2673 nostras
638 2629 945 2686 probationes,
978 2630 1077 2674 siue
1114 2629 1393 2672 nouiciatum
1431 2629 1826 2687 diligentissimum
1864 2637 1911 2674 et

277 2707 559 2759 diuturnum;
581 2705 802 2750 rationem
826 2706 1111 2750 obedientiae
1130 2706 1479 2760 exactissimam3
1502 2721 1680 2750 omnem
1699 2707 1819 2750 vitae
1837 2722 1908 2756 re-

278 2784 466 2839 ligiosae
487 2798 639 2837 usum,
660 2783 809 2839 quoad
827 2783 886 2827 46
907 2783 1063 2841 (163)v
1080 2782 1178 2826 eius
1195 2782 1292 2826 fieri
1310 2790 1476 2839 potest,
1496 2785 1769 2839 perfectum.
1791 2785 1909 2827 Tum

279 2861 431 2912 etiam,
457 2875 561 2904 cum
584 2861 674 2903 sint
699 2868 788 2903 tam
807 2861 992 2913 multae,
1015 2867 1104 2903 tam
1123 2875 1335 2916 magnae,
1357 2868 1446 2903 tam
1469 2859 1750 2904 necessariae
1771 2875 1910 2904 occu-

280 2938 501 2993 pationes,
528 2946 578 2980 ut
601 2946 726 2994 puta,
753 2953 810 2982 ne
833 2937 1009 2982 animae
1030 2945 1236 2993 pereant,
1259 2952 1338 2993 pro
1362 2937 1527 2991 quibus
1550 2937 1758 2980 Christus
1774 2939 1911 2995 Jesus

279 3014 524 3058 crucifixus
547 3022 592 3060 et
617 3022 823 3057 mortuus
845 3022 929 3068 est,
956 3014 1068 3057 alios
1091 3014 1204 3056 ritus
1227 3013 1540 3058 existimamus
1573 3029 1664 3056 non
1693 3029 1793 3059 esse
1831 3030 1910 3073 no-

281 3091 351 3134 bis
372 3092 714 3145 conuenientes,
740 3091 817 3147 qui
840 3091 1057 3147 impedire
1081 3099 1233 3134 nostra
1258 3090 1503 3135 ministeria
1533 3091 1720 3147 possint3
1747 3102 1797 3134 ut
1825 3091 1913 3134 alia
