2098 3470
796 231 1223 269 Ius-mucrmnsss-ffl
1711 229 1782 276 433

192 336 378 382 natione
399 336 730 394 deprehendat,
753 335 800 378 in
822 333 911 389 his,
935 347 1054 390 quae
1080 331 1166 376 sibi
1194 338 1399 377 reseruat
1426 331 1824 388 superintendens,

193 413 456 458 desiderari.
740 404 745 406 i

283 491 572 535 Conferenda
594 497 747 534 autem
767 495 838 534 est
863 487 1110 544 exequutio
1138 485 1272 530 officii
1295 485 1368 531 168
1389 485 1460 529 sui
1489 500 1593 529 cum
1616 486 1803 542 superin
1817 510 1829 517 -

194 568 410 612 tendente
432 566 650 623 quotidie3
680 566 728 610 in
750 580 918 622 genere
945 564 1128 620 quidem
1150 564 1209 608 de
1236 562 1465 615 omnibus,
1489 563 1535 606 in
1565 563 1830 619 particulari

191 651 362 699 autem,
386 644 425 688 si
446 644 555 700 quid
575 644 636 687 sit
662 643 727 687 rei
749 641 987 700 grauioris.

283 722 640 778 Superintendat
675 727 825 765 rector
855 719 1114 764 immediate
1149 718 1194 761 in
1228 718 1485 761 ministrum
1518 725 1564 761 et
1596 718 1695 762 eius
1727 719 1829 761 offi-

193 797 332 851 cium,
356 799 480 841 hunc
501 797 622 842 enim
643 799 782 840 habet
803 795 1115 840 immediatum
1134 803 1181 839 et
1203 795 1478 851 peculiarem
1500 802 1830 850 exequutorem

195 890 365 930 rerum,
399 890 512 930 quas
544 874 640 931 ipse
672 873 915 926 ordinabit,
950 873 1052 916 illae
1083 887 1193 917 vero
1223 878 1375 925 erunt,
1407 885 1706 927 quascunque
1739 887 1830 914 non

194 951 281 996 sibi
301 951 554 1010 reseruabit
581 949 977 1008 superintendens.

284 1029 641 1085 Superintendet
661 1028 796 1071 etiam
815 1027 860 1070 in
877 1026 1221 1070 subministrum
1245 1034 1291 1071 et
1313 1026 1425 1070 alios
1446 1027 1683 1079 officiales,
1708 1027 1830 1082 quod

194 1105 372 1151 etiamsi
390 1120 467 1162 per
485 1105 596 1149 alios
613 1105 748 1150 faciet
764 1104 1006 1158 ordinarie,
1026 1104 1123 1160 ipse
1141 1111 1292 1148 tamen
1309 1103 1570 1160 inuigilabit
1587 1103 1634 1146 in
1652 1118 1828 1155 omnes,

194 1197 290 1227 non
311 1184 458 1226 solum
480 1182 715 1235 officiales,
738 1183 820 1227 sed
846 1181 984 1226 etiam
1006 1181 1210 1238 priuatos
1231 1195 1405 1225 omnes.

285 1259 564 1304 Obseruabit
584 1260 622 1302 si
645 1259 754 1316 quid
776 1274 868 1302 non
890 1274 946 1304 ex
969 1258 1129 1303 ordine
1144 1259 1240 1312 fiat,
1259 1258 1296 1301 si
1315 1258 1393 1314 qui
1415 1258 1507 1301 sint
1524 1257 1732 1313 inquieti,
1758 1258 1832 1302 vel

195 1336 373 1381 tentati:
393 1350 449 1379 ex
466 1336 621 1380 officio
638 1351 748 1380 vero
764 1335 818 1379 iis
837 1337 972 1379 rebus
990 1335 1262 1392 prouidebit,
1282 1335 1367 1379 nisi
1385 1335 1627 1378 videantur
1644 1335 1830 1391 grauio-

195 1428 285 1477 reS,
309 1427 445 1469 quam
469 1420 518 1456 vt
539 1414 664 1457 solus
686 1428 763 1458 eas
784 1414 949 1456 debeat
970 1427 1124 1469 agere.

217 1575 220 1578 ⁴
284 1531 359 1578 ¹69
737 1545 857 1576 vsus
880 1546 1059 1576 omnen
1083 1545 1302 1576 M1NISTR1

283 1645 493 1690 Minister
522 1645 637 1689 sciat
668 1659 717 1689 se
749 1660 850 1689 esse
886 1645 1239 1689 instrumentum
1270 1645 1583 1690 immediatum
1617 1647 1824 1700 rectoris,

195 1736 280 1767 nec
303 1736 405 1768 esse
427 1711 626 1778 aliquid:
639 1723 762 1778 quod
788 1722 872 1779 ipsi
895 1737 952 1766 ex
983 1722 1136 1765 officio
1163 1722 1411 1775 incumbat,
1445 1723 1531 1766 nisi
1562 1738 1679 1778 quae
1708 1724 1830 1766 acci·

194 1799 288 1856 piet
318 1799 522 1844 curanda
552 1815 578 1844 a
609 1800 1014 1856 superintendente
1046 1800 1120 1844 vel
1151 1806 1344 1852 rectore3
1380 1814 1485 1844 eum
1522 1800 1644 1844 enim
1682 1801 1831 1844 omnia
1879 1834 1884 1839 .

195 1883 303 1934 agat
324 1876 702 1933 superintendens
723 1891 804 1933 per
826 1885 1051 1921 rectorem
1074 1876 1350 1929 immediate,
1377 1885 1422 1922 et
1446 1877 1726 1921 ordinarium
1759 1894 1831 1922 re-

195 1953 311 1998 ctori
332 1954 490 1998 datum
511 1953 570 1997 sit
591 1953 811 2006 officium,
846 1953 1069 2006 actiones,
1104 1969 1218 2010 quas
1247 1954 1321 1997 hic
1355 1970 1435 2011 per
1468 1970 1517 2000 se
1550 1955 1716 2011 exequi
1738 1970 1831 1998 non

195 2038 363 2088 potest,
395 2046 472 2076 eas
493 2031 752 2076 immediate
774 2039 904 2088 geret
926 2046 1006 2087 per
1036 2031 1307 2075 ministrum.
1334 2032 1508 2088 Itaque,
1536 2047 1654 2088 quae
1682 2040 1831 2077 rector

194 2122 287 2152 non
323 2108 489 2165 poterit
526 2109 599 2152 vel
623 2099 814 2153 'debebit
847 2108 1010 2164 exequi
1044 2123 1123 2165 per
1154 2124 1219 2162 se,
1255 2124 1308 2152 ea
1342 2095 1595 2154 committet
1627 2111 1829 2166 gerenda

193 2184 418 2228 ministro.
572 2199 589 2207 ⁸

283 2261 484 2306 Habebit
515 2275 681 2315 rector,
715 2277 832 2318 quae
864 2262 1090 2306 ordinarie
1117 2277 1198 2319 per
1225 2263 1480 2307 ministrum
1509 2273 1655 2321 geret,
1688 2274 1736 2307 vt
1758 2280 1830 2307 res

196 2338 493 2396 particulares
513 2340 676 2382 domus
697 2353 855 2384 omnes
884 2341 1149 2393 obseruare,
1180 2340 1453 2384 officialibus
1480 2341 1719 2385 ordinariis
1747 2342 1830 2383 do-

195 2429 299 2458 mus
326 2416 718 2472 superintendere,
750 2423 799 2459 vt
828 2431 912 2459 suo
940 2416 1093 2459 officio
1122 2417 1376 2474 fungantur
1396 2431 1574 2470 curare,
1599 2425 1645 2461 et
1667 2433 1762 2461 non
1784 2418 1828 2460 id

194 2492 360 2545 solum,
383 2493 465 2537 sed
487 2507 646 2537 omnes
666 2501 817 2549 partes
844 2494 1007 2536 domus
1035 2495 1296 2547 obseruare,
1328 2501 1374 2539 et
1396 2508 1555 2537 omnes
1579 2509 1728 2538 rerum
1752 2509 1827 2536 va-

195 2568 396 2622 rietateS‚
423 2571 598 2622 PatreS,
623 2571 696 2613 vel
718 2570 896 2624 fratres,
922 2585 1031 2613 num
1054 2585 1140 2614 suo
1162 2571 1315 2615 officio
1337 2580 1381 2615 et
1411 2572 1639 2616 exercitiis
1669 2585 1828 2614 omnes

194 2645 463 2703 fungantur,
499 2652 547 2688 vt
576 2646 718 2702 possit
748 2661 806 2690 ex
837 2646 910 2690 his
942 2648 1111 2692 referre
1139 2647 1212 2693 ¹70
1232 2649 1290 2691 ad
1312 2656 1551 2699 rectorem,
1588 2649 1659 2690 vel
1689 2662 1827 2703 agere

196 2736 315 2779 quae
335 2722 421 2766 sibi
442 2738 499 2767 ex
521 2723 840 2769 commissione
861 2723 1035 2769 licebit.

282 2800 424 2843 Extra
445 2799 648 2844 ordinem
669 2800 820 2856 aliqua
842 2801 1008 2857 poterit
1037 2802 1143 2859 (quo
1172 2801 1328 2844 maiori
1358 2802 1444 2845 erit
1474 2802 1644 2844 talento
1670 2808 1717 2843 et
1745 2803 1827 2842 ha-

193 2875 368 2920 bilitate
389 2876 621 2933 praeditus
641 2876 859 2932 minister)
881 2877 946 2920 illi
967 2877 1250 2922 committere
1272 2886 1434 2929 rector,
1462 2892 1578 2932 quae
1600 2876 1826 2920 ordinarie

193 2959 400 3009 spectare
419 2953 697 2997 videbuntur
716 2953 884 3010 alioqui
906 2954 1054 3010 magis
1075 2955 1134 2997 ad
1155 2954 1356 2998 officium
1382 2954 1585 2997 rectoris.

284 3029 549 3074 Ordinarias
570 3030 872 3086 poenitentias
893 3030 1062 3087 poterit
1090 3032 1197 3074 dare
1228 3031 1432 3075 minister
1465 3045 1520 3074 ex
1554 3030 1826 3074 comissione

371 3105 488 3134 Eun.
510 3105 548 3134 P.
567 3105 705 3140 Naum,
724 3113 805 3133 rou.
827 3105 892 3134 lv.
1463 3130 1470 3140 ,
1614 3106 1650 3133 29
