2098 3470
505 253 637 290 limax
661 261 958 301 Pensomntm,
987 262 1133 292 RERUM
1159 264 1214 292 AC
1239 264 1443 293 Locoatm

150 352 368 399 Denuntio,
387 353 472 399 642,
490 353 578 400 644,
594 354 682 399 692,
700 353 876 399 844·848.

151 411 370 456 neta-actio,
389 411 476 459 380,
492 411 580 459 403,
598 421 688 459 470.

151 470 280 517 Deus,
294 470 348 509 O.
373 472 448 518 M.,
474 477 610 508 auctor
631 477 788 507 nostrae
805 471 936 507 Socie-

199 530 305 577 tatis,
327 531 409 575 1663
423 530 612 578 quidquid
625 531 717 567 boni
730 532 850 567 habet
869 531 937 567 So-

199 587 323 626 cietas
339 600 363 625 a
386 590 473 625 Deo
497 601 565 636 per
587 589 810 626 institutum
828 601 936 625 acce-

199 647 273 696 pit,
294 649 375 696 168,
396 648 476 695 173,
505 658 587 694 175,
610 650 696 695 6493
721 651 776 685 nil
801 655 936 685 contra

202 707 331 744 Deum
347 706 477 744 facere
493 708 707 745 doceantur
723 707 935 755 principes,

201 773 286 814 2113
300 767 388 802 Deo
404 767 649 814 potissimum
664 767 936 803 commendan-

130 853 135 858 .
200 823 251 861 da
278 826 565 862 haereticorum
593 826 814 867 conversio,
852 826 936 869 218;

201 884 289 920 Deo
311 885 483 932 gratiora
502 892 609 929 sunt,
627 897 727 933 quae
750 885 851 922 fiunt
873 885 938 933 pie

200 949 337 980 contra
365 946 596 992 haereticos,
628 955 712 990 2193
743 946 829 981 sine
859 944 938 981 fide

201 1002 445 1050 impossibile
459 1006 614 1052 placere
627 1006 726 1050 Deo,
741 1013 827 1052 220;
845 1016 938 1052 quo-

197 1052 318 1100 ⁵modo
334 1063 444 1100 Deus
464 1069 647 1112 operatur
670 1065 710 1100 in
734 1064 937 1110 creaturis,

201 1132 287 1171 2203
305 1124 392 1161 sine
410 1125 496 1161 Deo
514 1126 568 1161 nil
593 1131 724 1172 potest
743 1137 854 1161 mens
872 1136 940 1160 no-

201 1186 283 1218 stra
298 1182 349 1219 ad
359 1185 525 1230 gratiam
539 1185 838 1234 assequendam,
854 1192 937 1228 2223

201 1240 330 1278 anima
363 1243 532 1280 hominis
565 1255 688 1292 capax
722 1244 818 1290 Dei,
855 1242 938 1286 223;

160 1324 162 1328 ,
201 1299 353 1337 animae
368 1301 463 1348 vita,
481 1303 608 1349 gratia
624 1304 715 1349 Dei,
732 1312 815 1347 2243
834 1313 941 1337 sum·

124 1379 127 1382 «
202 1368 308 1394 mum
336 1359 412 1395 Dei
442 1360 587 1396 donum
622 1361 815 1405 charitas,
849 1368 939 1404 2253

201 1417 390 1454 haeretici
419 1419 473 1455 nil
503 1425 667 1466 possunt
689 1424 825 1455 contra
853 1428 940 1462 nos,

201 1476 243 1512 ni
272 1478 382 1514 Deus
413 1479 471 1514 eis
500 1479 717 1526 permittat,
748 1487 830 1524 2273
863 1475 942 1511 Dei

201 1547 312 1572 amor
327 1536 367 1572 in
386 1538 498 1574 nobis
519 1537 727 1583 fovendus,
752 1545 835 1583 571,
853 1537 939 1583 642,

201 1595 287 1641 667,
304 1594 389 1643 6733
414 1596 463 1631 de
484 1597 570 1632 Deo
595 1602 635 1631 et
659 1596 734 1632 Dei
756 1596 940 1643 operibus

203 1653 492 1702 meditandum,
522 1655 700 1702 577·578;
732 1654 861 1691 omnia
890 1666 941 1691 ex

203 1713 344 1760 spiritu
360 1714 435 1750 Dei
449 1715 635 1762 cogitare,
655 1715 805 1760 audire,
819 1714 940 1762 loqui,

203 1779 287 1817 5793
313 1773 562 1820 praesentiae
587 1774 663 1809 Dei
685 1774 828 1820 praxis,
855 1773 937 1820 586,

204 1831 290 1876 615,
314 1821 398 1878 642:
424 1832 510 1878 651,
527 1832 613 1878 671,
630 1833 717 1878 6742
741 1832 828 1878 681²
854 1831 937 1868 688·

199 1889 285 1936 689;
302 1893 542 1938 exemplum,
566 1893 652 1937 645;
676 1893 840 1938 gloriam
864 1893 941 1928 Dei

200 1950 353 1996 quaerit
369 1949 562 1997 Societas,
576 1950 660 1995 6163
681 1952 767 1986 Deo
780 1952 854 1988 soli
872 1952 940 1987 mi-

201 2008 305 2052 litat,
334 2008 419 2056 6183
450 2009 525 2045 tria
553 2010 593 2045 in
627 2009 703 2045 Dei
737 2009 940 2045 beneficiis

201 2067 506 2114 consideranda,
540 2068 632 2113 6383
670 2068 745 2104 Dei
785 2069 941 2104 bonitas

201 2137 296 2173 erga
317 2127 511 2173 homines,
534 2128 708 2174 644-645;
738 2129 847 2164 Deus
871 2139 940 2175 per

200 2185 390 2222 exercitia
407 2186 449 2222 S.
470 2187 615 2233 Ignatii
629 2188 822 2223 ecclesiae
835 2188 940 2223 labo-

200 2244 302 2280 ranti
328 2246 534 2292 succurrit,
563 2246 654 2291 668,
686 2247 762 2283 Dei
793 2246 940 2282 miseri-

202 2303 336 2340 cordia
347 2315 437 2341 cum
451 2304 618 2353 propriis
627 2305 800 2353 peccatis
809 2305 939 2342 confe-

202 2362 338 2408 renda,
354 2371 440 2411 7173
454 2376 532 2412 quo
550 2370 664 2412 pacto
673 2365 784 2400 Deus
797 2364 941 2400 dicitur

120 2414 126 2417 ”
202 2421 380 2458 laborare
402 2422 442 2458 in
459 2423 662 2466 creaturis,
679 2423 852 2469 859-870;
874 2435 941 2458 va-

203 2480 281 2527 ria,
310 2480 483 2526 §So-583,
514 2490 598 2528 592,
625 2482 710 2529 59³,
738 2483 824 2528 619,
852 2481 940 2517 636-

184 2537 285 2585 638,
305 2538 478 2585 641-643,
495 2540 578 2586 646,
599 2540 682 2587 647,
701 2541 874 2586 672-681.

155 2597 399 2647 Devotiones
421 2597 682 2645 praedilectae
705 2599 745 2634 in
769 2598 940 2635 Societa-

204 2660 257 2700 te,
277 2657 365 2700 723.

155 2714 269 2761 Diaz,
287 2715 605 2764 christophorus,
624 2715 708 2762 193.

155 2774 269 2822 Diaz,
306 2774 354 2811 P.
394 2776 551 2822 Petrus,
586 2776 631 2812 S.
671 2777 726 2822 J.,
759 2783 822 2820 70,
856 2775 937 2821 187,

206 2837 290 2879 190·

154 2891 326 2939 Dicdus,
341 2893 388 2928 P.
402 2894 576 2940 Joannes
593 2892 655 2940 (Ρ),
673 2893 715 2930 S.
736 2894 790 2939 J.,
810 2893 890 2937 187.

154 2950 327 2987 Didacus
358 2952 418 2996 (in
447 2957 560 2988 textu
589 2952 778 2998 Diegus)‚
810 2952 851 2987 S.
884 2953 936 2998 J.,

91 3006 97 3013 ’
202 3010 402 3058 Dilingae,
424 3011 507 3046 260.

331 3111 450 3140 Ensr.
474 3111 516 3140 P.
538 3111 672 3144 Naum„
693 3118 774 3139 rou.
799 3110 864 3138 IV.

1674 258 1743 305 897

1011 353 1126 400 Diez,
1147 355 1190 392 Ρ.
1216 357 1430 401 Balthasar,
1452 358 1496 394 S.
1529 359 1590 405 J.,
1609 358 1649 394 in
1670 358 1790 405 india,

1060 413 1147 450 188.

1011 473 1169 520 Dilinga
1188 474 1438 521 (Dillingen),
1453 487 1558 523 opp.,
1573 488 1595 512 a
1608 478 1793 513 surrenti-

1058 543 1108 567 no
1141 533 1432 581 archiepiscopo
1472 535 1671 579 invisitur,
1707 545 1792 579 2123

1057 589 1262 626 instructio
1286 603 1308 627 a
1334 593 1463 628 Natali
1486 593 1575 629 data
1599 599 1638 629 et
1662 605 1794 630 emen-

1056 647 1158 692 data,
1186 649 1269 695 3243
1296 651 1453 697 collegii
1475 663 1567 687 cura
1591 652 1696 688 Patri
1719 653 1792 687 Ra-

1057 707 1263 743 bensteino
1293 709 1560 756 demandatur,
1588 711 1672 757 325,
1705 711 1789 758 326ς

1058 766 1207 802 Natalis
1242 768 1451 815 inspectio,
1487 778 1577 815 772,
1619 771 1791 816 779-780,

1055 826 1211 872 784-785
1223 838 1231 871 ;
1266 829 1474 874 collegium
1486 859 1495 876 ,
1539 831 1774 866 universitas
1783 858 1791 874 ,

1057 895 1114 931 29,
1135 885 1196 932 48,
1214 886 1275 932 93,
1294 887 1375 932 239,
1397 889 1482 934 7803
1501 895 1643 935 rector,
1659 902 1701 925 v.
1722 890 1792 926 Ca·

1057 945 1196 991 nisius,
1214 946 1496 983 Theodorieus.

1011 1003 1198 1039 Dimissio
1215 1016 1237 1039 e
1256 1004 1467 1051 Societate,
1492 1007 1574 1052 160,
1603 1008 1683 1053 162,
1708 1015 1794 1052 505-

1058 1062 1142 1109 508,
1161 1063 1243 1110 624,
1265 1066 1346 1110 627,
1368 1065 1450 1111 629,
1470 1065 1554 1109 630,
1581 1065 1668 1111 635.

1011 1121 1250 1157 Dionantum
1286 1123 1496 1169 (Dinant)‚
1537 1135 1630 1171 opp.
1666 1124 1794 1160 Colle-

1057 1181 1166 1226 gium
1185 1192 1207 1216 a
1228 1181 1359 1217 Natali
1384 1182 1564 1218 invisitur
1589 1189 1629 1218 et
1653 1184 1795 1219 instru-

1058 1241 1189 1276 ctione
1214 1241 1396 1283 donatur,
1423 1241 1593 1289 355-358,
1619 1252 1704 1288 79ος
1735 1255 1793 1278 re-

1059 1305 1156 1346 ctor,
1176 1308 1216 1336 v.
1238 1300 1443 1336 Minutius.

1012 1358 1228 1406 Dionysius
1243 1359 1496 1406 Areopagita,
1509 1360 1615 1396 Stus.
1625 1391 1632 1406 ,
1643 1360 1791 1407 script„

1014 1477 1227 1524 Dionysius
1260 1479 1453 1526 (Denys)‚
1490 1479 1537 1514 P.
1584 1480 1792 1525 Henricus,

1061 1536 1107 1573 S.
1129 1538 1183 1583 J.,
1199 1536 1283 1582 352.

1012 1595 1234 1642 Diplomata
1275 1596 1488 1642 apostolica
1531 1595 1579 1631 ad
1620 1595 1791 1631 Societa-

1059 1659 1140 1690 tem
1181 1655 1420 1702 spectantia,
1455 1654 1544 1700 375,
1580 1654 1670 1698 382,
1708 1654 1791 1700 390,

1058 1722 1143 1759 417-

1012 1773 1244 1820 Disciplina,
1264 1785 1304 1809 v.
1330 1774 1578 1819 Flagellatio.

1012 1834 1162 1870 Discoli
1185 1840 1225 1870 et
1248 1834 1486 1879 dimittendi,
1512 1833 1684 1879 387-388‚
1710 1832 1795 1887 394,

1060 1892 1233 1938 395·401.
1251 1893 1422 1938 438-440·
1592 1939 1597 1942 ,

1013 1952 1265 1999 Dispensatio
1283 1952 1322 1988 in
1336 1952 1512 1998 jejuniis,
1539 1951 1664 1986 officio
1682 1961 1796 1986 cano-

1058 2012 1170 2057 nico,
1203 2011 1487 2055 celebratione,
1520 2011 1679 2056 regulis,
1712 2018 1793 2054 275,

1059 2069 1145 2117 336,
1163 2069 1247 2116 413,
1267 2079 1352 2115 415,
1372 2070 1454 2115 536,
1477 2068 1647 2114 542-543·

1012 2129 1284 2176 Dispensator,
1308 2141 1348 2163 v.
1374 2128 1554 2162 Promus.

1012 2187 1309 2235 Disputationes
1326 2186 1597 2230 scholasticae,
1612 2194 1692 2230 249,
1712 2186 1796 2228 267,

1059 2247 1247 2292 567‚629-

1012 2306 1249 2342 Distributio
1273 2306 1476 2349 bonorum,
1498 2302 1583 2347 376,
1611 2311 1788 2347 500-501.

1012 2365 1214 2408 Divillers,
1239 2377 1278 2399 v.
1305 2363 1507 2399 Villarius.

1012 2425 1164 2470 Doctis,
1184 2424 1334 2470 Gaspar
1352 2423 1412 2465 de,
1439 2422 1679 2467 gubernator
1698 2419 1798 2454 Lau-

1059 2483 1146 2529 reti,
1171 2482 1340 2525 103-105.

1012 2543 1224 2578 Doctorum
1242 2540 1423 2585 insignia,
1447 2539 1534 2583 258.

1011 2600 1199 2635 Doctrina
1215 2597 1424 2634 christiana
1450 2595 1488 2630 in
1514 2594 1711 2630 Societate
1730 2593 1796 2627 do-

1059 2658 1196 2701 cenda,
1217 2657 1296 2702 237,
1320 2664 1401 2700 271,
1428 2653 1597 2699 277-278‚
1623 2660 1795 2698 494-495‚

1058 2718 1146 2752 620.

1011 2776 1283 2811 Domeneecus
1302 2772 1577 2817 (Domenech),
1598 2770 1640 2804 P.
1659 2769 1796 2803 Hiero-

1059 2844 1216 2879 nymus,
1234 2832 1275 2870 S.
1296 2832 1349 2877 J.,
1372 2838 1451 2874 142,
1467 2828 1554 2873 875.

1012 2891 1257 2927 Dominicani
1275 2890 1414 2925 fratres
1439 2889 1547 2923 litem
1569 2894 1702 2922 contra
1728 2886 1795 2919 Pa-

1060 2956 1138 2986 tres
1158 2951 1351 2985 toletanos
1380 2947 1594 2988 sustinent,
1624 2944 1794 2989 797-8183

1060 3009 1246 3054 magister
1269 3007 1481 3053 generalis,
1518 3017 1558 3039 V.
1597 3004 1794 3047 Cavallus;

1582 3104 1617 3131 58
