2098 3470
730 284 1164 322 Iusrnucrrousss—fir
1648 292 1718 331 579

218 391 392 436 Amare
413 396 460 435 et
480 395 638 446 optare
658 389 838 432 labores
857 387 916 431 ad
936 387 1075 432 finem
1097 386 1246 443 ipsum
1269 387 1661 443 consequendum.

220 460 502 514 obedientia
524 466 742 522 perfecta.

223 544 390 590 Oratio
411 542 613 600 practica
635 549 682 587 et
703 542 761 585 ad
782 555 897 599 opus
918 524 1124 586 cirtensa.

231 620 495 666 Humilitas.

227 697 522 754 Simplicitas.

230 777 376 821 Amor
397 771 779 818 mortificationis.

234 855 380 898 Amor
400 850 620 907 patiendi.

235 927 459 974 Modestia
481 935 526 971 et
548 927 803 972 aedificatio
824 926 872 970 in
892 926 1139 972 locutione.

237 1007 384 1050 Amor
404 1012 694 1060 contemptus
714 1004 802 1049 sui.
1194 1046 1204 1058 ,
1344 1050 1352 1056 ,

239 1087 324 1131 566
354 1081 607 1137 Diligentia
629 1082 682 1134 in·
697 1080 1097 1126 obseruationibus
1119 1080 1414 1136 quotidianis.
1441 1117 1443 1119 .

243 1161 320 1205 Ob
341 1159 499 1203 oculos
520 1159 686 1203 mentis
708 1166 927 1215 perpetuo
947 1159 1097 1202 Deum
1119 1158 1306 1203 habere.

243 1238 471 1282 Exercere
491 1235 692 1292 seipsum
714 1235 762 1278 in
789 1234 1129 1292 operationibus
1155 1235 1378 1279 virtutum
1407 1235 1787 1292 theologicarum,

0 1322 13 1362 ἰ’
112 1332 134 1337 ‘·
153 1313 423 1372 praesertim
445 1313 694 1356 charitatis.

247 1390 437 1435 Auxilio
459 1397 505 1434 et
526 1389 674 1446 gratia
695 1389 783 1433 Dei
805 1397 851 1434 et
872 1388 1138 1445 quotidiano
1160 1404 1248 1433 vsu
1275 1389 1362 1432 sibi
1389 1403 1651 1446 comparare
1680 1403 1792 1432 con-

154 1467 447 1512 suetudinem
470 1467 620 1510 Deum
642 1465 880 1522 diligendi,
905 1465 1035 1521 quasi
1056 1457 1278 1522 perpetu‘o
1305 1466 1505 1522 quodam
1533 1473 1657 1520 actu,
1682 1473 1728 1510 et
1749 1481 1798 1510 re

159 1544 279 1601 ipsa,
301 1543 366 1587 ita
386 1551 435 1585 vt
457 1557 637 1599 semper
657 1542 756 1586 eius
777 1557 930 1587 amore
952 1542 1143 1587 interius
1164 1557 1474 1597 commoueat,
1501 1543 1570 1586 vel
1600 1551 1704 1586 actu
1728 1543 1802 1587 vel

158 1621 326 1666 saltem
347 1619 532 1663 virtute.
557 1619 634 1664 Sic
655 1619 775 1663 enim
798 1620 877 1662 fiet
899 1619 1031 1662 facile
1052 1626 1103 1662 vt
1123 1619 1265 1663 veluti
1286 1618 1543 1663 substantia
1562 1626 1641 1663 aut
1659 1620 1803 1663 forma

167 1690 369 1754 omnium
393 1705 653 1741 nostrarum
681 1696 1001 1752 operationum
1028 1695 1087 1739 sit
1114 1696 1328 1750 charitas,
1363 1696 1515 1740 omnia
1543 1711 1680 1753 opera
1708 1711 1805 1740 me-

162 1774 323 1820 ritoria
350 1774 470 1818 vitae
498 1782 728 1826 aeternae.
762 1773 915 1818 Facile
942 1773 1063 1817 enim
1085 1773 1238 1817 omnia
1265 1788 1323 1818 ex
1343 1773 1421 1817 illo
1449 1774 1672 1831 principio
1694 1773 1806 1817 diri·

167 1859 359 1913 gentur.

261 1928 429 1974 Omnia
450 1943 507 1973 ex
528 1928 691 1984 spiritu
713 1927 816 1979 Dei,
843 1943 900 1972 ex
920 1928 1075 1980 corde,
1100 1935 1147 1973 et
1168 1928 1369 1985 practice
1390 1928 1611 1985 cogitare,
1633 1928 1808 1980 audire,

167 2013 222 2052 et
241 2005 383 2063 loqui:
408 2005 568 2062 spiritu
591 2005 774 2061 quidem
795 2004 900 2058 Dei,
928 2019 955 2048 a
977 2019 1068 2061 quo
1090 2005 1242 2049 omnia
1263 2005 1387 2049 bona
1409 2012 1560 2048 ortum
1578 2012 1624 2049 et
1641 2020 1812 2048 consu—

177 2083 419 2128 mationem
457 2083 646 2134 habent,
686 2081 910 2137 cuiusque
942 2072 1130 2125 diuinae
1165 2082 1392 2127 maiestati
1430 2082 1674 2125 tribuenda
1710 2090 1816 2125 sunt

170 2159 526 2206 omnia.-C0rde
554 2174 684 2212 vero,
713 2166 762 2202 vt
790 2173 960 2216 magno
987 2160 1184 2214 quodam
1213 2158 1452 2203 charitatis
1480 2160 1663 2211 ardore,
1689 2167 1734 2202 et
1762 2174 1816 2202 eo

144 2268 149 2273 -
171 2236 316 2281 animi
337 2237 412 2293 pio
434 2241 515 2284 567
537 2237 721 2288 affectu,
746 2237 927 2291 qualem
944 2250 1017 2279 res
1033 2237 1248 2293 postulat,
1267 2237 1327 2281 de
1348 2251 1439 2293 qua
1468 2236 1638 2293 agitur,
1665 2236 1816 2279 omnia

73 2298 78 2307 Δ
147 2362 151 2368 ,
176 2313 452 2372 cogitemus,
493 2312 747 2366 audiamus,
788 2314 1043 2369 loquamur,
1087 2327 1294 2369 agamus.
1331 2313 1539 2357 Praetice
1567 2320 1737 2364 autem,
1768 2320 1819 2355 vt

78 2426 82 2428 ἡ
148 2390 332 2435 μ(πῐιῐιίει
363 2390 620 2447 dirigantur
647 2391 704 2433 ad
733 2390 1014 2446 operandum
1045 2390 1103 2432 ad
1129 2389 1348 2433 maiorem
1379 2390 1573 2446 gloriam
1604 2390 1688 2433 Dei
1716 2404 1819 2432 eum

178 2467 284 2511 eius
304 2467 452 2524 gratia
473 2474 519 2509 et
542 2467 710 2510 auxilio
737 2468 766 2509 ¹.

274 2544 326 2587 In
345 2544 687 2600 operationibus
709 2542 923 2586 omnibus
945 2555 974 2597 4
997 2543 1219 2600 principia
1251 2557 1511 2599 sequemur.
1546 2543 1766 2596 Primum,
1797 2560 1822 2586 a

72 2624 74 2626 '
113 2613 122 2661 J
181 2634 280 2676 quo
298 2620 451 2664 omnia
471 2621 747 2676 dependent,
772 2619 851 2675 qui
872 2626 942 2663 est
964 2621 1092 2663 Deus
1113 2619 1227 2676 ipse,
1252 2619 1480 2671 Christus,
1506 2620 1695 2675 eiusque
1717 2635 1821 2676 gra-

182 2697 252 2740 tia
271 2704 318 2742 et
338 2697 562 2741 doctrina.
588 2698 854 2742 Secundum
877 2704 948 2740 est
970 2696 1163 2741 ecclesia
1190 2704 1349 2740 saneta
1382 2711 1583 2740 romana.
1619 2697 1823 2740 Tertium

23 2828 25 2830 V
102 2818 115 2845 Τ,
186 2781 299 2818 sunt
333 2773 526 2818 virtutes
562 2774 755 2817 morales
790 2788 1040 2829 earumque
1077 2788 1209 2817 vsus.
1250 2775 1500 2829 Quartum,
1542 2773 1656 2815 ratio
1693 2774 1826 2829 plena

115 2890 118 2891 γ
188 2850 336 2894 nostri
357 2850 554 2894 instituti
575 2858 621 2895 et
645 2850 918 2894 vocationis.

268 2974 277 2995 ¹
330 2975 437 3010 Haec
456 2974 605 3010 Natalis
620 2974 855 3010 documenta
872 2986 895 3009 a
912 2975 959 3011 V.
981 2975 1026 3012 P.
1044 2975 1267 3010 Baltassare
1294 2974 1462 3009 Alvarez
1486 2973 1526 3020 in
1555 2973 1635 3008 suis
1659 2972 1707 3008 ad
1725 2973 1833 3008 novi-

110 3074 119 3083 :
193 3031 275 3069 fios
289 3032 622 3069 adhortationibus
639 3038 824 3080 usurpata
841 3032 964 3068 fuisse
983 3039 1152 3068 testatur
1170 3032 1393 3068 Ludovicus
1413 3031 1461 3067 de
1481 3033 1516 3067 la
1535 3032 1699 3075 Puente‚
1729 3033 1831 3067 Vida

112 3085 139 3114 ⁴·
186 3086 264 3128 'del
290 3093 333 3128 V.
353 3093 402 3129 P.
423 3092 618 3128 Baltasar
637 3092 823 3134 Alvarez,
841 3103 926 3139 cap.
947 3092 1053 3138 XXI,
1074 3093 1091 3138 Ξ
1114 3100 1146 3129 1.
