2098 3470
310 224 381 267 670
783 224 938 261 PATms
964 225 1206 261 H¹ERONYM¹
1234 225 1384 262 NADAL
1450 243 1455 249 ·

264 339 365 373 nus,
391 325 500 380 quid
522 325 607 381 ipsi
630 326 858 381 loquatur,
883 340 938 369 eo
960 327 1183 371 desiderio
1206 327 1419 380 ducatur,
1450 335 1498 370 vt
1526 327 1682 371 diuina
1712 327 1889 371 institu-

265 401 387 445 tione
409 403 466 444 ad
487 401 586 444 eius
607 403 889 446 voluntatem
917 403 1166 447 faciendam
1192 410 1529 459 promoueatur.
1557 405 1614 447 Et
1635 405 1692 449 de
1720 404 1894 449 exerci-

267 477 340 522 tiis
362 479 544 533 quidem
569 481 681 524 haec
704 481 942 524 hactenus.

1041 574 1120 615 68

740 664 952 706 ORDEN
988 664 1069 706 DE
1099 664 1382 707 ORATION
1411 666 1418 685 ¹

1066 753 1095 810 ,³-

268 851 592 891 [NSTRUCTION
616 861 713 898 QUE
735 853 817 891 mo
845 862 900 891 EL
926 839 968 891 p'.
994 862 1152 891 NADAL
1176 861 1236 891 LA
1260 861 1472 892 PRIMERA
1498 862 1586 892 vssz
1615 863 1712 900 QUE
1737 853 1893 893 V131To

1002 938 1153 968 SPANA

355 1018 628 1064 Aduiertase
649 1020 691 1064 el
714 1019 848 1062 modo
865 1034 954 1074 que
978 1018 1099 1062 tiene
1126 1034 1210 1074 por
1225 1018 1380 1075 gracia
1404 1020 1475 1063 del
1499 1020 1646 1064 Senor
1677 1021 1720 1064 13
1752 1022 1894 1064 Com-

266 1099 436 1152 pagnia
458 1096 516 1140 de
538 1098 867 1152 aprouecharse
890 1111 944 1140 en
968 1097 1010 1138 la
1028 1095 1228 1145 oracion.

358 1172 717 1217 Primeramente
735 1174 792 1215 da
814 1174 881 1215 los
903 1158 1144 1216 exercitios
1166 1172 1423 1228 spirituales
1445 1187 1531 1216 con
1554 1174 1658 1216 toda
1685 1174 1893 1219 exaction

262 1253 291 1291 a
313 1250 380 1293 los
402 1263 491 1304 que
515 1249 705 1302 rescibe,
731 1265 789 1292 no
812 1251 908 1292 solo
930 1264 1012 1306 por
1041 1250 1106 1292 les
1135 1251 1420 1305 aprouechar
1449 1265 1506 1293 en
1535 1251 1743 1306 alcancar
1769 1251 1892 1307 prin-

265 1325 426 1382 cipios,
452 1327 585 1369 modo
607 1341 636 1381 y
661 1327 861 1369 facultad
882 1341 939 1370 en
961 1326 1003 1370 el
1025 1327 1170 1371 Senos
1192 1327 1249 1370 de
1270 1326 1412 1369 hallar
1440 1327 1615 1374 oration
1643 1342 1673 1383 y
1700 1341 1893 1383 aproue-

253 1404 374 1458 ⁴char
395 1418 452 1447 θη
473 1403 574 1455 θ113;
601 1417 696 1446 mas
719 1418 768 1447 se
792 1404 857 1447 les
879 1404 968 1446 dan
991 1404 1060 1446 los
1083 1403 1321 1447 exercitios
1342 1417 1423 1459 por
1446 1403 1725 1459 experientia
1746 1419 1775 1459 y
1793 1418 1893 1460 pro,-

264 1479 435 1533 bation,
460 1480 498 1522 si
519 1495 627 1536 para
649 1481 691 1522 13
713 1480 886 1522 oration
910 1495 991 1523 son
1015 1487 1159 1536 aptos.
1186 1479 1394 1536 Despue's
1416 1495 1473 1525 en
1493 1481 1576 1523 dos
1607 1486 1719 1523 anos
1740 1481 1796 1524 de
1819 1495 1894 1524 or-

260 1556 437 1601 dinaria
460 1556 696 1613 probation
721 1557 839 1601 tiene
861 1557 1097 1613 vigilantia
1113 1572 1168 1600 en
1191 1558 1234 1599 el
1256 1557 1416 1609 Senon
1443 1557 1543 1614 [con
1567 1557 1729 1616 va]rias
1755 1572 1891 1614 expe-

264 1633 484 1690 ri[entia]s
521 1649 550 1689 y
587 1631 856 1692 exerci[tios]
886 1648 976 1688 que
1013 1648 1061 1677 se
1099 1634 1284 1688 alcance
1312 1633 1467 1676 habito
1498 1649 1528 1690 y
1565 1633 1794 1687 facilidad,
1835 1648 1894 1676 no

262 1711 514 1754 solamente
541 1725 598 1754 en
630 1710 673 1753 la
701 1710 891 1762 oration,
918 1725 1015 1753 mas
1046 1725 1101 1753 en
1127 1711 1168 1753 13
1197 1710 1444 1767 perfection
1472 1711 1589 1755 della
1616 1725 1645 1766 y
1673 1711 1730 1754 de
1767 1711 1895 1754 todas

265 1787 486 1838 virtudes,
511 1802 540 1843 y
563 1801 650 1842 que
672 1801 721 1830 se
743 1787 949 1843 imprima
978 1787 1288 1831 intimamente
1310 1801 1395 1830 con
1421 1788 1570 1830 feruor
1597 1789 1654 1830 de
1680 1787 1894 1831 charidad

314 1908 321 1926 ¹
375 1906 434 1941 Ex
452 1906 704 1952 autographo,
728 1905 767 1940 in
781 1905 882 1951 ,Cod.
915 1906 1036 1941 Vatic.
1057 1905 1094 1946 6,
1115 1905 1216 1940 foliis
1235 1897 1453 1951 404τ-407ν,
1470 1905 1614 1953 quibus
1630 1906 1822 1942 clauditur
1840 1911 1893 1942 to-

264 1970 329 2000 tus
349 1954 615 2000 codex.'Vide
638 1975 739 2011 quae
768 1964 816 1999 de
846 1966 918 2000 hoc
949 1970 1201 2000 monumento
1231 1970 1412 2000 annotata
1443 1971 1534 2001 sunt
1563 1977 1692 2013 supra,
1718 1977 1807 2013 pag.
1832 1967 1891 2010 56.

265 2024 376 2059 Hanc
394 2029 525 2064 autem
543 2022 592 2058 de
611 2023 787 2058 oratione
806 2023 1103 2059 instructionem
1122 2023 1234 2059 annis
1256 2023 1346 2069 1553
1365 2025 1427 2059 vel
1449 2033 1539 2070 1554
1556 2020 1689 2060 datam¹
1704 2024 1826 2061 fuisse
1844 2037 1893 2061 ex

260 2082 349 2129 ipso
375 2083 491 2118 titulo
509 2093 530 2117 a
548 2082 680 2118 Natali
707 2088 865 2118 exarato
889 2083 1050 2119 eruitur.
1079 2083 1176 2118 Nam
1197 2083 1320 2129 primo
1350 2083 1389 2119 in
1413 2083 1640 2130 Hispaniam
1664 2085 1714 2120 ab
1740 2085 1893 2131 Ignatio

264 2153 399 2178 mense
418 2141 544 2189 Aprili
562 2141 654 2177 anni
676 2140 765 2186 1553
784 2142 849 2177 ille
869 2142 1010 2178 missus
1037 2142 1122 2186 fuit,
1143 2142 1275 2189 ibique
1297 2148 1336 2177 et
1367 2143 1407 2178 in
1437 2143 1673 2189 Portugallia
1698 2155 1820 2191 usque
1844 2143 1892 2179 ad

265 2212 439 2237 mensem
454 2200 728 2248 Septembrem
747 2201 948 2247 sequentis
966 2201 1056 2236 anni
1076 2202 1302 2248 permansit,
1318 2207 1360 2237 ut
1375 2201 1458 2248 ipse
1476 2201 1514 2237 in
1536 2202 1617 2237 suis
1637 2202 1893 2249 ephemeridi-

265 2261 338 2296 bus
353 2259 526 2306 scripsit:
547 2259 770 2296 «Solvimus
788 2271 835 2294 ex
856 2259 1045 2307 Hispania
1059 2260 1100 2295 in
1117 2260 1180 2295 die
1196 2260 1235 2295 S.
1256 2260 1492 2296 Michaelis.»
1512 2260 1574 2297 Cf.
1594 2261 1722 2308 Epist.
1744 2262 1792 2298 Ρ.
1812 2261 1893 2297 Να-

259 2320 346 2363 dal,
367 2320 399 2366 Ι,
416 2317 498 2364 143,
519 2324 558 2355 et
577 2319 623 2364 11,
643 2318 702 2353 31.
723 2319 808 2353 Hoc
826 2325 1136 2365 monumentum,
1155 2320 1343 2366 omniurn,
1361 2331 1461 2367 quae
1480 2320 1630 2356 Natalis
1647 2319 1697 2356 de
1718 2320 1892 2356 oratione

262 2378 494 2424 lucubravit,
511 2377 836 2427 antiquissimum,
852 2389 900 2413 eo
914 2383 1090 2425 tempore
1105 2378 1292 2424 scripturn
1307 2378 1481 2426 fuit‚quo
1496 2378 1576 2425 ille,
1592 2380 1642 2415 ab
1657 2379 1811 2425 Ignatio
1825 2379 1892 2415 So-

259 2438 417 2474 cietatis
435 2437 575 2484 spiritu
592 2442 772 2472 recenter
796 2436 1040 2477 informatus,
1068 2437 1208 2473 missus
1234 2442 1295 2473 est
1319 2437 1358 2473 in
1388 2438 1631 2485 Hispaniam,
1651 2438 1727 2474 illis
1752 2438 1893 2474 litteris

263 2496 490 2544 patentibus
509 2495 694 2542 munitus,
711 2495 751 2531 in
766 2495 911 2542 quibus
929 2496 1025 2531 haec
1043 2496 1146 2532 inter
1168 2497 1242 2531 alia
1260 2508 1281 2531 a
1300 2495 1510 2532 Societatis
1527 2496 1727 2533 conditore
1746 2509 1894 2533 assere·

265 2557 420 2592 bantur:
441 2554 564 2592 «Cum
583 2554 623 2591 in
640 2554 773 2599 regnis
792 2554 1069 2601 Hispaniarum
1093 2555 1214 2590 multa
1238 2555 1374 2590 sint...
1394 2567 1494 2602 quae
1518 2561 1650 2592 nostra
1673 2556 1893 2603 praesentia

265 2616 328 2651 uel
345 2614 524 2659 alicuius,
538 2613 605 2662 qui
624 2618 795 2651 mentem
813 2618 983 2648 nostram
999 2613 1156 2649 omnino
1170 2614 1338 2660 nouerit,
1355 2619 1395 2649 et
1412 2619 1543 2650 nostra
1561 2615 1792 2651 auctoritate
1807 2614 1874 2661 fun

260 2679 391 2721 gatur,
408 2673 649 2720 indigeant.»
668 2672 727 2708 Ex
744 2671 806 2707 his
828 2671 1040 2718 prudenter
1062 2673 1247 2719 colligere
1272 2684 1479 2719 possumus
1502 2673 1601 2709 hanc
1625 2673 1757 2710 orandi
1781 2667 1894 2710 ratio-

266 2745 354 2769 nem
380 2732 429 2769 ad
453 2737 626 2768 mentem
650 2730 694 2767 S.
719 2730 862 2777 Ignatii
887 2742 1043 2777 prorsus
1067 2731 1250 2778 scriptam
1276 2731 1410 2778 fuisse,
1437 2732 1539 2780 quod
1563 2733 1681 2768 etiam
1699 2744 1749 2768 ex
1774 2732 1893 2768 variis

262 2791 388 2839 ipsius
405 2791 549 2838 Ignatii
565 2790 810 2826 documentis
828 2790 989 2826 eruitur.
1009 2789 1232 2826 Notandum
1251 2800 1364 2837 porro
1381 2796 1443 2826 est
1459 2791 1587 2837 aliqua
1605 2791 1755 2827 Natalis
1774 2792 1892 2828 verba

265 2853 307 2887 in
332 2850 575 2897 autographo
596 2849 737 2896 partim
761 2849 915 2884 sublata
937 2848 1062 2885 fuisse
1091 2861 1140 2884 ex
1163 2848 1309 2885 codicis
1333 2849 1605 2896 compositoris
1634 2850 1797 2896 incuria,
1825 2851 1892 2898 qui

264 2922 372 2947 oram
391 2911 549 2946 chartae
567 2909 655 2956 plus
670 2919 795 2955 aequo
812 2908 995 2946 resecuit.
1012 2909 1121 2944 Haec
1139 2914 1270 2944 autem
1289 2908 1409 2944 verba
1423 2920 1445 2944 a
1463 2910 1574 2945 nobis
1588 2909 1768 2945 restituta
1785 2915 1891 2955 sunt,

266 2972 367 3009 intra
392 2969 554 3005 uncinos
584 2966 803 3004 claudendo
830 2978 931 3014 quae
954 2967 994 3003 in
1023 2967 1159 3003 codice
1188 2966 1472 3004 desiderantur.
1506 2968 1692 3015 Singulae
1715 2969 1892 3016 pagellae

263 3030 379 3075 signo
399 3027 526 3065 crucis
544 3038 566 3062 a
584 3025 715 3062 Natali
739 3026 916 3072 signatae
930 3024 1101 3062 fuerunt.
