2098 3470
349 271 420 317 852
924 275 1063 313 Ems‘r.
1090 276 1135 314 P.
1162 275 1314 311 Naum„

304 375 471 430 Xpus.,
497 374 607 430 quid
629 375 840 431 apostoli,
865 376 974 432 quid
1002 376 1165 429 sancti,
1197 375 1306 432 quid
1335 376 1526 421 ecclesia
1557 391 1735 433 semper
1764 378 1938 432 docuit,

303 451 452 503 docet,
488 450 685 504 docebit,
721 451 808 496 nisi
844 459 893 496 vt
929 454 1079 497 Deum
1118 466 1254 509 super
1292 452 1443 496 omnia
1478 452 1671 510 diligant
1709 455 1938 508 mortales,

302 529 453 571 Deum
475 543 532 571 ex
550 535 647 572 toto
664 530 816 583 corde,
838 537 931 574 tota
954 538 1123 583 mente,
1145 537 1239 573 tota
1256 529 1421 583 anima,
1441 529 1653 573 omnibus
1669 529 1842 574 viribus
1863 531 1936 574 di-

303 605 471 661 ligant?
493 606 596 648 Hoc
620 605 730 662 quid
756 613 842 660 est,
867 607 937 650 vir
959 606 1236 659 doctissime,
1262 605 1349 649 nisi
1377 606 1583 663 regulam
1612 606 1817 663 primam,
1844 607 1940 663 pri-

304 696 429 724 mum
453 681 726 739 principium
758 690 975 736 statuere,
1002 683 1198 740 primum
1221 683 1376 735 finem,
1408 684 1528 727 vnde
1555 683 1706 727 omnia
1733 683 1936 739 proficis-

304 765 483 811 cantur,
510 773 602 815 quo
623 760 775 804 omnia
802 760 1069 817 dirigantur.
1096 759 1187 804 Vbi
1209 759 1351 816 igitur
1374 774 1497 803 nunc
1518 759 1585 803 tui
1607 766 1714 803 sunt
1735 759 1942 804 infideles

303 834 522 891 negatiue
555 836 619 892 (vt
647 835 776 892 dicis)
806 845 840 889 ἃ,
870 836 971 894 {tui
1003 835 1245 888 haeretici,
1278 835 1344 879 tui
1376 837 1659 892 peccatores?
1687 835 1778 880 Vbi
1814 837 1942 879 sunt?

304 911 429 955 Nihil
452 919 522 956 est
544 912 632 955 iam
656 913 776 957 vnde
799 927 878 970 per
900 913 1000 956 illos
1022 912 1238 956 exercitia
1261 911 1564 969 persequaris,

391 989 484 1033 Sed
506 988 640 1033 video
661 989 707 1032 in
730 991 816 1034 hac
839 1004 1031 1034 censura
1053 990 1205 1032 adhuc
1229 988 1310 1032 tibi
1333 1003 1432 1033 esse
1454 988 1624 1044 aliquid
1645 989 1847 1046 scrupuli
1867 1004 1941 1033 re-

303 1066 494 1121 liquum,
520 1065 598 1121 qui
622 1073 667 1111 te
683 1067 800 1111 male
816 1074 993 1123 vrgeat.
1016 1067 1117 1123 Ego
1135 1074 1286 1110 tamen
1303 1066 1429 1108 illum
1447 1065 1527 1108 tibi
1544 1065 1737 1109 eximam
1755 1065 1942 1109 minimo

304 1142 513 1199 negocio.
547 1142 673 1198 Quid
700 1143 781 1188 ais:
813 1157 895 1186 «ex
917 1146 1002 1186 hac
1034 1142 1285 1187 assertione
1313 1142 1554 1186 manifeste
1580 1142 1736 1199 colligi
1763 1142 1943 1186 videtur

304 1220 425 1275 quod
454 1234 510 1263 ex
534 1219 695 1264 timore
722 1220 883 1265 electio
905 1220 1002 1263 fieri
1025 1235 1117 1263 non
1147 1221 1346 1276 potest›>?
1369 1221 1437 1262 Ex
1465 1234 1554 1275 qua
1580 1220 1764 1264 tandem
1793 1234 1940 1264 asser-

305 1296 449 1340 tione?
472 1298 612 1352 Quod
634 1304 840 1354 oporteat
863 1312 946 1353 per
967 1311 1167 1340 amorem
1188 1296 1275 1341 Dei
1298 1296 1395 1340 fieri
1419 1296 1708 1341 electionem?
1736 1297 1843 1340 Heu
1870 1309 1943 1339 me

305 1373 537 1417 miserum!
576 1374 720 1418 Doleo
751 1389 889 1430 super
922 1373 1158 1426 te‚‘frater
1190 1373 1250 1416 mi
1282 1380 1591 1429 praesentate,
1616 1373 1738 1429 quod
1768 1380 1860 1415 tam
1882 1372 1945 1415 sis

302 1438 523 1494 aduersus
546 1457 704 1494 nostra
726 1450 940 1495 exercitia
962 1451 1079 1493 male
1102 1450 1344 1503 animatus,
1365 1457 1414 1492 vt
1438 1457 1528 1492 tam
1551 1449 1843 1506 conspicuam
1864 1463 1942 1492 ve-

303 1528 498 1580 ritatem,
525 1535 615 1571 tam
644 1528 939 1581 luculentam,
968 1535 1056 1570 tam
1082 1528 1277 1570 obscure
1303 1532 1375 1573 212
1403 1526 1648 1583 intelligas,
1681 1534 1773 1569 tam
1804 1540 1944 1583 aegre

304 1605 514 1661 recipias,
548 1605 642 1649 Sed
670 1604 940 1661 colligamus
967 1619 1048 1660 per
1077 1612 1137 1647 te:
1170 1611 1354 1660 oportet
1375 1603 1393 1629 b
1416 1619 1472 1648 ex
1497 1603 1584 1647 Dei
1606 1618 1759 1648 amore
1780 1617 1942 1659 pecca-

303 1691 446 1726 torem
469 1681 658 1735 conteri;
685 1696 826 1737 quare
846 1682 919 1725 vel
943 1696 1035 1725 non
1059 1688 1223 1738 potest,
1246 1682 1318 1726 vel
1335 1696 1426 1724 non
1444 1687 1622 1736 oportet
1639 1694 1719 1736 per
1738 1679 1942 1723 timorem

304 1761 362 1803 ad
384 1759 703 1804 contritionem
727 1760 1019 1802 contendere:
1046 1760 1215 1804 debent
1237 1758 1444 1803 infideles
1465 1773 1523 1801 ex
1551 1772 1706 1802 amore
1732 1743 1818 1800 'Dei
1848 1772 1943 1800 mo-

306 1836 402 1879 ueri
424 1837 481 1879 ad
502 1836 797 1892 baptismum3
824 1851 964 1891 quare
985 1852 1077 1879 non
1100 1843 1293 1893 possunt
1311 1835 1561 1879 terroribus
1577 1841 1867 1891 peccatorum
1885 1835 1949 1890 ad,
2007 1884 2009 1886 ,
2059 1842 2065 1879 ἶ

303 1914 430 1956 illum
454 1912 619 1956 iuuari:
651 1914 819 1956 debent
847 1912 1063 1956 haeretici
1090 1913 1148 1956 ad
1177 1928 1277 1957 eam
1309 1913 1462 1964 fidem,
1498 1926 1634 1967 quam
1665 1912 1723 1954 ab
1752 1910 1944 1955 ecclesia

306 1997 598 2046 acceperunt,
623 2003 703 2046 per
725 2003 924 2032 amorem
949 1989 1034 2034 Dei
1057 1989 1220 2042 redire3
1246 2003 1403 2044 quare,
1428 2003 1590 2045 poena,
1610 1987 1656 2030 vi
1671 1986 1939 2043 disputatio-

306 2067 393 2119 nis,
419 2066 519 2110 aliis
541 2066 626 2123 piis
648 2067 838 2118 artibus,
865 2068 921 2109 ad
945 2067 1079 2110 fidem
1104 2081 1196 2109 non
1217 2074 1409 2122 possunt
1431 2064 1582 2122 dirigi.
1609 2065 1747 2120 Quod
1770 2064 1808 2108 si
1830 2066 1943 2108 haec

308 2145 422 2187 falso
450 2143 747 2199 colliguntur,
779 2158 861 2186 cur
891 2158 983 2186 non
1006 2143 1207 2187 aduertis
1237 2150 1280 2186 te
1306 2157 1543 2199 perperam
1566 2142 1840 2185 concludere
1861 2138 1943 2185 adss

310 2235 473 2266 uersus
505 2227 707 2263 nostram
731 2219 1110 2276 propositionem?
1133 2222 1190 2263 Et
1212 2219 1411 2275 quidem,
1442 2218 1448 2276 Ι
1477 2219 1599 2275 quod
1628 2228 1677 2261 tu
1698 2217 1785 2260 illis
1806 2217 1943 2262 colle-

311 2298 539 2341 ctionibus
569 2312 618 2340 es
646 2311 966 2353 responsurus,
992 2297 1238 2340 arbitrator
1260 2296 1340 2339 tibi
1363 2310 1464 2340 esse
1487 2309 1766 2351 responsum.
1789 2294 1943 2338 Dicas:
2011 2324 2045 2362 ,⁴-

309 2390 400 2418 non
423 2374 633 2431 intelligo
655 2373 765 2430 quid
788 2373 930 2418 dicas.
956 2373 1174 2430 Apertius
1196 2373 1337 2429 igitur
1359 2372 1526 2424 dicam,
1558 2374 1711 2416 Pater.
1735 2371 1847 2414 Illud
1876 2377 1947 2414 est

309 2451 596 2508 principium,
632 2458 680 2493 vt
711 2451 893 2494 abunde
925 2449 1361 2503 demonstrauimus,
1396 2449 1547 2492 omnia
1584 2463 1639 2493 ex
1676 2462 1830 2492 amore
1859 2446 1947 2492 Dei

309 2529 531 2586 proficisci
554 2530 737 2572 debere:
763 2527 967 2579 consilia,
994 2527 1260 2580 electiones,
1285 2526 1502 2569 actiones.
1536 2526 1629 2570 Sed
1650 2525 1708 2568 ad
1729 2526 1852 2567 hunc
1875 2524 1946 2567 in·
1982 2579 1987 2581 -
2025 2550 2031 2572 7.

311 2621 445 2662 quam
469 2619 667 2649 amorem
690 2594 1035 2661 perfectumque
1057 2603 1327 2660 principium
1349 2610 1456 2646 sunt
1474 2602 1631 2658 multa,
1651 2615 1769 2657 quae
1786 2614 1945 2644 manu-
2009 2595 2034 2633 ³2-

311 2684 496 2735 ducant,
520 2697 602 2739 per
623 2696 741 2738 quae
763 2681 820 2724 ad
842 2695 946 2724 eum
970 2682 1202 2733 adeamus,
1227 2679 1264 2722 si
1292 2679 1489 2735 primum
1519 2685 1674 2721 nostra
1693 2677 1866 2722 desidia
1892 2689 1945 2720 ac
2015 2729 2018 2735 ³

312 2759 613 2803 somnolentia
634 2759 707 2802 vel
729 2757 1072 2813 imperfectione
1094 2757 1168 2800 vel
1189 2756 1373 2799 omnino
1394 2762 1547 2799 nostra
1576 2755 1709 2810 culpa
1736 2755 1794 2797 ad
1820 2753 1945 2796 illum
2006 2774 2022 2799 ‚1

314 2851 407 2880 non
429 2836 710 2892 attingamus
732 2849 947 2887 amorem3
974 2849 1064 2890 quo
1087 2833 1132 2876 in
1156 2847 1326 2890 genere
1349 2831 1467 2876 ratio·
1480 2838 1549 2876 est
1565 2830 1745 2893 moralis
1761 2844 1814 2873 30
1835 2844 1945 2874 con·
2002 2821 2023 2852 s

312 2913 478 2964 silium,
505 2920 600 2955 tum
623 2911 759 2955 etiam
781 2915 853 2956 213
876 2911 1008 2953 timor
1030 2917 1075 2955 et
1097 2909 1182 2953 alia
1205 2909 1446 2965 permulta,
1472 2923 1589 2963 quae
1617 2908 1803 2964 longum
1827 2911 1944 2951 esset

383 3031 401 3048 a
426 3019 606 3057 Obscure
621 3023 811 3054 notatum.
864 3018 930 3044 —b
957 3016 1032 3051 Vix
1048 3015 1126 3062 legi
1141 3020 1272 3062 potest
1285 3015 1359 3050 hoc
1374 3015 1498 3060 verb„
1517 3025 1564 3050 eo
1577 3012 1681 3061 quod
1697 3014 1830 3049 charta
1847 3018 1945 3054 atra-¹
2002 2993 2020 3021 „⁴

314 3084 446 3115 mento
464 3089 620 3114 corrosa
636 3076 766 3113 fuerit.
