2098 3470
321 316 323 318 -
350 277 415 314 154
686 280 701 294 ·
818 270 972 306 PA'rms
998 270 1240 306 HmRONYMi
1267 271 1417 308 NADAL

298 377 443 413 sertor
473 372 545 414 vel
573 371 811 428 sugillator
839 386 919 428 per
947 372 1218 416 calumniam
1248 373 1309 425 id,
1341 373 1542 430 proiecto
1571 374 1768 430 pudore,
1799 376 1928 420 effin-

298 447 429 491 xerit.

386 529 636 568 obiectio.
699 527 836 582 Quod
859 527 915 570 de
937 526 1142 584 partibus
1162 526 1425 582 longinquis
1447 528 1503 570 ad
1521 528 1825 583 praepositum
1844 543 1928 586 ge-

296 602 495 645 neralem
517 616 599 658 pro
622 602 806 646 casibus
830 601 1073 647 reseruatis
1095 603 1458 646 transmittantur
1480 604 1625 660 pueri.
1886 617 1890 622 ’

384 684 693 729 Responsio.
757 680 804 721 Id
827 686 896 722 est
917 678 964 721 in
986 679 1214 724 Societate
1236 679 1505 723 inauditum:
1531 682 1683 724 nullus
1707 681 1826 726 enirn
1850 696 1927 726 ca-

295 770 389 807 sus,
422 755 499 811 qui
528 755 733 800 accidere
764 746 917 812 'posset
950 755 996 798 in
1033 756 1168 799 domo
1203 757 1276 801 vel
1315 757 1523 813 collegio,
1564 757 1638 800 alii
1671 766 1928 802 reseruatur

294 847 429 887 quam
452 833 629 876 illorum
652 824 815 876 rectori
837 833 909 877 vel
932 833 1204 889 praeposito;
1237 840 1282 876 et
1310 826 1727 878 tamencommune
1757 843 1826 879 est
1855 835 1928 878 ius

294 918 343 952 ut
364 911 420 953 ad
443 909 682 966 episcopos
704 911 775 954 vel
797 911 934 966 longe
956 911 1167 954 absentes
1191 924 1270 967 pro
1291 910 1386 954 suis
1407 911 1588 955 casibus
1609 911 1851 956 reseruatis
1881 920 1928 957 et

291 988 348 1029 ad
383 1001 611 1030 summum
650 987 908 1043 pontificem
948 1002 1028 1043 pro
1060 987 1171 1039 suis,
1206 987 1305 1030 siue
1333 988 1456 1043 quod
1484 988 1646 1032 attinet
1667 989 1724 1031 ad
1745 990 1927 1032 confes-

291 1063 480 1115 sionem,
506 1063 604 1107 siue
626 1065 748 1119 quod
770 1064 827 1106 ad
855 1078 1087 1117 censuras,
1120 1064 1363 1107 transmitti
1390 1065 1677 1120 poenitentes
1709 1065 1922 1122 debeant,

290 1148 336 1183 et
373 1140 591 1197 relligiosi
628 1140 703 1185 alii
735 1141 792 1183 ad
829 1140 1059 1184 ministros
1095 1140 1398 1196 prouinciales
1429 1140 1609 1184 mittere
1641 1142 1804 1196 solent3
1841 1157 1927 1186 nos

291 1224 516 1262 rectorum
555 1232 689 1261 casus
726 1218 899 1274 aliquos
932 1217 1198 1274 prouinciali
1235 1231 1537 1270 resemamus,
1579 1218 1924 1278 prouincialium

290 1295 493 1351 generali
521 1295 798 1351 praeposito,
830 1294 1035 1338 adhibita
1065 1309 1119 1338 ea
1147 1295 1471 1347 moderatione,
1503 1309 1620 1351 quae
1653 1296 1820 1340 usitata
1856 1305 1926 1341 est
1979 1301 1981 1304 ⁴
2029 1315 2045 1325 ·

289 1372 411 1427 apud
429 1372 696 1428 relligiosos.
721 1373 849 1415 Haec
869 1379 1018 1415 tamen
1035 1373 1274 1426 hactenus,
1297 1371 1381 1417 Χ.ο
1399 1372 1561 1428 gratia,
1581 1387 1814 1428 nunquam
1834 1388 1923 1417 usu

287 1456 528 1502 venerunt;
555 1436 689 1505 quam
713 1449 1022 1505 integritatem
1045 1449 1156 1492 faxit
1173 1448 1305 1493 nobis
1326 1451 1423 1493 X.¹¹S
1447 1464 1547 1493 esse
1568 1457 1850 1506 perpetuam.

377 1531 626 1569 obiectio.
689 1526 826 1582 Quod
848 1526 1123 1569 inducantur
1145 1526 1263 1569 filiae
1285 1526 1539 1582 spirituales
1567 1527 1624 1569 ad
1651 1527 1804 1584 legata
1836 1528 1922 1572 So-

288 1603 443 1648 cietati
467 1603 688 1647 facienda.

376 1679 687 1724 Responsio.
748 1674 886 1718 Dedit
907 1673 1038 1717 nobis
1061 1675 1308 1731 X.¹¹⁵Jesus
1336 1675 1393 1718 de
1421 1688 1503 1717 sua
1531 1674 1812 1731 benignitate
1840 1676 1920 1719 de-

284 1752 508 1812 siderium·
518 1752 719 1807 aliquod,
738 1751 934 1806 aliquem
950 1750 1087 1794 etiam
1105 1765 1287 1794 sensum
1307 1765 1440 1796 verae
1467 1751 1474 1808 Ι
1502 1751 1794 1807 paupertatis3
1815 1766 1921 1808 gra-

285 1829 470 1874 uissime
491 1828 633 1885 igitur
652 1828 967 1873 interdicimus
989 1827 1215 1880 omnibus,
1236 1835 1462 1883 quotquot
1478 1827 1642 1870 viuunt
1659 1829 1745 1870 sub
1763 1828 1920 1873 Socie-

284 1906 390 1949 tatis
428 1905 703 1958 obedientia,
743 1912 791 1948 vt
829 1905 942 1947 nihil
980 1905 1273 1949 emolumenti
1310 1904 1515 1948 cuiusuis
1553 1905 1813 1961 temporalis
1849 1907 1922 1948 vel

282 1983 506 2040 accipiant
535 1983 607 2025 vel
635 1989 876 2038 expectent
904 1997 985 2037 pro
1018 1982 1180 2037 quouis
1210 1981 1451 2026 Societatis
1479 1981 1745 2034 ministerio,
1779 1996 1832 2025 ac
1862 1997 1919 2026 ne

281 2060 463 2103 nomine
486 2060 667 2115 quidetn
691 2059 1005 2104 eleemosinae.
1033 2058 1211 2102 Viuunt
1233 2065 1385 2102 autem
1413 2059 1576 2116 domus
1605 2058 1834 2114 professae
1862 2074 1918 2103 ex

217 2193 219 2195 ι
280 2137 565 2181 emendicata
587 2135 895 2179 indifferenter
917 2135 1206 2188 eleemosina3
1227 2134 1524 2191 collegiorum
1541 2134 1766 2178 institutio
1783 2143 1853 2179 est
1868 2144 1918 2178 vt

278 2213 437 2256 vinant
475 2229 531 2258 ex
569 2212 840 2264 redditibus,
882 2212 927 2254 id
964 2220 1055 2265 est,
1101 2212 1332 2268 perpetuis
1368 2211 1690 2267 eleemosynis,
1738 2213 1917 2256 tametsi

278 2292 502 2335 hactenus
529 2292 823 2334 vehementer
850 2290 937 2332 hac
966 2303 1022 2332 ex
1050 2296 1177 2345 parte
1203 2289 1462 2332 laboramus
1490 2295 1535 2331 et
1563 2303 1700 2345 aegre
1723 2289 1917 2345 collegia

278 2375 613 2420 sustentamus,
645 2381 763 2422 quae
793 2373 945 2410 tamen
973 2374 1079 2409 sunt
1105 2365 1360 2410 necessaria
1388 2364 1629 2409 seminaria
1655 2365 1911 2409 Societatis.

278 2444 351 2487 Ad
373 2446 486 2488 haec
509 2451 695 2488 cautum
717 2457 771 2486 ac
795 2457 878 2485 usu
902 2444 1219 2486 confirmatum
1241 2450 1326 2498 est,
1351 2457 1409 2485 ne
1432 2442 1532 2497 quis
1554 2451 1580 2486 e
1602 2442 1766 2485 nostris
1783 2442 1914 2486 insti·
1940 2460 1949 2470 ·

278 2521 443 2564 tutioni
472 2527 847 2565 testamentorum
876 2519 1068 2573 intersit,
1103 2520 1177 2564 vel
1205 2519 1442 2562 consilium
1470 2520 1548 2563 det
1581 2521 1607 2562 ¹.
1635 2520 1756 2562 Vsus
1777 2519 1911 2562 etiam

277 2599 410 2641 nobis
430 2598 505 2642 ille
526 2598 755 2641 iucundus
777 2604 847 2640 est
868 2596 1102 2653 imprimis,
1131 2604 1196 2650 ut,
1222 2596 1259 2639 si
1282 2610 1398 2652 quae
1420 2595 1552 2638 nobis
1579 2597 1913 2640 concredantur

274 2674 615 2718 distribuendae
644 2675 958 2729 eleemosynae
982 2675 1021 2730 (q
1031 2688 1132 2717 uam
1154 2687 1308 2716 curam
1339 2679 1531 2729 grauate
1553 2679 1598 2716 et
1620 2687 1720 2715 raro
1743 2673 1910 2728 accipi-

274 2752 406 2807 mus),
438 2766 494 2795 ex
525 2751 595 2794 his
623 2740 922 2806 eleemosynis
951 2765 1007 2794 ne
1041 2751 1225 2793 obolum
1254 2749 1437 2803 quidem
1466 2749 1685 2802 Societati
1713 2749 1909 2805 applice-

273 2843 390 2880 mus,
406 2828 583 2872 etiamsi
600 2828 645 2870 id
663 2827 795 2871 nobis
811 2827 1005 2869 liberum
1025 2828 1119 2879 fiat,
1133 2834 1270 2881 atque
1288 2826 1423 2870 etiam
1442 2825 1661 2870 edicatur.
1681 2826 1907 2869 Malumus

273 2906 419 2948 bonae
446 2904 553 2949 fidei
583 2903 891 2961 integritatem
921 2904 1054 2957 tueri,
1086 2918 1221 2958 quam
1252 2910 1458 2947 auertere
1491 2917 1574 2945 nos
1601 2901 1743 2945 videri
1773 2916 1906 2958 posse

343 3079 353 3098 ¹
406 3077 587 3124 Regulae
605 3077 873 3112 sacerdotum:
892 3074 970 3111 28?
