2098 3470
858 262 1290 301 lusraucnousss-tn
1771 261 1836 307 461

258 366 350 412 sint
381 367 439 411 ad
467 364 770 423 prouinciales
795 364 1023 409 mittendi.
1054 365 1114 408 Et
1141 371 1290 408 tamen
1318 362 1366 406 in
1394 362 1466 406 his
1486 364 1666 406 duobus
1687 363 1888 415 casibus,

259 443 298 488 si
335 458 479 501 graue
516 451 637 488 esset
673 442 923 500 periculum
959 449 1006 485 et
1040 455 1120 498 per
1157 456 1223 494 se,
1263 455 1348 484 nec
1385 440 1634 484 remedium
1674 439 1891 484 adhibere

258 521 397 565 vellet
425 527 590 572 rector,
621 521 744 575 quod
770 518 1075 563 confessarius
1100 524 1323 570 censeret,
1348 517 1614 573 simpliciter
1646 532 1737 560 non
1771 525 1892 562 esset

259 599 583 650 absoluendus,
608 597 689 640 sed
716 596 963 641 mittendus
989 597 1046 640 ad
1073 595 1414 652 prouincialem.
1440 595 1641 639 Deberet
1667 594 1788 637 enim
1810 596 1895 637 ha-

260 677 371 733 bere
391 674 697 719 confessarius
725 681 1002 730 compertam
1024 673 1287 717 facultatem
1311 680 1532 716 rectorem
1555 672 1750 728 cogendi
1775 671 1820 714 in
1842 686 1892 715 re

261 752 413 796 simili.

349 829 487 885 Quod
513 843 622 871 vero
648 829 706 871 ud
734 827 1077 884 prouincialium
1096 835 1233 871 casus
1264 834 1520 871 reseruatos
1551 825 1730 877 attinet,
1770 826 1808 868 si
1848 826 1894 868 in

259 904 494 963 prouincia
514 905 573 948 sit
594 904 934 948 commissarius
954 904 1196 962 generalis,
1220 911 1267 949 et
1288 903 1326 947 si
1348 905 1406 947 ad
1422 903 1570 959 ipsum
1588 902 1765 945 facilius
1782 902 1895 945 adiri

261 990 426 1040 potest,
452 996 587 1037 quarn
610 982 667 1025 ad
688 983 948 1038 generalem
970 981 1294 1038 praepositum,
1318 979 1627 1024 commissario
1647 980 1726 1023 fiet
1749 993 1895 1023 reser-

263 1059 406 1105 uatio.
445 1059 556 1104 Siue
591 1058 733 1115 igitur
769 1059 972 1116 generali
1006 1058 1265 1122 praeposito
1305 1057 1599 1114 prouincialis
1636 1065 1898 1101 reseruetur

262 1151 412 1189 casus,
435 1136 536 1180 siue
556 1135 862 1179 commissario
884 1135 1101 1192 generali,
1125 1135 1163 1179 si
1185 1150 1257 1179 res
1278 1134 1461 1191 quidem
1486 1134 1695 1177 occultae
1726 1133 1899 1176 fuerint

263 1215 328 1271 (vt
345 1213 440 1256 dixi
461 1214 518 1256 de
539 1213 804 1268 rectoribus)
827 1220 873 1257 et
893 1213 1023 1257 breui
1044 1220 1165 1257 esset
1186 1221 1409 1257 venturus
1429 1211 1784 1263 commissarius,
1805 1225 1895 1253 non

263 1290 350 1334 erit
370 1291 527 1337 ad'268
544 1305 647 1334 eum
665 1289 915 1334 mittendus
931 1289 1236 1346 prouincialis‚
1255 1290 1337 1333 sed
1359 1289 1668 1345 expectandus
1684 1288 1899 1331 commis-

264 1367 425 1412 sarius.
446 1367 543 1410 Erit
560 1366 695 1411 etiam
717 1368 1025 1423 expectandus
1046 1366 1398 1418 commissarius,
1423 1366 1461 1409 si
1478 1381 1583 1422 spes
1598 1365 1657 1408 sit
1680 1366 1900 1410 emenda-

266 1443 418 1488 tionis.
439 1445 573 1500 Quae
594 1443 631 1487 si
654 1458 747 1487 non
763 1451 883 1488 esset
899 1452 945 1488 et
961 1451 1171 1501 pergeret
1188 1443 1387 1488 incidere
1403 1443 1450 1485 in
1468 1451 1726 1487 reseruatos
1743 1457 1897 1494 casus,

266 1529 442 1566 secreto
463 1529 584 1566 esset
606 1521 865 1577 quaerenda
887 1520 1037 1576 aliqua
1058 1521 1255 1574 occasio,
1281 1535 1371 1576 qua
1393 1519 1649 1564 mitteretur
1672 1520 1730 1563 ad
1754 1534 1900 1576 gene-

264 1599 412 1643 ralem*
441 1597 751 1654 praepositum
789 1598 859 1640 vel
897 1597 1272 1641 commissarium.
1308 1599 1366 1640 Et
1397 1598 1486 1640 hac
1517 1597 1564 1640 in
1594 1612 1643 1640 re
1674 1596 1903 1640 tenebitur

265 1675 449 1719 obedire
470 1667 765 1727 confessario,
787 1682 1003 1730 tanquam
1025 1674 1239 1730 delegato
1261 1690 1287 1718 a
1309 1674 1511 1731 generali
1529 1674 1806 1731 praeposito:
1826 1675 1901 1717 cui
1929 1719 1935 1724 ,

253 1751 303 1798 'si
331 1753 471 1796 nollet
498 1752 698 1805 obedire,
723 1767 782 1796 ne
813 1753 1093 1804 absoluatur,
1127 1759 1174 1796 et
1209 1767 1281 1795 res
1319 1760 1415 1796 tota
1453 1752 1742 1808 permittatur
1779 1753 1898 1804 Deo,

264 1811 631 1885 quandoquidem
647 1828 771 1872 aliud
786 1826 1102 1872 fieri‘humana
1118 1828 1339 1872 industria
1355 1844 1447 1872 non
1466 1836 1631 1885 potest.
1647 1829 1729 1873 Sin
1747 1837 1900 1873 autem

265 1919 399 1949 casus
419 1913 539 1950 esset
559 1905 843 1957 manifestus,
864 1905 1127 1962 praesertim
1144 1919 1249 1949 cum
1265 1907 1480 1950 scandalo
1495 1906 1787 1960 coniunctus,
1806 1914 1897 1949 sta—

269 1982 351 2026 tim
378 1981 463 2026 erit
491 1982 739 2026 mittendus
759 1998 786 2026 a
815 1982 1092 2026 confessario
1118 1984 1176 2027 ad
1202 1983 1578 2036 commissarium,
1612 1984 1683 2027 vel
1706 1998 1901 2040 genera-

266 2059 372 2112 lem;
398 2058 483 2101 nisi
507 2059 642 2102 vellet
663 2058 889 2114 generalis
910 2059 1106 2114 aliquem
1134 2059 1375 2115 designare
1398 2059 1444 2102 in
1473 2060 1636 2115 quauis
1665 2059 1902 2116 prouincia

268 2136 537 2192 professum,
562 2135 639 2191 qui
656 2136 899 2179 haberetur
921 2136 1279 2192 probatissimus,
1295 2137 1369 2180 cui
1393 2137 1683 2194 prouincialis
1701 2137 1791 2193 (vbi
1810 2152 1901 2180 non

269 2219 391 2257 esset
412 2211 760 2268 commissarius>
783 2227 916 2256 casus
938 2227 1029 2255 non
1051 2214 1198 2256 solum
1218 2213 1382 2257 secreti
1404 2215 1485 2259 sed
1507 2202 1735 2258 manifesti
1765 2214 1901 2258 etiam

271 2296 627 2341 reseruarentur,
653 2297 698 2333 et
719 2289 798 2344 qui
819 2289 993 2333 interea
1014 2291 1122 2332 dum
1145 2290 1339 2334 mittitur
1354 2295 1436 2338 269
1454 2291 1568 2334 alius
1591 2292 1900 2347 prouincialis‚

272 2365 496 2421 siquidem
523 2356 773 2409 mittendus
799 2366 874 2419 sit,
911 2366 1303 2423 viceprouincialis
1333 2377 1469 2420 esset,
1503 2383 1638 2424 quem
1677 2370 1905 2425 generalis

270 2441 568 2499 praepositus,
602 2434 693 2486 hon
720 2443 866 2486 solum
888 2444 943 2487 ad
967 2446 1088 2487 hunc
1112 2459 1260 2489 rerum
1282 2453 1500 2489 euentum
1523 2447 1713 2490 haberet
1737 2446 1782 2488 in
1805 2446 1900 2488 sin—

269 2519 390 2575 gulis
409 2519 657 2575 prouinciis
677 2519 983 2576 designatum,
1003 2522 1084 2564 sed
1105 2521 1241 2566 etiam
1263 2530 1312 2565 vt
1334 2531 1471 2575 esset,
1497 2523 1575 2578 qui
1598 2523 1742 2565 vicem
1766 2537 1900 2579 gere-

271 2603 341 2641 ret
369 2595 675 2652 prouincialis‚
706 2597 744 2639 si
773 2597 848 2641 ille
874 2605 1106 2654 egrotaret
1132 2598 1211 2651 ita,
1236 2608 1285 2642 vt
1313 2614 1404 2643 non
1438 2608 1593 2656 posset
1624 2600 1902 2655 prouinciam

272 2673 545 2729 gubernare.
573 2674 628 2716 Et
650 2673 695 2716 in
718 2674 855 2717 Indiis
878 2674 1061 2729 quidem
1084 2675 1169 2719 erit
1197 2690 1433 2720 necessum
1459 2679 1583 2718 hunc
1615 2676 1899 2732 viceprouin-

273 2749 433 2793 cialem
454 2762 555 2792 esse
576 2750 881 2805 designatum,
906 2751 979 2794 cui
1003 2765 1136 2795 casus
1156 2753 1503 2809 prouincialium
1527 2752 1749 2796 reseruari
1773 2761 1903 2808 pote-

273 2833 397 2871 runt.
422 2825 601 2869 Placuit
621 2834 778 2882 postea
799 2827 1000 2884 generali
1022 2830 1279 2885 praeposito
1302 2831 1346 2872 in
1380 2831 1446 2873 2.‘¹
1476 2829 1677 2885 generali
1708 2843 1901 2884 congre-

274 2902 474 2959 gatione,
507 2909 555 2944 vt
581 2902 841 2947 huiusmodi
871 2905 1104 2961 professus
1135 2906 1451 2962 designaretur
1485 2906 1529 2947 in
1567 2905 1760 2961 singulis
1797 2919 1902 2961 pro-

274 2978 460 3032 uinciis,
484 2979 541 3022 ad
563 2994 698 3035 quem
721 2994 854 3023 casus
876 2981 1220 3037 prouincialium
1252 2990 1614 3026 reseruarentur:
1642 2996 1797 3025 verum
1821 2996 1902 3023 cu-

275 3056 466 3098 randum
487 3062 557 3099 est
578 3063 628 3098 vt
654 3056 728 3100 ille
750 3065 928 3102 secreto
949 3059 1232 3115 designetur,
1259 3074 1342 3103 nec
1364 3059 1546 3115 signum
1569 3058 1750 3113 aliquod
1773 3060 1906 3102 detur
