2098 3470
290 190 360 227 502
763 187 917 225 Pin-ms
942 190 1184 228 Hmnonvm
1212 193 1363 229 NADAL

245 325 329 368 387
618 339 682 369 DE
710 339 1121 374 NECESSITATIBUS
1151 340 1495 375 COLLEGmRUM

337 443 530 500 Propter
546 453 762 502 vrgentes
779 449 1075 493 necessitates
1092 449 1272 506 collegii
1290 451 1359 493 vel
1379 453 1556 504 domus,
1579 451 1688 494 nihil
1707 453 1875 497 venda-

246 524 336 572 tur,
357 535 383 564 e
399 521 531 565 bonis
545 524 810 578 praesertim
827 525 1148 579 immobilibus;
1169 526 1216 569 in
1233 527 1492 571 euidentem
1512 543 1619 572 vero
1637 528 1875 574 vtilitatem

246 597 413 651 poterit
439 598 623 653 quidem
660 601 797 644 vendi
834 602 1020 657 aliquid,
1052 603 1138 646 nisi
1171 613 1395 660 repugnet
1434 604 1546 647 ratio
1580 605 1874 650 fundationis.

248 673 421 717 Verum
444 674 491 718 in
513 676 650 720 rebus
672 677 977 722 immobilibus
1000 681 1087 722 hoc
1111 681 1263 724 nullus
1293 681 1427 723 saciet
1455 688 1700 735 rectorum,
1726 682 1879 726 nullus

249 751 535 809 praepositus
557 753 728 807 localis,
754 755 1011 799 inconsulto
1033 757 1317 813 prouinciali,
1342 757 1418 812 qui
1440 757 1547 802 item
1564 758 1616 811 ,id
1634 773 1727 802 non
1745 759 1880 804 faciet

249 826 508 872 inconsulto
531 831 667 874 Patre
687 833 906 888 generali,
931 845 975 876 et
1000 834 1237 889 probante,
1264 833 1349 877 nisi
1373 834 1482 878 alias
1499 834 1712 878 disertam
1737 835 1879 879 licen-

251 903 358 947 tiam
386 905 484 949 eius
513 906 576 951 rei
613 909 822 952 haberet:
854 909 1018 965 poterit
1047 918 1198 955 tamen
1227 910 1518 967 prouincialis
1547 910 1593 953 in
1620 910 1880 955 euidentem

250 980 489 1027 vtilitatem
505 984 578 1027 vel
594 993 832 1041 vrgentem
849 986 1165 1031 necessitatem
1182 987 1352 1043 aliquid
1369 1002 1425 1031 ex
1448 987 1688 1041 mobilibus
1710 989 1882 1033 vende-

250 1071 300 1101 re
321 1059 395 1103 vel
416 1068 712 1115 commutare,
737 1071 783 1106 et
804 1063 903 1108 eius
925 1063 989 1107 rei
1006 1065 1114 1106 dare
1137 1065 1397 1109 facultatem
1421 1064 1688 1108 rectoribus.
1718 1065 1882 1108 Proui-—

251 1136 432 1180 debitur
459 1152 568 1182 vero
598 1139 867 1196 vrgentibus
894 1140 1241 1184 necessitatibus
1270 1141 1534 1198 acceptione
1561 1141 1723 1194 mutui,
1749 1142 1883 1185 modo

252 1229 311 1258 ne
327 1228 466 1271 supra
482 1214 601 1259 vires
617 1216 816 1274 collegii,
835 1219 908 1262 vel
927 1232 1051 1274 spem
1068 1217 1338 1261 ordinariam
1357 1219 1743 1274 eleemosynarum
1763 1218 1883 1262 acci-

252 1290 403 1347 piatur
419 1299 646 1336 mutuum.
668 1294 1006 1347 Prouidebitur,
1029 1294 1212 1338 Christo
1234 1295 1443 1351 propitio,
1462 1295 1499 1338 si
1523 1300 1607 1341 388
1629 1295 1885 1339 accuratius

253 1375 467 1423 petantur
489 1369 820 1426 eleemosynae,
855 1371 989 1415 etiam
1011 1385 1091 1428 per
1119 1379 1360 1424 rectorem,
1386 1379 1432 1416 et
1453 1373 1669 1416 selectum
1691 1372 1884 1428 aliquem

256 1445 454 1498 Patrem,
479 1453 660 1502 praeter
686 1447 962 1491 ordinarium
985 1448 1393 1493 eleemosinarium.
1422 1449 1596 1492 Poterit
1616 1449 1708 1506 peti
1731 1464 1758 1492 a
1779 1463 1885 1505 pro-

255 1522 456 1575 uinciali,
482 1531 531 1566 vt
553 1523 665 1567 illud
681 1525 924 1582 collegium
942 1527 1123 1570 leuetur
1139 1525 1290 1581 aliquo
1307 1528 1497 1569 numero
1517 1526 1721 1579 fratrum,
1742 1526 1815 1569 vel
1830 1540 1886 1570 ex

256 1599 594 1645 contributione
622 1601 813 1645 aliorum
841 1602 1135 1658 collegiorum
1164 1602 1364 1656 iuuetur,
1389 1603 1427 1646 si
1465 1617 1543 1658 per
1572 1602 1885 1647 fundationem

255 1675 377 1718 licet.
404 1677 644 1722 Extremae
665 1685 817 1722 autem
847 1693 939 1721 non
968 1678 1183 1723 euenient
1212 1678 1524 1732 necessitates,
1548 1678 1587 1721 si
1615 1679 1768 1734 plures
1797 1692 1888 1721 non

258 1753 437 1796 alantur
459 1753 506 1796 in
527 1755 662 1796 domo
682 1755 755 1797 vel
776 1754 987 1811 collegio,
1015 1770 1149 1811 quam
1168 1755 1246 1811 qui
1263 1755 1483 1799 reditibus
1501 1755 1574 1799 vel
1591 1754 1890 1811 eleemosynis

258 1828 496 1874 ordinariis
517 1830 576 1874 ali
596 1831 789 1887 possint.
823 1833 962 1887 Quod
984 1832 1022 1875 si
1045 1832 1186 1875 maior
1210 1847 1428 1876 numerus
1450 1833 1612 1884 alatur,
1634 1831 1678 1874 id
1696 1832 1773 1876 fiat
1789 1846 1890 1887 pro-

257 1913 359 1962 pter
382 1906 567 1951 maioris
588 1908 907 1964 eleemosynae
924 1924 1068 1965 spem,
1089 1910 1161 1952 vel
1177 1924 1234 1954 ex
1250 1909 1484 1965 proposito
1503 1908 1684 1952 maioris
1701 1915 1891 1951 conatus

259 1983 314 2026 ad
338 1983 437 2027 illas
459 1985 695 2041 augendas
716 2000 772 2030 ex
790 1993 913 2029 recta
935 1985 1110 2030 ratione
1135 1987 1341 2030 collecto.
1696 1978 1699 1981 ¹

348 2061 438 2104 Vbi
460 2062 518 2105 de
539 2061 891 2106 necessitatibus
909 2062 1089 2120 collegii
1107 2063 1313 2106 scribunt
1331 2070 1546 2115 rectores,
1567 2062 1781 2106 studeant
1797 2076 1891 2106 rem

259 2137 402 2193 ipsam
425 2139 559 2195 plane
580 2152 633 2182 ac
655 2138 919 2195 simpliciter
941 2155 1184 2196 exponere,
1211 2154 1295 2184 nec
1313 2147 1500 2183 vtantur
1517 2154 1607 2182 non
1626 2138 1892 2183 necessariis

260 2215 703 2271 amplificationibus.
737 2217 858 2260 Dent
891 2231 998 2260 vero
1026 2232 1209 2273 operam
1240 2216 1521 2273 diligentius,
1552 2224 1601 2258 vt
1637 2215 1890 2267 inueniant,

260 2306 351 2346 quo
368 2299 502 2348 pacto
518 2292 605 2335 illis
622 2292 973 2336 necessitatibus
990 2293 1226 2338 subueniri
1251 2293 1392 2350 possit
1416 2294 1537 2348 apud
1559 2292 1696 2349 ipsos,
1721 2299 1767 2336 et
1783 2292 1894 2335 illud

260 2370 381 2412 bona
402 2369 491 2413 fide
514 2377 744 2426 exponant
772 2370 1144 2425 prouincialibus.

259 2493 345 2535 389
699 2500 702 2506 “
946 2504 1009 2532 DE
1039 2503 1208 2534 MUTUO

353 2604 564 2646 Mutuum
589 2604 696 2647 dare
719 2603 961 2659 collegium
983 2618 1123 2646 vnum
1146 2603 1274 2647 alteri
1291 2610 1457 2659 potest,
1478 2602 1539 2645 ita
1562 2609 1712 2646 tamen
1732 2608 1781 2643 vt
1796 2602 1895 2645 red-

263 2680 463 2725 dendum
487 2679 653 2724 norint.
680 2682 802 2723 Dare
824 2694 931 2723 vero
954 2682 1073 2724 dono
1095 2696 1235 2723 vnum
1256 2679 1385 2724 alteri
1408 2694 1501 2722 non
1530 2686 1696 2735 potest,
1721 2678 1895 2735 praeci-

263 2773 353 2814 pue
375 2758 558 2814 quando
579 2756 752 2801 dotatio
774 2773 801 2801 a
822 2758 1060 2801 fundatore
1083 2757 1347 2801 nominatim
1370 2757 1433 2799 illi
1454 2756 1644 2813 collegio
1665 2764 1734 2799 est
1756 2755 1897 2811 appli-

264 2843 382 2890 cata,
408 2849 493 2879 nec
517 2850 599 2892 pro
626 2834 812 2878 arbitrio
842 2835 1084 2879 Societatis
1111 2836 1231 2878 bona
1267 2834 1443 2891 possint
1470 2832 1695 2876 distribui.
1729 2833 1897 2875 Parum

266 2921 418 2957 tamen
436 2913 668 2956 fructuum
691 2927 782 2956 non
804 2912 1070 2967 prohibetur
1086 2911 1182 2956 dari
1204 2925 1354 2967 posse:
1374 2910 1532 2955 alienis
1548 2925 1672 2962 vero,
1691 2909 1746 2952 iis
1763 2923 1896 2965 prae·

265 2989 443 3043 sertim,
474 2989 551 3046 qui
578 2989 664 3046 ipsi
701 2990 874 3032 soleant
914 2998 1122 3032 mutuare
1153 2989 1361 3045 collegio,
1394 2995 1601 3030 mutuare
1637 3000 1894 3043 possumus;
