2098 3470
721 289 997 327 Hominum-m
1022 288 1292 333 humum-19
1694 272 1774 325 '183

135 404 138 405 ’
193 393 281 437 fuit
301 392 593 450 prouincialis
618 391 667 435 in
693 392 730 436 F
731 390 921 443 landria,
944 397 991 434 et
1020 388 1228 433 visitator
1263 388 1311 433 in
1338 389 1506 444 Gallia,
1538 390 1623 434 fuit
1649 392 1821 438 Romae

193 469 413 515 assistens
429 459 533 513 cum
555 470 612 513 P.
635 467 879 513 Francisco
899 467 956 510 de
978 465 1163 524 Borgia,
1187 465 1433 523 praeterito
1454 467 1657 523 generali
1674 469 1820 514 bonae

111 573 116 576 <
193 545 456 600 memoriae,
480 546 628 590 donec
653 544 790 588 modo
823 558 908 601 per
931 542 1018 588 Dei
1050 542 1244 600 gratiam
1277 549 1347 587 est
1381 543 1554 587 electus
1575 544 1816 601 generalis,

193 623 301 681 quia
319 623 438 668 bene
458 621 648 666 meritus
666 622 724 664 de
745 620 990 666 Societate.
1419 630 1421 632 ·

211 756 218 763 .
284 699 427 745 Sexta
447 698 579 752 ratio,
603 697 709 754 quia
730 711 788 742 ex
806 700 893 741 hac
914 696 1136 742 electione
1158 696 1330 741 tollitur
1356 697 1535 741 occasio
1563 698 1821 742 ambitionis

193 783 241 822 et
260 776 409 820 omnis
429 775 621 833 suspitio
641 775 760 820 mala
778 774 1031 826 nationum,
1056 774 1353 818 confirmatur
1373 774 1571 818 maxima
1593 775 1700 818 vnio
1722 775 1822 819 ani-—

194 866 373 897 morum
398 860 445 897 et
467 851 666 897 charitas
685 858 847 903 mut-ua
866 850 1069 894 omnium
1091 857 1404 894 conseruatur.
1438 852 1694 896 Paternitas
1720 867 1818 905 sua,

194 937 246 973 vt
281 937 354 976 est
393 928 646 987 benignus,
684 927 845 986 diliget
879 942 1037 972 omnes
1072 934 1119 973 et
1158 927 1388 984 singulos,
1427 936 1473 972 et
1513 929 1729 986 diligetur
1764 929 1822 973 ab

194 1006 427 1094 omnibus,
448 1005 548 1051 sine
573 1019 871 1063 personarum
900 1003 1182 1062 acceptione,
1213 1006 1271 1048 ad
1297 1005 1489 1062 gloriam
1516 1006 1602 1051 Dei
1626 1014 1672 1051 et
1699 1007 1821 1050 salu-

195 1090 288 1128 tem
307 1083 575 1128 animarum.

284 1159 490 1217 Septima
511 1159 643 1211 ratio,
667 1159 943 1216 sperandum
964 1166 1036 1202 est
1060 1157 1188 1202 illum
1218 1160 1316 1203 fore
1343 1159 1651 1216 gratissimum
1679 1160 1825 1218 impe-

198 1236 337 1290 ratori
359 1243 405 1282 et
427 1235 639 1279 omnibus
665 1235 853 1293 regibus
873 1242 920 1279 et
939 1235 1222 1293 principibus
1241 1236 1515 1290 christianis,
1539 1237 1823 1294 potissimum

194 1313 483 1359 sanctissimo
503 1314 624 1356 Dno.
649 1312 876 1369 Gregorio
903 1313 1024 1365 XIII,
1050 1311 1205 1356 Pont.i
1225 1313 1391 1366 Max.⁰‚
1416 1314 1522 1369 quia
1549 1329 1632 1358 sua
1653 1314 1823 1358 sancti·

195 1397 266 1435 tas
287 1391 436 1435 orauit
455 1392 606 1434 Deum
630 1391 743 1447 Opt.
767 1391 888 1434 Max.
922 1397 970 1434 et
996 1390 1226 1435 celebrare
1252 1391 1363 1436 fecit
1389 1391 1572 1435 missam
1599 1392 1656 1435 de
1678 1391 1822 1448 Spiri-

194 1475 247 1513 tu
274 1474 438 1512 sancto
474 1482 558 1524 pro
585 1469 672 1511 hac
709 1466 731 1486 ⁸
761 1466 1000 1522 electione,
1037 1474 1089 1510 vt
1122 1467 1320 1524 optimus
1354 1469 1618 1525 eligeretur,
1653 1458 1702 1512 et
1736 1469 1821 1512 fuit

172 1545 447 1590 exauditus.
470 1544 542 1590 Sit
561 1546 688 1588 Deus
708 1543 978 1589 benedictus
997 1543 1044 1588 in
1066 1545 1248 1590 saecula
1263 1547 1565 1589 saeculorum.
1590 1547 1758 1590 Amen.

227 1659 230 1662 ⁴
281 1624 341 1685 In
360 1621 434 1676 4.⁸
447 1627 565 1680 pag.
581 1621 673 1680 sol.
699 1620 827 1676 184v,
849 1622 1010 1679 ignota
1031 1622 1159 1666 nobis
1180 1637 1340 1665 manu:
1364 1623 1609 1667 «Rationes
1626 1625 1823 1680 proban-

195 1708 266 1746 tes
289 1706 387 1758 opt.
410 1682 551 1743 fuisse
571 1698 839 1744 electionem
857 1700 911 1742 P.
935 1700 994 1743 N.
1020 1700 1288 1744 Euerardi.»

282 1777 391 1822 Alia
411 1790 555 1820 manu
577 1777 682 1819 item
705 1777 880 1840 ignota:
912 1777 970 1834 «†
995 1778 1048 1820 P.
1073 1776 1338 1822 Bobadillae
1354 1777 1571 1834 scriptum
1596 1786 1697 1834 post
1730 1779 1821 1822 ele-

194 1853 392 1899 ctionem
414 1854 471 1897 R.
497 1854 552 1897 P.
578 1852 796 1896 Euerardi
817 1853 1060 1910 generalis.
1080 1853 1314 1898 Dictatum
1332 1863 1483 1899 autem
1502 1862 1572 1897 est
1587 1856 1643 1898 ab
1660 1856 1819 1900 eodem

195 1932 251 1975 P.
278 1930 532 1984 Bobadilla,
555 1945 582 1973 a
613 1944 704 1986 quo
724 1937 772 1973 et
786 1929 1004 1986 scriptum
1028 1938 1075 1975 et
1095 1931 1253 1974 datum
1283 1932 1336 1974 P.
1369 1931 1562 1975 Claudio
1591 1934 1823 1976 Matthaeo

143 2015 157 2029 ⁴
194 2007 465 2064 prouinciali
498 2005 790 2062 Aquitaniae,
821 2007 955 2063 cujus
991 2007 1277 2064 infrascripta
1314 2023 1475 2052 manus
1502 2016 1616 2053 est.»
1648 2010 1716 2052 Ex
1753 2009 1825 2052 his

194 2083 295 2129 erui
314 2084 498 2128 videtur
518 2085 605 2127 hoc
627 2084 855 2140 exemplar
877 2097 978 2127 esse
999 2085 1314 2141 archetypum,
1339 2101 1363 2129 a
1383 2087 1435 2128 P.
1458 2087 1692 2130 Matthaeo
1713 2087 1824 2129 sub-

195 2161 415 2218 scriptum
437 2168 484 2205 et
505 2175 532 2204 a
554 2163 608 2204 P.
634 2160 870 2204 Bobadilla
891 2162 1180 2204 emendatum
1218 2162 1265 2204 in
1294 2177 1386 2205 uno
1413 2163 1529 2205 loco.
1563 2163 1642 2206 Illa
1672 2171 1823 2207 autem

197 2239 336 2284 verba
360 2238 520 2294 «cujus
546 2236 834 2294 infrascripta
863 2252 1025 2282 manus
1051 2244 1146 2282 est»
1178 2238 1377 2283 indicare
1406 2239 1617 2283 videntur
1646 2242 1825 2283 Patrem

109 2332 129 2363 ἐν
195 2315 478 2360 Matthaeum
495 2313 819 2370 subscripsisse
839 2315 1182 2366 documentum,
1206 2315 1264 2357 ab
1286 2315 1436 2371 aliquo
1464 2315 1645 2359 librario
1668 2331 1824 2360 exara—

99 2396 123 2403 ’“
196 2391 311 2436 turn.
334 2390 620 2447 Subscriptio
642 2397 795 2435 autem
822 2390 1122 2443 desideratur,
1154 2405 1256 2434 nam
1285 2392 1428 2444 locuS‚
1457 2393 1532 2435 ubi
1560 2406 1658 2436 esse
1686 2393 1825 2436 debe-

195 2468 292 2523 bat,
316 2468 475 2512 forfice
502 2467 685 2511 abcisus
713 2475 799 2512 est.

266 2646 301 2664 ²·
332 2636 419 2672 Hoc
436 2636 552 2673 verb.
574 2635 801 2672 Bobadillae
821 2647 936 2671 manu
955 2635 1129 2672 additum
1149 2636 1318 2672 videtur.
