2098 3470
537 228 814 264 Mortuum-m
839 225 1096 263 Gammausa
1121 222 1461 269 SUPBmoms-—37
1702 232 1767 271 241

270 330 492 374 Seruetur
517 329 678 386 regula
707 343 767 374 ne
791 327 974 371 mittant
1000 325 1176 382 aliquos
1205 325 1521 398 internuncios
1549 327 1623 370 uel
1661 325 1815 369 literas

181 407 354 462 absque
374 420 603 451 consensu
623 405 886 462 superioris.

267 483 338 528 Ne
354 483 602 539 accipiatur
623 497 805 536 munus,
830 481 916 524 nisi
935 481 1070 526 detur
1092 449 1302 537 collegio,
1328 494 1381 523 ac
1399 486 1509 522 tunc
1526 479 1610 522 erit
1629 481 1816 524 rectoris

178 559 380 604 iudicare
401 575 457 603 an
480 560 544 602 illi
565 559 623 602 sit
645 560 862 610 dandum,
882 558 955 602 cui
978 558 1189 613 mittitur,
1210 564 1259 600 vt
1280 557 1483 614 legitime
1506 556 1580 599 ille
1603 557 1811 613 accipiat,

178 636 217 680 si
240 644 310 690 est
330 636 662 693 accipiendum.

266 714 432 770 Quoad
452 714 551 757 eius
571 713 670 758 fieri
691 720 857 770 potest,
882 727 1040 757 omnes
1061 719 1248 757 seruent
1269 713 1468 768 regulas;
1494 718 1540 754 et
1570 710 1814 767 diligenter

175 790 390 834 obseruet
411 797 574 842 rector,
600 797 645 835 et
666 789 933 846 praesertim
956 803 1051 841 eos,
1077 789 1155 844 qui
1177 788 1323 845 magis
1340 795 1481 844 egent
1498 788 1750 844 disciplina.

193 896 197 900 -
263 868 304 909 A
327 870 460 924 tergo
482 868 638 922 quarti
650 867 776 925 folii,
803 867 988 910 Natalis
1011 881 1170 909 manu:
1191 865 1508 910 Monachiens.

952 979 1027 1022 37

558 1028 733 1118 QUAE
764 1064 935 1127 DlXIT
966 1064 1021 1106 R.
1059 1064 1112 1106 P.
1148 1061 1421 1105 NATALIS

369 1172 416 1203 D.
452 1172 609 1202 PAULO
639 1171 874 1202 DILINGAE
907 1171 1194 1202 REFERENDA
1227 1172 1272 1201 P.
1306 1170 1545 1218 DOMINICO
1601 1190 1610 1198 .

261 1252 399 1308 Quod
425 1252 596 1295 dictum
623 1260 692 1295 est
719 1252 766 1295 in
794 1252 964 1308 scripto
993 1253 1294 1308 paragrapho:
1327 1258 1486 1294 «curet
1518 1251 1722 1307 superior
1754 1251 1812 1294 de

170 1327 365 1373 lectione
400 1342 587 1372 casuum
625 1328 957 1373 conscientiae»
998 1335 1106 1381 etc.,
1147 1329 1235 1371 hoc
1268 1335 1472 1384 tempore
1504 1327 1615 1370 nihil
1647 1334 1813 1383 agatur

168 1405 314 1448 donec
334 1405 519 1450 redierit
539 1407 594 1449 R.
621 1407 675 1449 P.
700 1405 890 1450 Natalis:
912 1413 1021 1449 tunc
1037 1405 1203 1462 poterit
1219 1419 1324 1448 cum
1341 1405 1418 1448 illo
1433 1405 1491 1449 de
1507 1419 1561 1448 ea
1578 1420 1627 1448 re
1643 1404 1809 1449 iterum

169 1482 262 1539 agi.
289 1484 446 1538 Itaque
467 1485 784 1539 paragraphus
805 1482 881 1527 ille
896 1490 1207 1540 expungatur.

257 1560 396 1616 Quod
431 1560 478 1603 in
518 1561 679 1605 eodem
719 1560 888 1617 scripto
924 1560 1037 1603 dixit
1079 1562 1134 1604 R.
1181 1561 1234 1603 P.
1281 1552 1456 1616 Natalis
1498 1561 1807 1616 paragrapho:

172 1639 256 1682 «Ρ.
285 1636 554 1680 Dominicus
581 1637 798 1682 retineat»
823 1645 914 1682 etc.
951 1640 1003 1681 Ρ.
1037 1638 1230 1681 Paulum
1259 1638 1356 1682 fore
1377 1636 1705 1682 confessarium
1729 1638 1811 1680 do-

147 1727 287 1777 ·mus,
325 1714 491 1770 poterit
517 1729 618 1760 esse
653 1715 960 1758 confessarius
996 1714 1249 1779 aliquorum
1285 1715 1477 1758 fratrum
1516 1716 1568 1757 P.
1606 1715 1812 1758 Thomas

165 1791 332 1848 anglus
353 1792 386 1844 ¹,
411 1791 688 1848 reliquorum
720 1806 831 1836 uero
851 1779 916 1836 'P.
953 1791 1236 1844 Dominicus,
1270 1799 1454 1848 propter
1485 1791 1811 1848 occupationes

167 1869 221 1911 P.
246 1868 395 1921 Pauli,
420 1883 534 1924 quas
555 1884 611 1914 eo
633 1877 836 1926 tempore
858 1871 1014 1914 habet.

252 1946 304 1989 In
325 1947 487 1990 eodem
508 1946 693 2002 scripto,
718 1961 837 2003 cap.:
866 1947 1059 1991 «Nullus
1079 1955 1321 1991 externus»
1342 1954 1451 1999 etc.,
1470 1947 1679 1990 addatur:
1704 1961 1804 1989 «or-

163 2021 383 2077 dinarie›>;
407 2023 573 2079 poterit
594 2031 745 2067 tamen
768 2031 916 2067 rector
937 2025 1046 2068 dare
1069 2024 1346 2076 facultatem,
1371 2030 1420 2066 vt
1442 2023 1488 2066 in
1517 2025 1807 2080 paragrapho

159 2099 323 2143 ‘eodem
344 2099 525 2153 dicitur,
550 2086 672 2157 duod
692 2115 748 2144 eo
770 2100 946 2144 facilius
967 2101 1052 2143 erit
1073 2101 1198 2156 quod
1219 2100 1398 2152 ianitor,
1423 2097 1462 2144 si
1490 2100 1568 2156 qui
1596 2100 1798 2151 venient,

163 2176 222 2221 de
246 2175 301 2220 iis
327 2191 419 2220 non
447 2178 612 2221 referat
639 2178 697 2227 ad
722 2192 817 2231 eos,
850 2193 964 2234 quos
993 2184 1169 2233 petunt,
1200 2178 1281 2222 sed
1303 2178 1361 2220 ad
1383 2184 1621 2230 rectorem3
1647 2177 1803 2232 itaque

162 2253 328 2308 poterit
347 2253 480 2298 facile
501 2254 702 2311 iudicare
723 2269 784 2298 an
805 2254 895 2298 sint
915 2255 1099 2298 domum
1120 2254 1453 2307 introducendi,
1478 2262 1524 2297 et
1545 2254 1608 2297 ita
1630 2255 1686 2297 de
1703 2254 1805 2297 aliis
1852 2273 1860 2278 ·

162 2343 218 2372 ex
240 2330 584 2386 exceptionibus
603 2332 881 2388 regularum,
907 2331 1168 2387 praesertim
1191 2331 1229 2374 si
1250 2331 1470 2387 magister
1491 2339 1740 2387 peteretur.

234 2444 245 2464 ¹
294 2442 354 2477 Ex
371 2443 593 2490 apographo
607 2454 770 2486 coaevo,
788 2443 828 2478 in
845 2443 981 2479 codice
999 2443 1140 2481 Natat.
1161 2444 1280 2479 instr.
1305 2443 1459 2484 Germ„
1479 2442 1624 2489 duplici
1654 2442 1733 2487 fol.,
1761 2451 1806 2486 55

159 2505 201 2536 et
218 2501 278 2546 56.
298 2501 407 2537 Haec
425 2502 630 2538 instructio
647 2513 783 2538 mense
801 2503 906 2549 Julio
922 2503 1014 2538 anni
1035 2504 1125 2548 1566
1142 2502 1234 2538 data
1250 2502 1339 2546 fuit,
1358 2508 1473 2549 prout
1490 2502 1575 2549 ipse
1594 2502 1744 2537 Natalis
1764 2502 1803 2536 in

160 2552 325 2607 epistola
355 2569 397 2606 19
415 2561 523 2607 Junii
546 2561 691 2608 scripta
717 2561 826 2598 hisce
849 2562 983 2598 verbis
1009 2561 1167 2600 fatetur:
1189 2563 1328 2598 «Della
1352 2562 1468 2597 visita
1494 2568 1533 2596 et
1558 2561 1692 2596 ordine
1712 2561 1803 2595 dato

159 2619 200 2655 in
227 2619 431 2656 Monachio
458 2620 614 2657 auisaro
644 2623 680 2656 la
709 2622 753 2659 P.
778 2622 827 2658 V.
852 2621 902 2656 da
927 2619 1101 2667 Dilinga,
1125 2621 1228 2657 doue
1254 2621 1336 2657 faro
1363 2621 1487 2656 venir'
1517 2621 1542 2656 il
1571 2622 1613 2654 P.
1642 2621 1804 2655 Paulo.»

157 2677 220 2716 Cf.
237 2679 366 2726 Epist.
382 2681 430 2715 P.
447 2681 600 2723 Nadal,
614 2681 683 2727 111,
706 2682 786 2726 167.
806 2682 950 2716 Rector
968 2681 1215 2717 monacensis
1229 2681 1387 2726 collegii
1406 2687 1489 2715 erat
1508 2681 1551 2714 P.
1573 2679 1804 2714 Dominicus

155 2738 378 2787 Menginu33
398 2740 576 2776 minister
593 2746 633 2776 et
650 2740 902 2776 concionator
918 2741 961 2775 P.
990 2741 1133 2778 Paulus
1158 2740 1360 2783 Hoffaeus,
1386 2741 1449 2775 cui
1474 2741 1569 2774 haec
1595 2737 1802 2773 instructio

156 2797 339 2844 Dilingae
355 2799 446 2834 data
463 2805 540 2843 est,
557 2805 597 2835 et
615 2800 654 2836 in
678 2799 762 2847 ipsa
779 2802 910 2847 plures
927 2799 1179 2836 difficultates
1199 2801 1261 2835 vel
1279 2799 1411 2842 dubia,
1432 2799 1480 2834 de
1499 2799 1616 2833 rebus
1636 2798 1674 2832 in
1693 2808 1797 2843 prae-

155 2857 314 2894 cedenti
338 2865 590 2894 monumento
613 2860 821 2906 contentis,
849 2861 898 2895 ab
921 2859 1007 2906 ipso
1031 2859 1161 2895 Natali
1185 2860 1402 2895 solvuntur.
1429 2857 1543 2894 Unde
1568 2859 1639 2892 hoc
1667 2868 1801 2892 monu-

157 2923 332 2953 mentum
349 2923 410 2953 est
428 2918 551 2954 veluti
569 2918 675 2954 illius
692 2920 1038 2966 complementum.

185 2968 200 2988 ⁸
224 2978 239 2998 ¹
288 2975 333 3013 P.
350 2977 521 3012 Thomas
538 2978 809 3014 Darbishirus.
832 2977 894 3014 Cf.
916 2978 1045 3025 Epist.
1066 2979 1115 3012 P.
1138 2978 1288 3020 Ναάαῖ,
1310 2978 1380 3022 ΙΙΙ,
1403 2985 1480 3020 172.
1502 2977 1622 3011 Paulo
1641 2987 1710 3022 pos
1755 2975 1802 3012 in

153 3034 328 3071 Scotiam
346 3035 489 3071 missus
506 3041 582 3072 est.
601 3036 718 3083 Ibid.‚
743 3045 822 3084 159,
847 3037 929 3076 160.

334 3099 455 3129 Erm.
478 3100 516 3129 P.
536 3101 670 3136 Natum.
691 3109 772 3131 rou.
794 3102 859 3131 IV.
1583 3101 1618 3130 17
