2098 3470
805 217 1146 252 Iusrnucnomzs
1158 235 1183 241 —
1193 215 1237 250 61
1718 221 1786 259 421

207 326 369 363 center
390 318 504 371 fieri,
529 319 694 363 referat
715 318 773 362 ad
793 316 1066 370 ministrum,
1090 316 1185 372 qui,
1214 316 1253 360 si
1280 315 1327 360 in
1354 318 1441 360 hoc
1469 315 1679 360 habuerit
1707 329 1829 359 com—

212 394 488 448 missionem,
513 395 638 438 dabit
659 393 975 451 poenitentias;
999 393 1259 446 sinminus,
1285 400 1485 438 recurret
1508 392 1566 436 ad
1593 399 1832 437 rectorem.

296 474 368 516 De
388 472 644 516 defectibus
664 471 1012 528 particularibus
1035 472 1240 523 fratrum,
1259 470 1336 527 q'ui
1353 470 1560 514 sciuntur
1577 478 1705 514 extra
1723 484 1836 514 con-

208 548 463 602 fessionem,
503 549 638 594 etiam
674 549 712 592 si
743 548 835 592 sint
869 548 1049 600 secreti,
1079 548 1351 604 superiores,
1384 547 1830 603 superintendenteS,

204 625 395 678 scilicet,
420 634 584 679 rector,
608 625 829 678 minister,
853 632 1044 682 possunt
1065 625 1181 669 inter
1210 640 1259 669 se
1286 633 1482 668 tractare
1510 631 1556 669 et
1585 639 1689 667 cum
1722 639 1833 668 con-

147 703 149 706 ⁴
210 702 412 754 fessario,
443 710 493 745 vt
520 702 652 748 iuuet
674 717 770 755 eos,
808 710 855 746 et
874 703 1039 745 'nullus
1069 703 1127 747 de
1157 702 1228 745 his
1259 708 1423 746 tractet
1460 716 1564 744 cum
1595 701 1712 755 aliis,
1747 702 1834 745 nisi

206 779 602 823 manifestissimus
623 781 800 823 fructus
820 779 925 823 inde
945 786 1219 835 speraretur.
1243 780 1362 822 Cum
1384 793 1659 834 quocunque
1682 786 1832 823 tamen

203 855 265 900 de
285 856 475 901 secretis
496 845 751 902 defectibus
771 864 952 914 agatur,
986 856 1032 899 id
1059 857 1139 900 fiat
1165 863 1355 900 secrete.
1386 857 1458 900 De
1485 855 1584 898 aliis
1611 870 1720 898 vero
1751 856 1832 899 de-

207 932 420 985 fectibus,
445 933 522 988 qui
550 948 640 976 non
669 940 776 976 sunt
807 933 1119 989 particulares,
1159 934 1238 977 sed
1273 947 1539 988 communes
1566 933 1830 985 multorum,

205 1017 259 1052 vt
279 1010 484 1054 remissio
505 1010 836 1054 obseruationis
856 1010 1047 1054 alicuius
1067 1011 1270 1067 regulae,
1295 1011 1367 1054 vel
1389 1010 1539 1066 aliqua
1569 1009 1645 1054 138
1666 1009 1834 1065 imper-

206 1086 361 1140 fectio,
385 1088 458 1130 vel
478 1087 783 1132 inobedientia
804 1088 1056 1131 communis
1078 1088 1348 1144 aliquorum,
1370 1073 1575 1144 possunt,
1595 1086 1733 1129 immo
1751 1088 1833 1131 de-

205 1164 331 1216 bent,
358 1170 550 1207 tractare
571 1172 617 1207 et
636 1164 754 1207 inter
775 1179 824 1209 se
845 1164 1116 1221 superiores,
1140 1171 1187 1208 et
1207 1179 1311 1208 curn
1334 1164 1437 1216 illis,
1462 1163 1540 1220 qui
1566 1163 1614 1206 in
1642 1164 1741 1207 illos
1770 1164 1834 1206 in-

205 1240 448 1292 currerint,
468 1248 514 1283 et
531 1255 635 1284 cum
651 1240 749 1284 aliis
766 1241 941 1284 facilius
956 1242 1111 1298 longe.
1130 1243 1204 1285 An
1223 1249 1375 1286 tamen
1392 1241 1575 1297 publice
1590 1241 1682 1285 sint
1698 1241 1833 1285 etiam

205 1319 253 1360 in
281 1318 638 1374 congregatione
668 1319 856 1361 fratrum
886 1319 1000 1361 haec
1028 1319 1416 1375 reprehendenda,
1451 1319 1701 1374 perpendet
1727 1333 1833 1375 pro-

206 1383 415 1437 uidenter
437 1402 600 1437 rector.
626 1396 742 1437 Nam
764 1394 842 1437 vbi
870 1395 1150 1453 perturbatio
1179 1403 1392 1438 secutura
1423 1395 1575 1452 potius
1604 1395 1835 1439 videretur

203 1484 340 1526 quam
365 1471 556 1523 fructus,
581 1479 702 1514 esset
724 1471 799 1515 illa
826 1472 1007 1528 publica
1043 1473 1395 1528 reprehensione
1423 1473 1830 1528 supersedendum,

184 1536 249 1590 ‘et
277 1548 507 1604 agendum
535 1548 593 1592 de
629 1548 841 1591 remediis
878 1549 992 1592 aliis.
1033 1550 1135 1593 Hoc
1172 1550 1291 1594 enim
1330 1549 1617 1606 intelligitur,
1657 1549 1834 1594 etiamsi

201 1625 410 1669 defectus
430 1625 521 1668 sint
542 1624 769 1679 aliquibus
791 1625 972 1682 publice
993 1640 1272 1679 communes;
1298 1634 1466 1679 tamen,
1486 1627 1525 1669 si
1541 1627 1709 1682 alioqui
1727 1635 1835 1670 sunt

203 1701 384 1753 secreti,
408 1716 466 1744 ne
487 1701 794 1758 publicentur,
819 1702 906 1745 nisi
927 1717 1011 1746 suo
1032 1703 1190 1747 ordine
1212 1711 1258 1746 et
1278 1704 1394 1747 loco.

291 1777 548 1834 Diligenter
574 1778 960 1823 animaduertatur
996 1781 1153 1835 quales
1187 1781 1376 1825 comites
1413 1781 1722 1838 adiungantur
1758 1781 1829 1834 iis,

200 1853 281 1911 qui
297 1854 537 1898 mittuntur
554 1854 601 1898 in
619 1855 803 1911 aliquod
819 1857 1136 1909 ministerium,
1155 1864 1218 1909 et,
1232 1859 1414 1913 quando
1432 1859 1489 1901 ad
1507 1859 1831 1903 recreationem

202 1931 459 1984 mittuntur,
490 1947 598 1975 num
631 1933 698 1977 eis
726 1933 789 1975 illi
828 1933 919 1976 sint
954 1934 1092 1977 dandi
1128 1934 1333 1987 comites,
1373 1950 1490 1991 quos
1528 1935 1614 1992 ipsi
1650 1943 1830 1992 petunt.

203 2008 485 2052 Aduertatur
507 2009 578 2054 139
601 2016 770 2062 tamen,
795 2011 944 2066 quoad
965 2011 1063 2055 fieri
1089 2011 1270 2068 poterit,
1300 2020 1350 2054 vt
1378 2027 1470 2055 non
1498 2013 1664 2056 dentur
1691 2013 1832 2056 comi-

202 2091 272 2129 tes
293 2085 406 2128 adeo
422 2085 631 2130 diuersae
647 2086 937 2139 conditionis,
957 2096 1007 2131 vt
1024 2103 1104 2144 pro
1121 2089 1400 2134 recreatione
1419 2089 1616 2132 habeant
1634 2090 1833 2134 taedium

201 2161 322 2207 inter
342 2177 412 2207 se.

291 2239 523 2284 Caueatur
550 2257 608 2285 ne
637 2241 725 2284 alio
754 2255 804 2284 se
831 2243 1069 2285 conferant
1104 2243 1184 2295 illi,
1223 2243 1390 2299 quibus
1428 2244 1547 2287 facta
1578 2251 1647 2287 est
1679 2244 1829 2300 copia,

201 2322 252 2358 vt
287 2317 584 2361 confessionis
611 2318 864 2362 audiendae
891 2319 1037 2376 gratia
1063 2328 1190 2363 extra
1225 2321 1469 2377 collegium
1508 2329 1629 2373 eant,
1671 2322 1742 2365 vel
1777 2322 1833 2363 ad

199 2392 324 2436 aliud
345 2394 658 2438 ministerium.
686 2397 824 2451 Quod
856 2395 893 2439 si
916 2396 1153 2452 contingat
1184 2412 1278 2450 eos,
1314 2404 1509 2455 Vrgente
1540 2399 1829 2450 necessitate,

199 2469 247 2512 id
269 2470 446 2524 fecisse,
473 2479 728 2524 teneantur,
753 2473 937 2516 domum
962 2474 1151 2526 reuersi,
1174 2490 1228 2518 ea
1249 2476 1307 2519 de
1328 2490 1393 2527 re,
1413 2484 1462 2518 vt
1479 2477 1537 2518 de
1554 2475 1668 2527 aliis,
1695 2489 1831 2530 supe·

199 2545 364 2590 riorem
388 2549 535 2592 facere
558 2549 816 2592 certiorem.

241 2638 245 2643 ·
290 2625 551 2681 Intelligant
572 2625 827 2682 superiores
850 2629 1067 2684 imprimis
1089 2643 1189 2674 esse
1210 2630 1295 2673 sibi
1323 2630 1644 2681 necessarium,
1676 2636 1725 2671 vt
1748 2643 1830 2670 vo-

202 2701 402 2744 luntates
431 2716 615 2744 suorum
645 2703 730 2745 sibi
757 2705 956 2749 habeant
982 2706 1260 2760 conciliatas,
1300 2715 1345 2751 et
1372 2715 1420 2749 vt
1457 2706 1637 2762 fugiant
1674 2720 1830 2748 omnes

153 2781 164 2794 ’
199 2777 498 2831 offensiones,
514 2780 595 2843 ‘vel
615 2781 891 2835 auersiones;
917 2784 1038 2837 quod
1060 2783 1098 2826 si
1120 2797 1235 2838 quos
1257 2783 1512 2839 intelligent
1542 2782 1826 2826 auersionem

202 2853 339 2896 animi
360 2869 470 2910 erga
491 2870 540 2899 se
562 2848 1063 2914 concepissealiquam,
1088 2861 1301 2904 studeant
1324 2860 1443 2902 illam
1460 2874 1620 2902 sanare
1636 2858 1829 2900 infirmi-

201 2935 339 2974 tatem
362 2931 622 2990 diligenter.

290 3008 365 3050 Ab
382 3007 468 3059 his,
489 3008 565 3063 qui
582 3018 743 3064 petunt
761 3011 1062 3055 confessarios
1078 3027 1161 3068 pro
1184 3012 1387 3064 infirmis,
1409 3012 1567 3054 diebus
1590 3011 1828 3054 dominicis
