2098 3470
294 250 368 285 600
769 252 921 288 PATms
946 253 1190 289 Hmnonvm
1216 254 1365 291 NADAL

249 360 398 395 tamen
421 351 533 396 sciet
565 353 883 405 confessarius,
920 355 995 410 qui
1020 362 1259 410 postquam
1288 355 1440 399 omnia
1462 356 1735 410 adhibuerit,
1761 372 1876 413 quae

248 429 303 471 ad
334 428 639 473 conscientiae
678 430 823 473 forum
855 438 1058 487 spectare
1091 431 1287 482 nouerit,
1323 432 1497 488 copiam
1532 432 1572 476 ei
1597 433 1732 477 faciat
1764 434 1877 478 scri-

247 505 382 548 bendi
404 510 488 552 624
510 505 791 561 prouinciali,
815 521 867 550 ac
890 507 1021 551 simul
1045 507 1218 551 iubebit
1241 509 1361 550 bono
1383 523 1487 552 eum
1511 524 1611 553 esse
1633 509 1799 562 animo,
1829 519 1875 555 et

246 583 473 638 deponere
495 595 674 628 omnem
704 583 824 627 illam
851 584 1190 640 cogitationem,
1217 570 1406 641 epistola
1428 600 1538 629 vero
1559 587 1616 629 ab
1638 586 1739 643 ipso
1763 601 1878 631 con·

246 659 431 701 fessario
453 659 568 702 mitti
590 660 768 716 poterit;
797 675 1011 716 responso
1035 675 1142 705 vero
1159 670 1363 717 accepto,
1385 662 1559 705 iubebit
1581 663 1643 705 illi
1668 663 1876 719 acquies—

248 750 367 780 cere.

334 814 451 856 Cum
478 813 569 858 sint
600 815 961 870 praeueniendae
999 815 1272 859 tentationes
1312 816 1516 868 fratrum,
1559 817 1633 859 vbi
1671 817 1878 874 superior

244 897 368 933 certo
388 890 500 934 sciet
522 890 718 947 aliquem
741 892 1005 934 tentandum
1031 907 1085 936 ex
1104 890 1254 947 aliqua
1275 892 1548 945 obedientia,
1569 902 1615 936 et
1635 901 1786 950 speret
1804 901 1875 937 ta-

244 981 350 1009 men
380 967 500 1011 illam
533 982 665 1024 posse
698 967 877 1012 vincere
911 967 1224 1022 tentationem,
1250 984 1342 1012 non
1375 969 1569 1022 omittet,
1604 970 1715 1025 quin
1755 970 1875 1014 illam

245 1044 534 1099 praescribat,
565 1052 611 1088 et
640 1052 790 1088 tamen
819 1044 925 1088 vtile
954 1051 1074 1089 esset
1095 1044 1160 1087 vti
1190 1045 1495 1089 insinuatione
1522 1046 1691 1102 aliqua,
1724 1056 1774 1090 vt
1807 1049 1877 1091 vel

244 1120 436 1166 libenter
464 1121 764 1166 obedientiam
794 1121 913 1164 illam
942 1121 1208 1178 susciperet,
1243 1123 1312 1165 vel
1341 1123 1460 1166 bono
1489 1124 1639 1167 animo
1671 1123 1878 1169 vinceret

245 1197 550 1242 difficultates.

333 1274 382 1319 Si
403 1289 511 1319 vero
533 1283 656 1318 certa
679 1283 798 1320 esset
820 1275 1083 1319 coniectura
1105 1277 1226 1332 quod
1244 1291 1336 1320 non
1361 1283 1480 1320 esset
1502 1277 1737 1340 subiturus
1760 1279 1873 1322 obe-

245 1351 477 1405 dientiam‚
498 1365 583 1394 nec
605 1360 899 1408 superaturus
921 1351 1225 1405 difficultates,
1245 1360 1366 1397 esset
1387 1353 1640 1398 consultius
1656 1361 1702 1397 et
1719 1354 1875 1397 vtilius

246 1436 294 1470 vt
314 1427 377 1471 illi
399 1443 491 1471 non
513 1428 820 1485 imponeretur
837 1430 910 1472 illa
927 1429 1200 1480 obedientia,
1222 1431 1301 1474 sed
1318 1437 1437 1474 esset
1456 1430 1634 1474 animus
1651 1430 1869 1475 adiicien-

243 1506 329 1548 dus
361 1505 478 1550 serio
505 1513 553 1547 vt
580 1504 830 1558 iuuaretur,
856 1506 1000 1550 donec
1023 1506 1144 1549 illam
1167 1514 1212 1550 et
1235 1521 1393 1551 omnes
1415 1506 1697 1552 obedientias
1720 1516 1874 1563 posset

245 1581 376 1625 facile
396 1582 563 1626 subire.
589 1582 648 1626 Iis
677 1591 828 1626 tamen
852 1590 1003 1638 posset
1025 1587 1108 1631 625
1136 1583 1183 1626 id
1210 1582 1423 1640 praecipi,
1449 1584 1571 1638 quod
1601 1598 1690 1627 non
1721 1591 1875 1628 essent

246 1658 425 1713 facturi,
445 1658 483 1702 si
503 1660 711 1702 consulto
732 1659 795 1702 ita
817 1659 1050 1704 uideretur
1066 1661 1296 1716 agendum
1314 1660 1370 1703 ad
1388 1651 1658 1716 captandam
1675 1659 1879 1704 occasio-

245 1751 365 1788 nem,
394 1736 515 1780 vnde
538 1743 722 1792 possent
749 1735 849 1779 eiici
877 1751 902 1780 e
924 1736 1167 1789 Societate,
1194 1736 1271 1792 qui
1293 1736 1462 1792 alioqui
1491 1736 1758 1781 viderentur
1793 1737 1876 1781 eii-

249 1812 411 1857 ciendi.

841 1983 903 2012 DE
937 1977 1272 2013 ELEEMOSYNIS

337 2124 482 2166 Nemo
511 2123 695 2166 omnino
726 2137 881 2167 eorum
916 2124 1133 2176 omnium,
1165 2124 1244 2183 qui
1272 2123 1319 2166 in
1347 2123 1605 2167 obedientia
1634 2124 1875 2169 Societatis

250 2201 411 2243 viuunt
433 2199 639 2256 accipiat,
665 2215 723 2244 ne
746 2200 928 2244 nomine
951 2200 1133 2256 quidem
1155 2201 1485 2257 eleemosynae,
1510 2215 1592 2257 pro
1608 2201 1772 2256 quouis
1790 2201 1876 2244 mi-

247 2277 433 2321 nisterio
454 2276 637 2332 aliquid,
663 2278 785 2333 quod
813 2277 927 2320 sciat
949 2277 1113 2333 quouis
1134 2277 1344 2321 exteriori
1373 2277 1505 2333 signo
1527 2292 1608 2333 pro
1630 2277 1879 2322 ministerio

247 2354 359 2407 dari;
385 2361 431 2398 et
459 2362 611 2398 tamen
632 2353 791 2398 viuent
815 2354 1003 2410 professi
1026 2354 1417 2411 ex'eleemosynis‚
1442 2369 1599 2398 eorum
1620 2353 1773 2406 etiam,
1799 2355 1875 2410 qui

249 2431 367 2487 apud
388 2431 510 2487 ipsos
527 2431 817 2483 confitentur,
839 2439 882 2476 et
900 2431 1066 2487 quibus
1086 2431 1430 2475 concionantur.
1451 2430 1657 2487 Collegia
1674 2445 1872 2486 quoque,

249 2508 414 2564 quibus
436 2506 640 2551 redditus
662 2522 751 2550 non
774 2508 1022 2559 sufficiunt,
1048 2523 1104 2552 ex
1125 2507 1425 2564 eleemosynis
1447 2507 1619 2559 viuent,
1647 2506 1782 2551 etiam
1804 2506 1875 2559 iis,

248 2600 362 2640 quas
383 2585 638 2642 largientur
658 2583 883 2640 discipuli,
909 2593 987 2628 aut
1009 2584 1083 2628 alii
1103 2600 1259 2628 eorum
1283 2592 1493 2641 parentes
1515 2585 1588 2628 vel
1611 2591 1797 2628 tutores.
1829 2583 1879 2628 Si

251 2669 402 2707 tamen
424 2661 499 2706 isti
528 2675 686 2705 omnes
713 2661 938 2705 dicerent:
964 2669 1151 2718 propter
1177 2664 1265 2705 hoc
1285 2676 1376 2718 ego
1406 2662 1464 2704 do
1486 2660 1583 2713 tibi,
1608 2675 1700 2703 non
1727 2668 1879 2706 essent

250 2744 330 2786 626
353 2738 660 2795 accipiendae,
685 2744 822 2793 atque
844 2739 956 2781 adeo
979 2738 1239 2794 Vbicunque
1266 2738 1505 2782 intercedit
1527 2737 1710 2798 signum
1733 2736 1878 2781 sensi-

252 2815 358 2869 bile,
384 2817 506 2871 quod
527 2816 661 2859 detur
681 2829 822 2858 vnum
844 2830 926 2871 pro
950 2817 1107 2868 altero,
1133 2816 1244 2859 illud
1267 2815 1471 2872 accipere
1499 2829 1591 2858 non
1618 2828 1874 2871 possumus.

253 2894 316 2936 Vt
337 2892 375 2936 si
397 2892 548 2936 statim
569 2899 673 2949 post
694 2893 965 2937 celebratam
988 2892 1188 2948 missam,
1213 2899 1291 2936 aut
1313 2892 1642 2936 consessionem
1659 2890 1874 2941 auditam,

254 2977 334 3013 aut
370 2969 570 3012 habitam
603 2968 866 3012 concionem
903 2969 1427 3025 daretur‚eleemosyna,
1464 2967 1640 3011 etiamsi
1671 2967 1879 3012 dicerent

251 3047 375 3101 quod
397 3061 490 3090 non
513 3061 593 3102 pro
615 3061 668 3089 ea
690 3047 888 3089 daretur.
