2098 3470
287 262 362 308 464
765 265 922 302 Pan-ms
947 265 1191 302 annommr
1214 265 1367 301 NADAL

329 365 648 410 Confessarius
676 365 933 419 Societatis,
958 381 1048 410 non
1072 367 1218 409 solum
1239 367 1296 410 de
1327 366 1381 410 iis
1418 366 1703 424 interrogare
1741 369 1878 414 debet

241 449 437 494 nostros,
462 456 579 497 quae
601 443 855 486 necessaria
876 451 983 486 sunt
1005 451 1083 486 aut
1105 442 1230 486 vtilia
1252 444 1308 486 ad
1331 458 1629 501 progressum
1651 445 1811 489 salutis
1831 453 1877 491 et

242 518 547 574 perfectionis,
579 534 714 576 quam
742 520 932 576 professi
961 535 1135 572 sumus,
1172 521 1258 562 hoc
1287 529 1373 572 est,
1399 521 1456 565 de
1479 519 1694 564 omnibus
1715 536 1876 578 supra-

239 594 387 647 dictis,
408 602 516 648 etc.,
538 597 618 640 sed
636 597 771 640 etiam
793 596 845 650 is,
867 597 943 653 qui
961 598 1221 650 confitetur,
1238 611 1294 640 ex
1317 597 1604 654 obligatione
1626 612 1782 641 verum
1808 599 1874 642 fa-

239 674 324 716 teri
345 673 480 716 debet
501 673 558 715 de
579 687 633 716 ea
654 673 789 716 etiam
813 673 1191 730 transgressione,
1217 675 1274 716 ob
1297 688 1432 729 quam
1455 673 1667 718 Societas
1689 675 1746 718 ad
1767 689 1875 731 pec-

240 757 392 792 catum
415 763 507 792 non
529 749 718 806 obligat.
744 752 856 795 Fere
879 751 996 795 enirn
1022 751 1088 803 fit,
1113 757 1162 792 vt
1183 765 1274 793 non
1297 750 1475 794 desinat
1497 765 1598 795 esse
1618 760 1872 806 peccatum,

240 827 361 882 quod
379 827 435 869 ad
457 826 579 882 ipsos
595 827 772 879 attinet,
793 827 869 883 qui
889 828 1010 883 quod
1027 827 1246 871 deberent
1264 842 1355 891 non
1373 828 1638 879 obseruant,
1660 827 1876 884 quoniam

240 918 322 947 sua
339 905 472 960 culpa
492 905 584 947 fere
602 912 708 947 sunt
730 905 776 947 in
795 920 847 948 ea
865 905 1170 960 negligentes.
1193 905 1423 947 Accurate
1447 912 1601 949 autem
1622 908 1708 951 274
1731 904 1876 948 anim·

239 982 449 1024 aduertat
487 982 793 1025 confessarius
831 971 1213 1038 quemadmodum
1244 981 1558 1037 unusquisque
1596 981 1794 1033 incedat,
1829 989 1876 1026 et

241 1072 354 1113 quas
386 1059 443 1101 ad
482 1073 553 1102 res
583 1058 825 1115 praecipue
856 1058 914 1101 sit
945 1057 1204 1110 inclinatus,
1241 1065 1319 1101 aut
1352 1058 1513 1110 facilis,
1548 1065 1595 1101 et
1627 1058 1673 1100 in
1709 1058 1876 1113 quibus

242 1134 538 1191 periclitetur.
564 1136 720 1191 Atque
741 1135 888 1178 hocin
909 1135 1188 1179 Vniuersum.

327 1213 465 1267 Quod
487 1213 545 1255 ad
567 1211 835 1268 particulare
857 1212 1033 1263 attinet,
1059 1219 1190 1267 roget
1207 1211 1510 1256 confessarius
1527 1211 1807 1267 superiorem
1826 1219 1872 1256 et
1923 1207 1929 1213 ⁴

238 1288 463 1345 intelligat
486 1288 652 1344 quibus
673 1288 718 1331 in
741 1289 877 1333 rebus
898 1288 1188 1346 negligenter
1209 1289 1373 1344 agatur
1397 1288 1538 1340 domi,
1564 1295 1609 1332 et
1639 1288 1687 1331 in
1709 1288 1876 1343 quibus

239 1365 459 1408 consistat
481 1365 778 1422 negligentia,
810 1365 887 1420 qui
915 1365 1005 1407 sint
1034 1364 1339 1421 negligentes,
1365 1365 1513 1420 deque
1541 1364 1597 1408 iis
1626 1364 1876 1421 interroget

239 1443 528 1487 confitentes.
548 1443 721 1486 Omnes
739 1457 846 1487 vero
865 1442 1132 1498 interroget,
1150 1442 1206 1486 de
1224 1441 1391 1497 quibus
1405 1456 1497 1484 non
1516 1441 1651 1484 fuerit
1668 1456 1871 1494 securus,

239 1519 296 1563 de
328 1518 771 1571 conuersationibus,
797 1526 875 1562 aut
907 1518 1159 1574 colloquiis,
1195 1533 1309 1575 quae
1340 1518 1586 1561 habuerint
1621 1519 1762 1570 domi,
1802 1524 1874 1566 vel

240 1595 367 1639 foris.
399 1597 537 1651 Quod
558 1595 596 1639 si
618 1596 867 1652 periculum
892 1604 1098 1651 apertum
1122 1595 1272 1638 videat
1296 1595 1470 1651 peccati
1501 1595 1718 1647 mortalis,
1753 1596 1874 1651 quod

241 1688 330 1716 non
359 1672 588 1727 vitauerit,
617 1673 736 1716 norit
765 1687 919 1716 casum
949 1687 1048 1716 esse
1077 1679 1374 1716 reseruatum.
1408 1671 1457 1716 Si
1486 1671 1594 1715 item
1619 1672 1873 1728 periculum

241 1750 423 1806 aliquod
460 1750 534 1803 sit,
568 1757 614 1792 et
650 1749 773 1792 dicat
809 1749 1113 1793 confessarius
1150 1748 1402 1802 confitenti,
1441 1743 1490 1791 vt
1525 1749 1582 1792 ab
1614 1748 1876 1792 huiusmodi

239 1826 586 1871 conuersatione
607 1826 846 1878 abstineat,
868 1841 1015 1881 neque
1038 1833 1191 1868 tamen
1213 1825 1436 1868 confitens
1454 1824 1736 1880 acquiescat,
1755 1825 1878 1869 dicat

239 1904 297 1957 ei,
317 1912 367 1947 vt
389 1903 671 1960 superiorem
693 1904 984 1946 confessurus
1006 1903 1139 1945 adeat
1167 1904 1195 1954 “,
1216 1893 1321 1957 quia
1338 1902 1484 1946 cernit
1503 1917 1609 1946 eum
1627 1915 1678 1944 se
1694 1903 1876 1946 confes—

240 1981 358 2024 sario
381 1995 471 2023 non
500 1981 736 2037 proficere.
768 1980 992 2023 Aduertat
1020 1986 1172 2022 autem
1201 1978 1420 2034 superior,
1445 1986 1494 2021 vt
1522 1985 1646 2034 petat
1673 1992 1729 2021 ex
1761 1992 1876 2021 con-

241 2059 415 2110 fitente,
437 2072 525 2113 qua
542 2072 599 2101 ex
615 2054 752 2101 causa
768 2055 1070 2099 confessarius
1087 2055 1185 2100 eius
1201 2069 1306 2099 eum
1323 2055 1481 2099 audire
1498 2054 1717 2106 renuerit,
1738 2054 1875 2110 eique

242 2134 491 2179 remedium
515 2133 744 2190 praebeat,
765 2140 852 2178 etc.
878 2133 1002 2176 Idem
1022 2131 1157 2175 faciet
1179 2131 1504 2183 confessarius,
1527 2135 1612 2177 275
1635 2145 1775 2186 quum
1797 2132 1879 2174 ali-

240 2212 341 2268 quis
362 2211 642 2267 superiorem
664 2210 787 2253 adire
808 2209 1001 2253 voluerit
1018 2210 1076 2251 ob
1098 2222 1253 2251 casum
1277 2223 1333 2252 ex
1355 2207 1641 2252 confessione
1664 2221 1875 2251 reserua-

241 2298 352 2340 tum,
383 2289 470 2330 hoc
498 2295 566 2331 est
598 2301 687 2330 non
717 2286 971 2331 necessario
993 2292 1294 2336 reseruatum,
1326 2285 1406 2328 sed
1437 2291 1613 2327 tantum
1643 2285 1702 2326 ob
1730 2284 1876 2328 maius

238 2368 425 2418 bonum,
451 2367 539 2408 hoc
561 2375 630 2408 est
652 2364 772 2408 dicet
792 2360 1042 2407 confitenti:
1069 2364 1195 2418 «Ego
1217 2361 1548 2406 confessionem
1572 2369 1696 2405 tuam
1715 2361 1871 2415 audio,

238 2452 288 2487 vt
309 2442 517 2500 proficias
540 2449 585 2486 et
606 2442 663 2485 ad
684 2441 1007 2497 perfectionem
1025 2438 1348 2496 promouearis,
1370 2446 1419 2481 tu
1442 2451 1552 2481 vero
1576 2437 1621 2480 id
1644 2453 1735 2481 non
1754 2437 1870 2495 agis:

240 2536 379 2577 quare
400 2521 609 2566 existimo
631 2517 858 2575 expedire,
888 2525 937 2559 vt
965 2515 1186 2573 superiori
1214 2514 1489 2567 confitearis,
1514 2521 1559 2558 et
1588 2516 1648 2558 ab·
1674 2529 1729 2558 eo
1761 2528 1874 2558 con·

241 2598 477 2642 fessarium
496 2604 671 2654 petas».
699 2594 889 2650 Reliqua
906 2601 1117 2649 petantur
1133 2607 1192 2636 ex
1210 2591 1383 2648 regulis
1400 2591 1736 2644 communibus,
1756 2604 1873 2646 quae

242 2677 301 2718 ad
320 2673 584 2719 confessarii
607 2671 988 2728 interrogationes
1011 2669 1220 2713 attinent.

240 2796 533 2826 INSTRUCTIO
566 2793 777 2832 PATRUM,
803 2792 886 2830 QUI
927 2791 1143 2821 AUDIUNT
1167 2788 1526 2820 CONFESSIONES
1558 2788 1870 2827 NOSTRORUM,

420 2873 498 2902 VBI
524 2869 831 2902 PRAESERTIM
861 2867 1180 2898 DIFFICULTAS
1212 2866 1393 2904 ALIQUA
1420 2865 1697 2896 OBUENERIT

330 2963 631 3009 Confessariis
662 2963 853 3007 reddant
885 2960 1102 3003 rationem
1128 2960 1185 3016 (si
1217 2959 1294 3014 qui
1327 2958 1417 3001 sint
1443 2958 1730 3014 difficiliores)
1763 2971 1877 3001 suae

290 3073 300 3092 ¹
353 3073 440 3118 Jam
459 3070 507 3106 ad
527 3071 598 3106 hoc
616 3068 781 3115 obligari
799 3066 949 3114 nequit.
970 3066 1069 3101 Vide
1091 3077 1181 3112 pag.
1202 3074 1287 3111 402,
1306 3069 1439 3101 annot.
1463 3073 1494 3100 Ι.
