2098 3470
811 205 1241 244 Iusrnucriousss—61
1724 205 1793 251 485
1853 230 1869 236 -

207 309 358 355 tinent
378 310 434 352 ad
455 317 548 363 4.¹²¹¹¹
569 315 721 366 caput.
749 310 988 352 Postremo
1008 307 1251 364 rogabitur
1271 307 1441 352 velitne
1462 321 1516 351 ea
1536 308 1686 351 omnia
1708 323 1840 365 prae-

204 393 347 438 stare,
373 399 489 441 quae
511 385 557 429 in
579 400 634 430 eo
655 391 988 442 proponuntur,
1013 399 1071 428 an
1100 385 1212 427 non?
1234 385 1363 429 Haec
1401 398 1508 427 vero
1537 397 1565 439 4
1593 385 1743 441 capita
1765 400 1839 430 re-

207 461 471 518 linquentur
492 463 613 518 apud
633 477 754 516 eum,
776 461 854 519 qui
869 461 1168 514 examinatur,
1188 469 1237 504 vt
1254 461 1415 505 melius
1437 462 1595 506 eadem
1615 462 1710 518 ipse
1728 477 1838 506 con-

141 588 144 591 ,
205 539 391 582 sideret.

0 1208 11 1364 Ννψν-Ὴ-οσν
0 1111 8 1191 τν-ν
0 1085 2 1098 v·
0 1043 5 1067 -v-
0 1012 3 1019 -
0 976 3 998 -·-

296 615 382 659 His
409 615 618 672 peractis,
648 615 979 659 examinabitur
1009 629 1165 659 rursus
1197 613 1404 659 examine
1434 615 1649 671 peculiari
1688 630 1745 659 ex
1783 615 1837 659 iis

199 690 504 744 examinibus,
528 706 646 747 quae
668 699 1012 748 consequuntur
1032 699 1097 746 4.Γ
1116 691 1281 748 capita,
1302 699 1351 734 vt
1372 691 1580 748 superior
1598 692 1831 746 iudicabit;

203 782 296 824 quo
316 767 460 820 finito,
485 768 774 830 exhibebitur
794 768 875 842 illi·
884 769 1049 825 legend
1058 783 1132 812 um
1156 768 1356 824 diploma
1379 768 1736 812 confirmationis
1758 771 1833 812 Iu-

204 845 267 899 lii,
287 853 333 890 et
349 846 535 902 regulae
558 847 809 902 generales,
833 853 881 890 et
901 859 1183 890 communes:
1203 846 1250 888 in
1271 845 1563 902 generalibus
1581 846 1701 888 enim
1719 861 1834 890 con-

201 921 374 966 tinetur
389 922 498 979 quid
515 923 760 978 vnicuique
777 922 993 966 conuenit
1010 936 1066 965 ex
1083 922 1502 975 constitutionibus,
1522 923 1570 966 in
1587 922 1686 966 aliis
1702 938 1829 978 ver0,

197 1012 320 1054 quae
339 999 651 1055 vnusquisque
672 1006 910 1056 praeterea
930 999 1178 1044 obseruare
1199 1001 1363 1057 debeat
1380 999 1699 1052 communiter,
1720 1015 1831 1044 con·

200 1075 421 1121 tinentur.

288 1156 369 1200 352
401 1153 764 1210 Interrogabitur
790 1154 959 1200 velitne
986 1155 1170 1211 regulas
1203 1154 1317 1207 illas,
1349 1168 1507 1199 omnes
1536 1153 1828 1198 constitutio-

200 1244 298 1283 nes,
322 1243 456 1274 omne
482 1230 740 1274 institutum
771 1246 971 1277 seruare.

286 1307 692 1372 Animaduertatur
712 1308 865 1361 etiam,
890 1317 940 1352 vt
967 1309 1228 1353 huiusmodi
1255 1309 1639 1366 interrogationes
1661 1310 1826 1364 clarae,

197 1383 463 1440 perspicuae
489 1391 535 1427 et
562 1384 803 1429 distinctae
830 1386 957 1439 fiant,
982 1393 1028 1430 et
1058 1387 1216 1430 vltimo
1243 1386 1481 1443 rogabitur
1510 1386 1629 1431 sitne
1651 1386 1827 1430 indiffe-

196 1474 318 1513 rens,
342 1461 548 1517 deposito
572 1461 695 1504 omni
716 1462 885 1516 iudicio
906 1471 952 1508 et
974 1464 1211 1509 voluntate
1232 1463 1428 1520 propria,
1448 1471 1498 1506 vt
1519 1479 1573 1508 ea
1594 1464 1746 1508 omnia
1765 1465 1828 1508 fa-

190 1536 301 1590 ciat,
326 1551 443 1593 quae
465 1538 724 1582 obedientia
751 1540 1021 1595 decreuerit,
1057 1541 1218 1584 tamin
1254 1541 1324 1593 iis,
1356 1556 1474 1597 quae
1509 1541 1740 1598 pertinent
1771 1542 1827 1585 ad

196 1620 365 1658 statum
386 1614 572 1659 viuendi
600 1615 646 1658 in
675 1617 920 1670 Societate‚
946 1632 1082 1674 quam
1117 1619 1175 1662 ad
1204 1619 1524 1674 quodcumque
1553 1618 1752 1661 officium
1782 1627 1828 1663 et

190 1690 478 1735 exercitium.
1216 1739 1219 1745 ,

282 1768 389 1824 Quo
405 1768 612 1814 examine
629 1778 829 1826 peracto,
850 1778 895 1816 et
913 1771 1054 1815 relato
1071 1773 1131 1815 ad
1147 1772 1424 1829 superiorem
1444 1786 1549 1815 cum
1568 1772 1826 1829 responsio-

191 1844 326 1888 nibus
348 1860 403 1890 ex
425 1844 627 1890 eiusdem
658 1847 956 1904 praescripto,
988 1848 1156 1892 scribet
1179 1849 1460 1894 examinator
1481 1849 1664 1906 propria
1687 1864 1824 1892 manu

186 1921 250 1965 ad
279 1921 415 1966 finem
437 1922 657 1967 examinis
688 1925 811 1967 hunc
834 1925 989 1979 talem,
1013 1926 1111 1970 eius
1141 1925 1323 1971 nomine
1345 1934 1390 1971 et
1412 1926 1687 1983 cognomine
1708 1926 1823 1969 scri-

189 2005 256 2052 to,
287 1997 591 2043 examinatum
621 2000 761 2044 fuisse
789 2016 814 2044 a
851 2016 916 2055 se,
942 2002 1219 2046 nominando
1256 2003 1392 2048 etiam
1424 2017 1559 2046 suum
1588 2003 1820 2060 proprium

191 2087 356 2118 nomen
380 2069 425 2119 et
460 2089 717 2132 cognomen
753 2077 1075 2122 examinatoris
1113 2079 1215 2124 talis
1250 2081 1413 2124 domus
1443 2088 1523 2123 aut
1551 2080 1749 2137 collegi-i,
1775 2087 1821 2123 et

191 2152 314 2206 quod
334 2151 445 2194 nihil
466 2152 776 2209 impedimenti
797 2154 844 2198 in
867 2169 920 2199 eo
945 2163 1176 2212 repertum
1199 2157 1350 2210 fuerit,
1381 2165 1427 2202 et
1449 2158 1571 2214 quod
1593 2173 1642 2202 se
1670 2157 1822 2201 subie-

185 2227 303 2272 cerit
333 2228 543 2272 omnibus
570 2229 640 2283 iis,
666 2245 783 2286 quae
803 2231 1063 2288 diplomatis
1091 2234 1368 2290 apostolicis,
1394 2234 1817 2285 constitutionibus,

183 2303 382 2349 decretis
418 2307 844 2363 congregationum,
885 2310 1080 2367 regulis,
1119 2310 1350 2364 instituto,
1396 2311 1816 2362 constitutionibus,

189 2380 502 2435 continentur3
543 2390 589 2426 et
624 2387 708 2430 353
745 2386 1032 2441 peculiariter
1069 2387 1344 2433 mentionem
1383 2389 1517 2432 faciet
1555 2387 1817 2431 huiusmodi

187 2457 492 2502 examinatum
522 2459 701 2516 ingredi
731 2462 1009 2508 Societatem
1037 2478 1143 2508 cum
1178 2466 1301 2509 omni
1338 2465 1657 2516 indifferentia,
1692 2472 1738 2506 vt
1766 2478 1818 2506 ea

184 2534 340 2578 omnia
362 2534 516 2588 faciat,
542 2550 658 2592 quae
680 2538 929 2583 constituta
951 2541 1121 2586 fuerint
1149 2543 1206 2586 ab
1238 2542 1310 2596 iis,
1336 2557 1527 2598 quorum
1551 2556 1702 2592 curae,
1729 2555 1816 2597 gu-

186 2610 461 2665 bernationi,
481 2620 527 2658 et
548 2613 719 2658 iudicio
741 2617 1009 2661 commissus
1038 2619 1189 2663 fuerit.
1223 2620 1403 2664 Scribet
1431 2627 1662 2675 praeterea
1690 2618 1815 2660 illum

189 2688 328 2745 recipi
350 2690 406 2732 ad
433 2690 745 2745 probationem
768 2693 1010 2738 Societatis
1038 2696 1313 2740 authoritate
1341 2696 1606 2752 superioris:
1633 2695 1814 2737 tandem

185 2765 443 2810 subscribet
465 2781 631 2810 nomen
652 2783 786 2812 suum
808 2770 862 2823 is,
889 2771 966 2827 qui
982 2773 1286 2828 examinatur,
1306 2774 1423 2816 diem
1446 2780 1491 2815 et
1515 2787 1699 2823 annum,
1721 2779 1810 2816 etc.

276 2842 444 2885 Tradat
479 2843 614 2887 etiam
651 2854 860 2903 receptus
898 2862 1212 2905 quaecumque
1239 2852 1376 2894 habet
1415 2852 1606 2906 (praeter
1643 2856 1809 2902 vestes,

183 2916 352 2972 quibus
372 2918 590 2972 induitur,
610 2936 714 2965 nam
736 2937 813 2967 eas
835 2923 1065 2968 iubebitur
1087 2926 1280 2972 retinere
1302 2934 1347 2969 et
1370 2941 1454 2969 vsu
1477 2926 1698 2977 deterere,
1724 2925 1810 2967 nisi

183 3001 338 3037 essent
373 2995 679 3054 preciosiores)
716 3001 1002 3055 procuratori
1038 3003 1222 3057 domus,
1261 3003 1338 3058 qui
1375 3002 1524 3046 omnia
1562 3002 1727 3046 scribet
1764 3001 1810 3044 in
