2098 3470
343 239 413 285 854
920 243 1058 278 Episr.
1088 243 1131 278 P.
1161 241 1312 278 NADAL

294 349 485 398 spectet,
511 341 620 397 quid
643 350 876 399 sequatur,
902 343 938 387 si
963 358 1052 399 qua
1074 353 1142 387 est
1165 344 1426 398 declaratio;
1453 359 1545 388 non
1569 344 1652 398 vis,
1677 343 1829 399 Pater,
1854 346 1926 390 in·-

296 418 518 475 telligere,
544 427 593 462 vt
614 420 732 463 bene
754 434 866 477 agas
889 420 1116 477 transigas
1136 428 1238 464 tuas
1254 435 1486 465 censuras.
1513 422 1667 477 Itaque
1689 437 1927 467 necessum

297 503 365 540 est
389 503 433 539 te
457 497 639 539 tandem
664 495 709 539 in
731 498 968 553 scopulum
991 497 1222 542 offendere
1243 504 1288 540 et
1310 498 1601 554 naufragium
1632 506 1735 542 tuae
1763 513 1927 543 censu-

296 587 388 625 rae,
415 572 588 626 iudicii,
614 572 809 617 nominis
832 573 897 617 tui
920 576 1084 618 facere.
1112 575 1202 618 Sed
1221 588 1454 630 nunquam
1473 575 1586 619 haec
1604 577 1724 632 apud
1741 590 1811 619 me
1829 576 1929 632 plus

295 650 515 693 valebunt
538 664 673 706 quam
698 650 911 703 charitas,
938 666 1027 707 qua
1048 665 1137 707 ego
1159 658 1202 694 te
1225 665 1474 706 prosequor
1495 651 1541 694 in
1563 651 1648 695 X.‘’
1673 642 1789 696 Iesu.
1821 652 1828 709 Ι

387 728 643 779 Postremo,
671 728 792 783 quod
813 727 1029 784 intelligis
1051 727 1178 783 loqui
1200 742 1283 771 nos
1304 729 1362 773 de
1389 743 1543 772 amore
1566 729 1658 782 illo,
1682 729 1761 785 qui
1783 729 1932 773 chari-

294 810 403 856 tate,
423 817 540 858 quae
557 803 703 847 virtus
719 811 787 848 est
806 802 1033 860 theologa,
1051 803 1366 860 proficiscitur;
1382 812 1427 848 et
1445 805 1732 859 confitemur,
1754 813 1799 851 et
1821 820 1931 849 con-

291 880 574 923 firmauimus
595 880 642 923 in
665 881 990 937 superioribus,
1013 881 1086 937 pie
1104 895 1188 924 nos
1200 867 1250 924 'id
1267 882 1468 935 credere,
1489 897 1652 939 nempe
1669 882 1713 925 in
1737 882 1824 926 illis
1844 885 1929 926 ho-

292 957 503 1009 minibus,
530 957 607 1012 qui
630 971 711 1013 pro
733 957 850 1000 virili
878 972 982 1001 cum
1013 956 1087 1000 X.i
1115 959 1216 1002 Iesu
1246 958 1394 1014 gratia
1417 959 1702 1013 annituntur,
1728 966 1776 1002 vt
1805 959 1928 1002 illam

293 1041 609 1089 assequantur,
637 1035 708 1078 vel
736 1043 1026 1087 conseruent,
1053 1035 1347 1079 sacramentis
1368 1035 1598 1088 adhibitis,
1623 1035 1926 1079 meditationi-

226 1111 229 1113 ’
293 1113 396 1165 bus,
437 1110 595 1163 sacris,
635 1110 932 1174 ora-tionibus,
958 1111 1165 1168 diligenti
1202 1111 1353 1155 cordis
1382 1126 1434 1155 ac
1463 1127 1680 1156 sensuum
1703 1112 1924 1165 custodia,

291 1187 554 1231 huiusmodi
581 1187 702 1231 enim
730 1187 838 1231 solis
868 1189 950 1231 has
978 1188 1225 1231 electiones
1253 1188 1660 1243 communicamus,
1686 1189 1732 1232 in
1761 1189 1930 1245 quibus

290 1264 399 1320 quid
437 1264 601 1308 mirum
644 1264 682 1307 si
725 1265 991 1309 charitatem
1034 1253 1250 1309 Virtutem
1295 1266 1555 1322 theologam
1593 1265 1929 1309 constituamus

290 1343 410 1386 vnde
432 1341 622 1398 eligant.
649 1343 766 1386 Nam
789 1342 898 1397 quid
921 1342 1131 1398 primarie
1153 1343 1224 1386 vel
1249 1342 1495 1386 restituunt
1518 1350 1816 1395 sacramenta,
1853 1344 1926 1387 vel

292 1420 486 1476 augent?
529 1419 693 1462 Nonne
740 1418 1028 1462 charitatem?
1076 1420 1151 1462 Ad
1193 1418 1311 1462 idem
1349 1426 1501 1462 autem
1545 1433 1629 1462 suo
1662 1419 1809 1476 gradu
1843 1419 1931 1463 alia

291 1496 453 1539 iuuant
475 1496 549 1540 216
572 1504 617 1541 et
640 1496 715 1539 illa
737 1496 834 1553 ipsa
856 1504 925 1540 est
947 1496 992 1538 in
1016 1495 1188 1552 primis,
1221 1511 1337 1552 quae
1353 1504 1372 1522 ⁸
1400 1496 1594 1553 seipsam
1611 1496 1754 1539 nutrit
1771 1503 1816 1540 et
1835 1510 1930 1540 am-

290 1572 460 1628 plificat
482 1574 648 1618 adhuc:
676 1573 784 1628 quid
814 1573 894 1615 tibi
916 1572 1060 1616 videri
1088 1580 1237 1629 potest
1258 1572 1471 1625 alienum,
1497 1572 1535 1616 si
1553 1587 1751 1616 amorem
1768 1580 1928 1618 exerat.

291 1650 510 1694 diuinitus
532 1650 749 1704 infusum,
765 1650 840 1693 cui
857 1666 913 1694 ex
929 1649 1634 1710 hypothesi*coeleste'charitatis
1650 1664 1702 1693 ac
1720 1649 1925 1692 diuinum
1950 1634 1952 1637 .

291 1742 391 1771 esse
413 1727 613 1771 infusum
636 1733 705 1771 est
727 1741 806 1783 per
828 1726 1046 1783 Spiritum
1070 1735 1295 1779 sanctum,
1317 1726 1394 1782 qui
1417 1726 1479 1769 illi
1501 1727 1636 1769 datus
1656 1727 1746 1770 est?
1767 1727 1937 1770 Nonne*

292 1804 419 1847 vides
440 1806 557 1848 hanc
579 1819 680 1849 esse
701 1804 940 1848 veritatem
964 1803 1252 1855 catholicam,
1273 1805 1392 1847 hanc
1413 1817 1518 1847 esse
1539 1802 1761 1847 rationem
1778 1802 1929 1847 meriti

292 1880 628 1938 decondigno,
660 1881 938 1924 contrarium
967 1896 1075 1925 vero
1103 1882 1394 1925 lutheranum
1424 1894 1525 1924 esse
1554 1887 1599 1925 et
1622 1880 1710 1923 iam
1740 1879 1844 1923 olim
1876 1881 1940 1923 ab

292 1958 483 2003 ecclesia
505 1958 755 2001 orthodoxa
771 1958 1056 2001 damnatum?
1080 1957 1173 2013 Qui
1193 1956 1335 2013 igitur
1356 1956 1403 1999 in
1427 1956 1650 2000 charitate
1668 1963 1758 2009 est,
1779 1971 1836 2000 ex
1857 1955 1932 2001 illa

290 2035 337 2078 in
365 2042 494 2079 actus
516 2034 750 2091 egreditur
771 2035 885 2078 adeo
907 2036 1142 2087 coelestes,
1169 2035 1282 2078 adeo
1298 2033 1495 2086 diuinos,
1517 2041 1566 2076 vt
1589 2033 1727 2076 vitam
1749 2047 1830 2090 per
1853 2047 1938 2077 eos

292 2119 523 2156 aeternam
559 2118 801 2155 mereatur.
831 2114 933 2169 Jam
966 2126 1075 2155 vero
1108 2111 1197 2164 alii,
1231 2110 1307 2166 qui
1337 2112 1456 2154 hanc
1489 2110 1701 2154 virtutem
1735 2124 1826 2153 non
1859 2123 1933 2152 as-

291 2197 563 2245 sequuntur,
582 2189 639 2232 ad
661 2202 761 2232 eam
789 2189 795 2245 Ι
823 2188 920 2231 aliis
944 2188 1104 2232 mediis
1126 2187 1339 2244 primum,
1365 2187 1463 2230 aliis
1485 2187 1660 2230 artibus
1677 2184 1935 2229 deducendi·

293 2273 418 2321 sunt,
442 2273 491 2309 vt
512 2256 648 2310 etiam
666 2280 746 2322 per
766 2265 889 2308 illam
906 2265 1116 2322 illiusque
1134 2272 1263 2308 actus
1281 2263 1451 2321 eligere
1467 2263 1657 2320 possint.
1680 2264 1808 2307 Haec
1825 2261 1940 2306 satis.

293 2358 394 2388 esse
416 2343 577 2399 opinor
598 2343 656 2385 ad
678 2344 795 2385 hanc
820 2349 943 2385 tuam
966 2356 1223 2387 censuram.
1248 2343 1318 2386 De
1349 2356 1439 2396 qua
1462 2350 1614 2385 tamen
1636 2341 1778 2384 multa
1798 2338 1933 2384 etiam

292 2420 339 2463 in
362 2419 676 2476 sequentibus,
702 2426 839 2474 atque
861 2419 972 2462 illud
994 2419 1040 2461 in
1068 2418 1239 2474 primis,
1265 2417 1303 2461 si
1334 2417 1562 2461 certitudo
1590 2416 1727 2460 huius
1758 2415 1934 2473 gratiae

296 2497 454 2542 haberi
471 2513 563 2541 non
579 2496 737 2553 possit,
757 2510 838 2552 pro
856 2496 977 2551 quali
996 2502 1173 2552 pugnat
1191 2497 1486 2539 vehementer
1503 2493 1687 2549 quidam
1704 2507 1760 2538 ex
1776 2491 1938 2535 ordine*

298 2583 379 2618 tuo
404 2577 434 2629 ⁸,
460 2573 761 2618 communiter
783 2587 892 2615 num
916 2573 1037 2628 quod
1067 2571 1284 2615 indicium
1306 2570 1397 2614 sint
1418 2584 1581 2615 sensus
1603 2569 1763 2625 aliquis
1784 2569 1818 2612 ².
1843 2567 1933 2612 Sed

298 2651 431 2695 aliam
453 2651 559 2694 huic
582 2649 871 2694 coniunctam
894 2648 1145 2692 audiamus.

372 2782 389 2799 a
438 2770 505 2806 Bis
523 2771 597 2806 hoc
617 2770 730 2807 verb.
750 2774 811 2804 est
829 2769 868 2803 in
888 2778 959 2802 ms.

373 2873 381 2892 ¹
435 2871 669 2907 Ambrosius
685 2869 919 2907 Cathatinus
937 2868 1207 2913 (Lancelottus
1227 2866 1362 2912 Politi)
1381 2865 1431 2903 O.
1458 2866 1505 2902 P.
1518 2894 1527 2912 ‚
1546 2866 1586 2901 in
1603 2864 1781 2912 apologia
1798 2868 1932 2900 contra

303 2932 441 2967 Sotum
451 2932 550 2966 hanc
563 2927 839 2966 certitudinem
850 2926 1039 2963 defendit.
1054 2927 1234 2973 Quonam
1248 2930 1380 2962 autem
1394 2936 1513 2961 sensu
1527 2924 1632 2960 inam
1646 2923 1831 2971 explicet,
1842 2921 1935 2959 vide

301 2990 404 3037 apud
422 2990 683 3034 SUAREzmM,
707 2987 839 3023 Tract.
860 2987 907 3022 de
921 2987 1084 3033 gratia,
1102 2990 1212 3032 parte
1227 2984 1297 3031 111,
1315 2984 1384 3020 lib.
1404 2984 1472 3031 IX,
1493 2994 1579 3030 cap.
1599 2984 1648 3018 X.

374 3053 387 3072 ²
446 3048 660 3086 Obscurior
678 3053 740 3083 est
756 3045 820 3082 hic
837 3047 959 3082 locus.
980 3045 1128 3081 Sensus
1147 3055 1241 3079 vero
1264 3043 1379 3090 hujus
1397 3041 1640 3090 quaestionis
1658 3052 1746 3077 esse
1765 3040 1933 3078 videtur:
