2098 3470
323 279 393 328 398
794 282 950 319 Plu-ms
974 283 1217 320 Humouvm
1242 284 1393 321 NAnAt,

278 383 464 437 reuerti,
490 389 535 428 et
557 382 619 426 ita
640 390 818 429 secreto
840 383 1094 427 dimittatur
1116 399 1142 428 a
1163 385 1410 430 Societate.
1436 386 1485 431 Si
1506 387 1647 431 nollet
1676 387 1818 446 abire,
1843 390 1905 433 illi

273 458 511 515 grauiores
533 466 685 504 essent
707 460 764 506 79
785 460 1070 505 obedientiae
1091 461 1163 504 vel
1185 461 1491 518 experientiae
1513 462 1835 521 iniun'gendae,
1859 474 1906 511 et

277 550 390 590 quas
419 543 539 580 esset
567 535 845 589 coniectura,
877 536 1023 593 ipsum
1053 551 1147 580 non
1176 552 1276 582 esse
1307 539 1610 595 expleturum.
1653 539 1762 585 Inde
1798 556 1907 587 vero

273 627 414 656 causa
435 612 632 657 exterior
654 612 935 670 acciperetur
958 612 1083 656 illum
1106 613 1380 668 dimittendi,
1411 616 1484 658 vel
1511 623 1666 672 posset
1696 612 1768 661 re's
1796 618 1906 676 legi·

278 689 386 732 time
413 689 509 733 fieri
539 689 796 743 manifesta;
829 691 954 745 quod
982 689 1045 732 illi
1072 697 1193 734 esset
1215 691 1584 746 praedicendum,
1617 692 1703 736 nisi
1730 702 1907 739 secreto

275 766 413 811 vellet
450 766 590 818 abire,
631 781 726 810 rem
763 781 864 811 esse
901 767 1245 822 propalandam,
1285 777 1334 810 vt
1371 768 1574 825 legitime
1610 784 1667 814 ex
1701 770 1907 816 doctrina

273 843 505 899 euangelii
527 850 573 886 et
594 856 649 886 ex
672 850 827 886 nostro
854 842 1062 886 instituto
1083 857 1343 899 possumus
1369 845 1453 888 Vel
1475 845 1658 889 omnino
1685 848 1906 891 vtendum

277 919 485 964 libertate
506 926 676 962 nostra.
698 921 803 963 Non
826 920 945 964 enim
969 934 1207 963 necessum
1229 928 1315 973 est,
1336 928 1384 963 vt
1401 935 1586 964 causam
1610 922 1905 979 explicemus,

275 1011 381 1040 cum
404 997 601 1053 aliquem
625 996 908 1050 dimittimus3
935 998 1015 1039 sed
1036 1004 1106 1039 sat
1127 1005 1196 1041 est
1219 1005 1428 1043 constare
1449 999 1506 1043 de
1534 999 1770 1044 voluntate
1790 1000 1901 1056 legi-

276 1073 386 1118 tima
423 1073 684 1129 superioris;
724 1073 988 1130 praesertim
1027 1086 1130 1116 curn
1169 1073 1331 1117 dimitti
1364 1074 1525 1130 aliquis
1560 1075 1703 1132 possit
1733 1077 1906 1132 absque

278 1149 429 1205 aliqua
466 1151 600 1206 culpa
635 1164 719 1193 sua
745 1157 791 1194 et
818 1157 1002 1206 propter
1029 1150 1234 1193 defectus
1264 1158 1439 1194 tantum
1477 1153 1705 1196 naturales
1731 1153 1804 1198 vel
1834 1153 1905 1196 in·

274 1226 611 1271 sufficientiam.
645 1226 695 1271 Si
731 1242 839 1270 vero
869 1234 1044 1269 tantum
1073 1226 1242 1270 sciatur
1269 1236 1507 1283 peccatum
1535 1228 1634 1273 eius
1665 1229 1737 1274 vel
1768 1244 1904 1273 causa

273 1305 360 1347 sub
390 1304 486 1346 solo
516 1303 666 1360 sigillo
694 1303 991 1348 confessionis
1019 1318 1045 1347 a
1081 1303 1329 1360 superiore,
1366 1305 1443 1369 qui
1474 1306 1612 1350 habet
1644 1307 1902 1352 facultatem

271 1379 546 1434 dimittendi,
572 1394 756 1424 causam
780 1380 959 1436 quidem
985 1381 1056 1424 vel
1077 1387 1314 1437 peccatum
1342 1381 1631 1427 manifestare
1659 1398 1752 1426 non
1774 1390 1905 1440 pote-

274 1457 348 1510 rit,
374 1472 458 1502 nec
481 1459 537 1501 de
558 1473 613 1501 eo
641 1459 893 1511 consulere,
928 1458 965 1501 si
999 1465 1175 1501 tantum
1208 1458 1253 1501 in
1285 1459 1571 1503 confessione
1602 1459 1788 1514 sciatur;
1823 1461 1904 1504 sed

274 1534 441 1591 poterit
463 1535 539 1578 vbi
561 1534 647 1579 alia
669 1549 822 1588 causa,
849 1550 983 1593 quam
1006 1534 1063 1580 80
1090 1535 1204 1578 sciat
1231 1542 1358 1580 extra
1386 1536 1736 1580 confessionem.
1769 1538 1904 1593 Quae

271 1612 312 1655 si
334 1627 426 1655 non
448 1620 659 1655 occurrat
687 1612 924 1665 eiusmodi,
957 1627 1073 1668 quae
1100 1612 1242 1669 possit
1269 1627 1370 1656 esse
1396 1612 1630 1658 sufficiens
1659 1615 1716 1657 ad
1745 1613 1903 1657 dimis-

270 1688 464 1742 sionem,
490 1688 551 1731 ibi
574 1696 726 1733 essent
754 1689 1017 1734 occasiones
1046 1704 1181 1734 verae
1209 1688 1391 1745 quidem
1421 1704 1477 1734 ex
1506 1689 1715 1733 instituto
1746 1691 1903 1734 obser·-

275 1767 451 1809 uandae
473 1774 611 1821 atque
633 1765 939 1822 accipiendae,
965 1767 1085 1810 vnde
1107 1774 1262 1823 posset
1289 1766 1560 1811 obedientiis
1587 1766 1806 1819 exerceri,
1832 1769 1905 1812 vel

269 1843 564 1899 experientiis
587 1843 844 1895 Societatis,
871 1857 988 1898 quae
1010 1843 1213 1888 fortassis
1230 1858 1320 1886 non
1339 1851 1459 1887 esset
1475 1843 1761 1900 impleturus,
1784 1844 1904 1887 vnde

268 1920 451 1963 occasio
468 1920 585 1963 sumi
602 1919 742 1976 possit
757 1920 882 1962 illum
905 1920 1177 1972 dimittendi,
1203 1921 1273 1963 vel
1297 1921 1562 1963 consulatur
1578 1919 1641 1962 illi
1658 1920 1904 1964 efficaciter

269 1997 317 2040 in
334 1997 634 2049 confessione,
655 2006 704 2040 vt
726 2004 850 2053 petat
871 1997 1102 2042 licentiam
1120 1992 1684 2053 discedendi‚*pr·aesertim
1707 1996 1746 2040 si
1764 2010 1903 2040 causa

275 2081 555 2131 perseueret.
582 2074 809 2117 Indicetur
833 2074 968 2118 etiam
991 2074 1037 2116 in
1059 2074 1381 2119 detrimentum
1411 2073 1651 2118 Societatis
1678 2073 1804 2116 illurn
1832 2089 1903 2118 re-

272 2151 429 2205 tineri,
461 2151 498 2194 si
526 2166 582 2195 ex
611 2165 898 2207 quocumque
926 2166 1096 2208 genere
1124 2164 1152 2205 4
1179 2165 1435 2205 causarum,
1461 2165 1574 2207 quas
1602 2150 1761 2194 statuit
1789 2164 1903 2194 con-

270 2229 465 2281 stitutio,
491 2228 666 2271 accidat
690 2228 937 2272 necessitas
958 2227 1084 2271 illum
1106 2227 1376 2272 dimittendi.
1398 2228 1536 2283 Quod
1556 2227 1594 2271 si
1617 2227 1728 2271 nolit
1756 2226 1903 2270 consi-

274 2307 346 2351 liis
369 2307 698 2362 obtemperare,
723 2305 786 2348 illi
808 2313 877 2349 est
899 2306 1233 2362 exponendum,
1259 2305 1304 2348 in
1323 2306 1439 2348 mala
1456 2297 1735 2348 conscientia
1755 2303 1902 2360 ipsum

269 2397 388 2436 esse,
408 2383 447 2426 si
468 2383 582 2426 nolit
603 2382 741 2426 abire.
770 2383 910 2438 Quod·
927 2382 965 2425 si
988 2389 1109 2426 esset
1130 2390 1428 2438 compertum,
1454 2397 1511 2426 ne
1533 2381 1797 2424 absoluatur
1818 2394 1902 2424 nec

270 2460 482 2504 audiatur
499 2460 596 2503 eius
614 2458 858 2512 confessio;
880 2466 925 2503 et
941 2459 979 2501 si
997 2458 1181 2502 omnino
1197 2465 1509 2515 perseueraret
1526 2472 1698 2502 sacram
1715 2456 1758 2501 81
1777 2471 1902 2500 corn-

273 2537 537 2581 munionem
560 2551 741 2581 sumere
761 2535 934 2592 absque
956 2535 1239 2579 absolutione
1262 2536 1402 2592 (quod
1422 2549 1655 2590 nunquam
1672 2534 1751 2578 fiet
1769 2533 1901 2577 Chri·

272 2623 345 2659 sto
366 2614 593 2671 propitio),
620 2628 691 2657 res
713 2613 1035 2656 committenda
1056 2622 1125 2656 est
1146 2615 1260 2665 Deo,
1287 2612 1363 2668 qui
1383 2619 1453 2655 est
1475 2612 1756 2655 occultorum
1778 2610 1902 2653 solus

271 2691 425 2735 iudex.
460 2692 518 2733 Et
551 2699 701 2735 tamen
733 2690 856 2732 haud
883 2689 1021 2733 dubie
1049 2688 1219 2744 aliquid
1246 2689 1523 2745 designaret,
1553 2687 1631 2743 qui
1659 2694 1751 2731 tam
1782 2694 1903 2730 esset

271 2767 410 2824 impie
430 2767 701 2824 flagitiosus,
727 2767 846 2809 vnde
868 2766 1011 2822 accipi
1033 2780 1171 2809 causa
1193 2772 1344 2822 posset
1366 2765 1493 2807 illum
1525 2762 1795 2821 dimittendi,
1831 2763 1903 2807 vel

271 2844 426 2888 forsan
447 2844 591 2901 accipi
613 2844 792 2887 occasio
814 2851 981 2900 posset,
1008 2843 1130 2898 quod
1152 2843 1389 2887 confessus
1410 2856 1500 2884 non
1525 2840 1700 2884 fuisset.
1727 2859 1731 2861 -

361 2922 453 2965 Iam
476 2936 584 2964 vero
606 2921 643 2964 si
665 2935 802 2965 causa
822 2928 943 2965 esset
968 2928 1075 2964 nota
1103 2919 1318 2971 exterius,
1350 2918 1545 2975 primum
1567 2916 1751 2972 quidem
1773 2915 1900 2958 vide-

276 3007 364 3051 tur,
404 2998 580 3041 nullum
619 3012 719 3042 esse
754 2997 803 3040 in
839 2997 1068 3042 Societate
1105 2996 1408 3047 retinendum,
1449 2994 1543 3050 qui,
1582 3001 1820 3050 postquam
1853 2991 1899 3034 in

272 3075 550 3120 Societatem
573 3074 797 3119 admissus
819 3081 903 3127 est,
929 3073 1085 3117 incidit
1106 3072 1152 3116 in
1176 3072 1359 3128 aliquod
1385 3077 1621 3128 peccatum
1653 3082 1813 3126 graue,
1843 3069 1904 3113 de
