2098 3470
341 255 411 290 216
815 257 968 294 PATms
995 259 1237 294 Hissaonxm
1262 259 1410 294 NADAL

291 357 537 414 legiorum3
581 359 667 411 23²,
709 360 830 414 quod
867 359 1057 403 nimium
1096 361 1239 403 multa
1277 360 1524 417 accipimus
1561 361 1754 418 collegia
1790 369 1926 418 atque

289 434 609 491 obligationes,
644 435 810 491 quibus
839 436 967 479 initio
996 436 1178 492 quidem
1210 444 1460 493 Vtcumque
1491 437 1810 492 satisfacimus,
1845 439 1925 482 sed

289 519 446 566 postea
487 511 687 555 animum
730 513 1002 558 remittimus
1024 547 1034 565 ,
1079 527 1164 557 nec
1206 528 1449 570 possumus
1498 514 1697 558 debitam
1742 529 1922 571 operam

290 596 523 644 praestare
551 590 578 632 ¹.
1326 642 1329 645 ‚

378 666 551 708 Verum
573 665 711 722 priori
734 665 935 722 opinioni
958 681 1204 722 possumus
1227 655 1571 720 mederisacile,
1592 667 1629 711 si
1652 683 1742 711 non
1765 668 1931 725 exiga--

287 756 390 784 mus
419 742 464 784 in
498 742 840 786 fundationibus
872 743 1169 799 collegiorum
1206 743 1478 788 Germaniae
1515 743 1764 788 districtam
1802 745 1923 789 illam

287 819 541 871 formulam,
582 833 717 874 quarn
753 819 799 862 in
839 819 1123 876 Portugallia
1160 821 1233 862 vel
1266 820 1438 877 reliqua
1471 820 1694 877 Hispania
1725 822 1923 866 solemus

284 895 487 952 exigere,
511 902 556 940 et
577 896 792 940 mediocri
816 896 1080 941 fundatione
1102 897 1244 940 simus
1265 897 1483 950 contenti,
1511 905 1556 942 et
1579 897 1849 942 arbitremur
1864 913 1921 942 ex

285 972 495 1016 instituto
517 971 659 1017 fuisse
681 972 811 1016 nobis
834 973 1107 1016 veniendum
1131 973 1177 1016 in
1199 973 1491 1018 Germaniam
1521 975 1577 1017 ad
1607 982 1759 1018 nostra
1787 975 1922 1018 mini-

285 1049 419 1094 steria
444 1050 671 1102 obeunda,
697 1050 874 1094 etiamsi
898 1051 1021 1092 nulla
1043 1065 1232 1106 vsquarn
1258 1052 1528 1095 haberemus
1549 1051 1596 1094 in
1619 1051 1705 1094 illis
1721 1051 1921 1108 regioni-

287 1128 374 1170 bus
395 1126 590 1183 collegia
611 1127 783 1180 dotata,
809 1123 859 1169 vt
881 1142 935 1170 eo
956 1127 1134 1170 facilius
1157 1127 1409 1172 mediocres
1435 1128 1735 1184 suscipiamus
1758 1129 1920 1172 funda-

290 1204 460 1258 tiones,
492 1211 537 1248 et
574 1211 700 1248 certo
736 1219 969 1261 speremus
1007 1205 1210 1247 futurum
1255 1212 1438 1269 auctum
1477 1205 1530 1247 iri
1567 1205 1842 1258 dotationes,
1882 1205 1920 1248 si

289 1281 548 1324 institutum
572 1289 776 1324 nostrum
800 1281 1010 1338 religiose
1032 1282 1343 1325 obseruemus.

375 1366 471 1402 2.““ι
508 1358 844 1401 incommodum
884 1357 1058 1401 facilius
1097 1373 1310 1403 amouere
1346 1358 1614 1415 poterimus,
1654 1358 1692 1401 si
1728 1358 1920 1415 collegia

286 1436 426 1487 nulla,
458 1436 604 1478 nullas
633 1449 777 1478 nouas
806 1434 1108 1491 obligationes
1137 1435 1427 1491 recipiamus,
1459 1435 1545 1479 nisi
1572 1435 1697 1492 prius
1724 1435 1919 1479 sciamus

285 1512 468 1555 abunde
490 1527 590 1556 esse
612 1511 710 1556 aliis
732 1511 936 1567 collegiis
959 1512 1207 1567 prouisum,
1233 1520 1278 1555 et
1300 1527 1400 1557 esse
1422 1513 1540 1556 vnde
1567 1519 1612 1555 et
1639 1520 1845 1556 veterum
1872 1519 1919 1556 et

285 1603 511 1632 nouorum
536 1589 832 1646 collegiorum
856 1588 1158 1645 obligationes
1179 1589 1404 1644 sustinere
1425 1589 1665 1646 possimus.
1717 1623 1719 1626 .

375 1666 525 1710 Aliam
548 1666 843 1710 dificultatem
867 1665 1139 1722 experimur,
1167 1681 1297 1721 quae,
1324 1681 1464 1722 quum
1487 1667 1580 1710 fere
1596 1681 1696 1710 esse
1714 1667 1855 1710 soleat
1871 1666 1917 1710 in

224 1766 228 1769 ·
283 1743 381 1787 aliis
418 1743 695 1796 nationibus,
733 1743 779 1785 in
816 1743 1063 1787 Germania
1100 1750 1169 1788 est
1205 1745 1342 1800 longe
1380 1743 1539 1786 maior.
1575 1744 1769 1787 Moleste
1801 1745 1918 1787 ferre

281 1822 429 1864 solent
449 1820 692 1877 principes,
719 1835 808 1864 non
832 1820 1124 1864 ecclesiastici
1147 1820 1375 1878 [tantum],
1401 1821 1481 1864 sed
1508 1821 1735 1864 seculares
1762 1819 1913 1872 etiam,

280 1905 459 1941 nostras
491 1898 823 1954 exemptiones,
856 1905 905 1940 vt
933 1899 1079 1941 solent
1109 1912 1209 1941 esse
1237 1897 1481 1954 principes,
1515 1898 1651 1941 etiarn
1681 1896 1913 1950 catholici,

281 1974 511 2031 imperiosi
548 1974 594 2017 in
632 1975 802 2018 clerum
839 1982 883 2018 et
920 1975 1125 2018 residuos
1162 1973 1424 2017 monachos.
1458 1975 1591 2017 Hanc
1619 1973 1914 2017 dificultatem

280 2052 464 2095 omnino
493 2052 678 2108 abigere
704 2066 794 2094 non
826 2066 1081 2107 possumus3
1114 2052 1335 2095 debemus
1363 2051 1483 2094 enirn
1511 2058 1776 2103 constanter
1807 2064 1914 2094 con-

279 2143 464 2172 seruare
487 2137 641 2172 nostra
663 2128 919 2185 priuilegia.
945 2128 1192 2172 Remittere
1215 2136 1365 2172 tamen
1388 2128 1607 2172 debemus
1628 2128 1686 2172 de
1712 2127 1915 2170 districto

279 2205 376 2250 iure
405 2214 560 2249 nostro
588 2205 635 2248 in
662 2204 924 2257 Germania,
956 2212 1002 2247 et
1031 2195 1272 2257 modestia,
1305 2204 1561 2249 humilitate
1588 2211 1633 2248 et
1661 2203 1915 2247 voluntaria

277 2282 561 2327 subiectione
599 2283 800 2332 efficere,
842 2289 891 2323 vt
928 2282 1190 2337 permittant
1227 2281 1357 2324 nobis
1399 2295 1500 2325 esse
1541 2287 1709 2324 sartam
1748 2287 1914 2324 tectam

278 2367 479 2402 nostram
504 2359 762 2416 religiosam
785 2358 980 2401 instituti
1003 2358 1273 2402 libertatem.

366 2436 520 2479 Animi
542 2436 816 2492 principum,
838 2436 1130 2478 fundatorum
1154 2434 1434 2491 praesertim,
1460 2435 1522 2478 ita
1544 2441 1651 2478 sunt
1673 2434 1913 2487 tractandi,

277 2520 325 2555 vt
362 2520 565 2556 nostram
598 2513 920 2563 humilitatem,
961 2511 1298 2555 obseruantiam
1338 2519 1476 2567 atque
1511 2510 1914 2568 promptitudinem

274 2590 562 2635 obedientiae
599 2597 869 2647 agnoscant,
911 2589 1032 2632 illam
1068 2589 1205 2633 ,etiarn
1244 2588 1331 2631 illis
1368 2589 1640 2641 offeramus,
1680 2584 1741 2632 et'
1763 2595 1914 2631 tamen

272 2667 405 2710 simul
423 2667 709 2711 incommoda
726 2667 1025 2718 declaremus,
1047 2666 1083 2708 si
1102 2680 1192 2721 qua
1208 2665 1339 2708 nobis
1357 2673 1622 2717 occurrunt,
1642 2665 1688 2707 in
1706 2665 1777 2716 iis,
1797 2678 1914 2720 quae

275 2760 301 2787 a
319 2744 450 2787 nobis
471 2744 682 2801 exigunt,
706 2750 751 2787 et
774 2741 1102 2786 conniueamus
1120 2742 1256 2786 etiam
1274 2742 1534 2798 aliquando,
1555 2742 1591 2785 si
1610 2741 1719 2797 quid
1735 2756 1826 2784 non
1845 2748 1915 2785 est

274 2822 455 2878 insigne
477 2821 800 2866 detrimentum
830 2820 1043 2874 instituti,
1074 2820 1208 2862 modo
1237 2833 1470 2875 nunquam
1499 2819 1698 2862 animum
1728 2817 1912 2861 abiicia-

272 2913 375 2941 mus
399 2899 494 2941 fore
517 2904 565 2940 vt
588 2897 782 2940 in'nullo
804 2896 862 2940 sit
884 2897 1014 2940 nobis
1036 2895 1391 2949 conniuendum;
1417 2902 1461 2938 et
1483 2897 1574 2938 hoc
1595 2895 1725 2937 nobis
1747 2909 1911 2938 curan·

347 3006 357 3025 ¹
411 3005 470 3038 De
498 3003 558 3039 his
588 3003 744 3050 saepius
774 3001 818 3038 fit
849 3002 995 3037 mentio
1026 3013 1047 3036 a
1073 3002 1118 3037 P.
1146 3001 1276 3036 Natali
1304 3001 1343 3036 in
1370 2999 1548 3047 epistolis
1575 3000 1623 3035 ad
1641 2990 1822 3046 Borgiam
1847 3011 1914 3035 an-

211 3102 214 3105 ,
266 3064 333 3100 nis
355 3065 459 3109 1560,
484 3063 572 3107 1567
591 3062 711 3098 datis.

2092 1735 2098 1751 ⁵.

2091 1835 2098 1870 ’ζ

2089 2068 2098 2076 ,

2083 2156 2098 2190 ’Ξ

2092 2227 2098 2235 .

2086 2244 2094 2252 .
