2098 3470
309 270 379 318 354
781 253 935 310 PATRis
962 275 1206 311 Huznonvffl
1231 275 1382 312 NADAL

353 375 406 418 P.
427 375 629 431 Joannes
649 375 903 420 Seruiensis
926 383 1074 433 potest
1096 375 1311 432 prosequi
1327 390 1434 421 suos
1450 384 1595 432 actus,
1619 386 1666 422 et
1682 381 1893 424 consula-

262 457 335 492 tur
359 452 497 494 Pater
518 451 744 507 generalis
767 467 825 496 an
847 452 904 496 sit
926 454 1262 509 promouendus
1285 455 1342 496 ad
1364 453 1591 499 licentiam
1616 462 1660 500 et
1683 456 1890 501 doctora-

262 534 359 569 tum
383 527 659 584 theologiae.
682 529 785 573 Non
803 529 888 574 erit
903 530 1160 586 praefectus
1177 530 1566 575 commensalium:
1587 531 1892 587 substituetur

262 606 315 647 Ρ.
341 603 646 657 ChristianuS,
672 612 717 649 et
739 612 888 650 tamen
911 606 984 649 ille
1006 605 1206 649 manebit
1237 607 1358 663 apud
1388 608 1713 652 commensales
1735 609 1889 666 aliquo

262 687 484 737 tempore,
510 688 556 724 et
577 681 664 725 erit
691 682 819 738 quasi
847 684 1078 726 consultor
1106 690 1151 727 et
1179 683 1307 738 quasi
1335 684 1589 727 admonitor
1620 685 1729 728 noui
1757 700 1891 742 prae-

260 757 381 801 fecti:
402 757 554 801 veniet
571 765 723 801 autem
739 759 940 811 domum,
961 774 1064 802 cum
1083 759 1276 815 primum
1295 761 1554 805 censebitur
1571 761 1662 804 illic
1679 777 1773 806 non
1790 776 1891 807 esse

260 834 546 878 necessarius
568 836 625 878 ad
643 834 763 879 illam
786 835 1164 881 obseruationem.
1189 836 1407 881 Censebit
1427 837 1563 881 etiarn
1585 838 1888 894 prouintialis,

221 951 223 953 ,
259 926 317 954 an
340 910 415 954 ille
437 911 496 954 sit
521 912 704 955 futurus
726 914 981 969 praefectus
1007 913 1380 969 disputationum.

351 989 404 1031 P.
431 988 668 1033 Laurentii
690 1004 826 1046 opera
844 997 994 1033 vtetur
1012 997 1160 1034 rector
1177 990 1223 1033 in
1241 991 1664 1035 conuersationibus
1681 991 1892 1048 spiritua-

259 1065 395 1118 libus,
422 1065 468 1108 in
492 1066 653 1109 dandis
674 1067 916 1120 exercitiis,
942 1074 988 1110 et
1009 1067 1330 1124 promouendis
1358 1067 1404 1110 in
1435 1067 1601 1124 pietate
1629 1068 1887 1112 iuuenibus.

262 1143 332 1187 Ne
363 1149 565 1186 resumat
600 1142 721 1186 illam
756 1143 997 1188 lectionem
1035 1143 1416 1197 mathematicam,
1457 1151 1503 1188 et
1538 1144 1779 1202 diligenter
1816 1147 1893 1189 det

259 1215 443 1275 op'eram
468 1220 742 1277 theologiae,
768 1228 814 1264 et
837 1221 985 1275 quoad
1007 1221 1105 1264 fieri
1126 1228 1292 1277 potest,
1317 1235 1408 1264 non
1437 1229 1686 1277 occupetur
1715 1221 1762 1264 in
1791 1223 1892 1266 offi-

257 1295 329 1340 cio
352 1296 514 1340 fabrili.

352 1376 404 1417 P.
432 1375 670 1430 Reynerus
690 1375 836 1431 primo
859 1389 1040 1430 quoque
1063 1382 1265 1431 tempore
1288 1375 1453 1432 poterit
1476 1375 1592 1418 mitti
1614 1374 1662 1418 in
1682 1375 1888 1432 patriam,

256 1457 303 1494 et
327 1450 580 1495 committet
602 1450 666 1494 illi
688 1458 836 1495 rector
859 1453 915 1495 de
938 1452 1242 1505 Harlemensi,
1267 1459 1317 1495 vt
1339 1453 1505 1496 habeat
1526 1451 1625 1497 eius
1646 1466 1820 1505 curam,
1846 1459 1892 1497 et

255 1542 313 1570 an
336 1527 481 1584 possit
503 1528 667 1573 redire.
707 1530 811 1572 Non
844 1529 1028 1572 uidetur
1056 1528 1146 1571 illic
1175 1529 1343 1573 debere
1369 1528 1542 1571 diutius
1570 1528 1734 1572 morari
1759 1528 1890 1571 mini-

254 1610 364 1658 ster,
390 1619 494 1648 nam
518 1604 648 1648 breui
671 1604 861 1657 uidebit,
881 1620 938 1648 an
956 1605 1098 1662 possit
1119 1619 1227 1649 suos
1245 1605 1419 1658 iuuare3
1440 1605 1613 1649 reditus
1635 1612 1892 1651 reuertetur

255 1682 312 1725 ad
333 1697 468 1725 suum
490 1682 806 1727 ministerium.

343 1759 517 1802 Nouitii
539 1766 831 1815 perseuerent
854 1759 899 1801 in
922 1774 1006 1802 suo
1024 1753 1266 1813 r'10uitiatu,
1286 1765 1332 1802 et
1348 1760 1571 1804 habeatur
1587 1773 1743 1803 eorum
1761 1773 1888 1814 cura,

253 1842 299 1879 et
321 1835 667 1892 superintendat
689 1843 855 1889 rector,
881 1851 939 1881 ne
961 1837 1075 1879 fiant
1097 1835 1350 1892 scrupulosi
1372 1836 1444 1879 vel
1468 1835 1795 1880 melancholici.

343 1914 396 1956 P.
418 1913 654 1956 Arnoldus
670 1913 728 1956 sit
745 1912 943 1968 quidem,
964 1914 1086 1968 quod
1103 1920 1188 1967 est,
1209 1912 1514 1956 confessarius
1535 1920 1582 1957 et
1600 1919 1886 1969 procurator,

252 1990 310 2032 de
332 1989 517 2045 reliquis
541 1989 691 2034 videat
715 1992 851 2034 Pater
874 1989 1172 2046 prouintialis.

346 2069 399 2110 Ρ.
427 2067 717 2111 Christianus
738 2067 824 2111 erit
845 2068 1103 2123 praefectus
1130 2066 1519 2117 commensalium,
1556 2073 1602 2111 et
1631 2068 1816 2110 Patrum
1841 2074 1889 2111 et

252 2145 459 2197 fratrum,
491 2144 568 2199 qui
596 2144 687 2187 illie
714 2151 864 2196 erunt,
898 2152 943 2188 et
971 2144 1203 2187 studiosus
1235 2143 1506 2200 theologiae.
1543 2143 1667 2188 Idem
1700 2142 1886 2188 docebit

254 2221 433 2265 futuros
453 2222 644 2278 logicos.
1299 2213 1303 2218 ’

341 2300 391 2342 Ρ.
423 2297 758 2342 Maximilianus
786 2299 946 2342 doceat
975 2298 1203 2354 priuatim,
1237 2298 1404 2341 clausis
1432 2297 1596 2349 ianuis,
1627 2296 1797 2352 aliquid
1831 2312 1888 2341 ex

250 2375 360 2419 diuo
388 2377 581 2430 Thoma,
613 2376 735 2431 quod
763 2375 883 2419 dicet
919 2378 970 2418 P.
1012 2376 1186 2420 Natalis
1224 2382 1467 2431 antequam
1506 2375 1712 2427 decedat,
1752 2380 1798 2417 et
1829 2372 1888 2416 sit

251 2454 508 2510 praefectus
529 2452 785 2496 studiorum
808 2452 1027 2505 omnium,
1057 2452 1275 2508 quamdiu
1303 2451 1377 2495 hic
1405 2451 1506 2504 erit,
1538 2457 1584 2494 et
1611 2449 1886 2507 praesidebit

251 2530 635 2587 disputationibus
659 2529 943 2586 theologicis.
957 2564 984 2573 ..

340 2607 597 2653 Seruiensis
618 2606 812 2663 praeerit
833 2607 1216 2663 disputationibus
1238 2604 1623 2663 philosophicis...

341 2684 574 2740 Quicquid
606 2684 720 2728 dixit
758 2686 810 2727 P.
852 2684 1026 2727 Natalis
1062 2692 1107 2728 et
1145 2682 1371 2727 ordinauit
1404 2683 1450 2725 in
1482 2684 1567 2725 hac
1600 2681 1874 2734 visitatione,

253 2761 471 2817 quicquid
494 2762 630 2805 etiarn
661 2761 765 2805 fecit
793 2761 838 2803 in
867 2763 954 2804 hoc
983 2761 1192 2818 collegio,
1228 2758 1450 2803 scribatur
1480 2759 1528 2802 in
1560 2759 1674 2801 libro
1706 2757 1886 2814 collegii

252 2840 338 2882 sub
362 2839 494 2882 titulo
521 2840 617 2883 «De
638 2837 945 2891 visitatione»,
971 2838 1018 2880 in
1041 2853 1132 2894 quo
1155 2837 1289 2880 titulo
1318 2836 1578 2881 scribentur
1605 2834 1886 2879 visitationes

247 2915 662 2959 commissariorum
686 2922 732 2958 et
759 2914 894 2958 etiam
925 2915 1281 2971 prouintialium:
1312 2928 1428 2970 quae
1457 2920 1610 2957 autern
1638 2911 1885 2955 sunt'scri-

252 2993 418 3046 benda,
443 2992 737 3036 continentur
757 2992 968 3048 catalogo
991 2991 1217 3048 sequenti.

342 3069 667 3114 Confessiones
689 3069 941 3126 generales.
