<?xml version="1.0" encoding="UTF-8"?>
<!DOCTYPE html PUBLIC "-//W3C//DTD XHTML 1.0 Transitional//EN"
    "http://www.w3.org/TR/xhtml1/DTD/xhtml1-transitional.dtd">
<html xmlns="http://www.w3.org/1999/xhtml" xml:lang="en" lang="en">
 <head>
  <title>
</title>
<meta http-equiv="Content-Type" content="text/html;charset=utf-8" />
  <meta name='ocr-system' content='tesseract 3.04.00' />
  <meta name='ocr-capabilities' content='ocr_page ocr_carea ocr_par ocr_line ocrx_word'/>
</head>
<body>
  <div class='ocr_page' id='page_1' title='image "./epistolaephieron04nadauoft_0384.png"; bbox 0 0 2098 3470; ppageno 0'>
   <div class='ocr_carea' id='block_1_1' title="bbox 356 275 1427 321">
    <p class='ocr_par' dir='ltr' id='par_1_1' title="bbox 356 275 1427 321">
     <span class='ocr_line' id='line_1_1' title="bbox 356 275 1427 321; baseline 0.001 -9"><span class='ocrx_word' id='word_1_1' title='bbox 356 275 425 321; x_wconf 88' lang='lat'>358</span> <span class='ocrx_word' id='word_1_2' title='bbox 827 277 981 315; x_wconf 77' lang='lat' dir='ltr'>PATms</span> <span class='ocrx_word' id='word_1_3' title='bbox 1007 278 1250 314; x_wconf 67' lang='lat' dir='ltr'>Hmaoxnu</span> <span class='ocrx_word' id='word_1_4' title='bbox 1277 277 1427 314; x_wconf 80' lang='lat' dir='ltr'>NADAL</span> 
     </span>
    </p>
   </div>
   <div class='ocr_carea' id='block_1_2' title="bbox 400 378 1937 436">
    <p class='ocr_par' dir='ltr' id='par_1_2' title="bbox 400 378 1937 436">
     <span class='ocr_line' id='line_1_2' title="bbox 400 378 1937 436; baseline 0.003 -15"><span class='ocrx_word' id='word_1_5' title='bbox 400 378 647 422; x_wconf 88' lang='lat' dir='ltr'>Reficiatur</span> <span class='ocrx_word' id='word_1_6' title='bbox 669 378 786 422; x_wconf 87' lang='lat' dir='ltr'>calix</span> <span class='ocrx_word' id='word_1_7' title='bbox 807 379 1038 435; x_wconf 85' lang='lat' dir='ltr'>antiquus,</span> <span class='ocrx_word' id='word_1_8' title='bbox 1063 387 1109 423; x_wconf 91' lang='lat' dir='ltr'>et</span> <span class='ocrx_word' id='word_1_9' title='bbox 1132 380 1209 422; x_wconf 89' lang='lat' dir='ltr'>fiat</span> <span class='ocrx_word' id='word_1_10' title='bbox 1232 393 1381 422; x_wconf 92' lang='lat' dir='ltr'>nouus</span> <span class='ocrx_word' id='word_1_11' title='bbox 1402 392 1458 422; x_wconf 90' lang='lat' dir='ltr'>ex</span> <span class='ocrx_word' id='word_1_12' title='bbox 1481 387 1686 436; x_wconf 87' lang='lat' dir='ltr'>argento,</span> <span class='ocrx_word' id='word_1_13' title='bbox 1712 382 1834 436; x_wconf 90' lang='lat' dir='ltr'>quod</span> <span class='ocrx_word' id='word_1_14' title='bbox 1854 384 1937 426; x_wconf 88' lang='lat' dir='ltr'>ha-</span> 
     </span>
    </p>
   </div>
   <div class='ocr_carea' id='block_1_3' title="bbox 310 457 1937 589">
    <p class='ocr_par' dir='ltr' id='par_1_3' title="bbox 310 457 1937 589">
     <span class='ocr_line' id='line_1_3' title="bbox 310 457 663 512; baseline 0.003 -13"><span class='ocrx_word' id='word_1_15' title='bbox 310 457 421 501; x_wconf 90' lang='lat' dir='ltr'>bent</span> <span class='ocrx_word' id='word_1_16' title='bbox 439 463 663 512; x_wconf 83' lang='lat' dir='ltr'>paratum.</span> 
     </span>
     <span class='ocr_line' id='line_1_4' title="bbox 397 533 1937 589; baseline 0.001 -12"><span class='ocrx_word' id='word_1_17' title='bbox 397 534 625 586; x_wconf 88' lang='lat' dir='ltr'>Pulsetur,</span> <span class='ocrx_word' id='word_1_18' title='bbox 651 547 740 588; x_wconf 86' lang='lat' dir='ltr'>qua</span> <span class='ocrx_word' id='word_1_19' title='bbox 761 534 871 576; x_wconf 89' lang='lat' dir='ltr'>hora</span> <span class='ocrx_word' id='word_1_20' title='bbox 893 533 950 576; x_wconf 90' lang='lat' dir='ltr'>sit</span> <span class='ocrx_word' id='word_1_21' title='bbox 973 533 1271 589; x_wconf 82' lang='lat' dir='ltr'>surgendum,</span> <span class='ocrx_word' id='word_1_22' title='bbox 1296 533 1677 587; x_wconf 79' lang='lat' dir='ltr'>quemadmodum</span> <span class='ocrx_word' id='word_1_23' title='bbox 1701 534 1750 576; x_wconf 91' lang='lat' dir='ltr'>fit</span> <span class='ocrx_word' id='word_1_24' title='bbox 1772 534 1819 577; x_wconf 90' lang='lat' dir='ltr'>in</span> <span class='ocrx_word' id='word_1_25' title='bbox 1836 534 1937 579; x_wconf 88' lang='lat' dir='ltr'>aliis</span> 
     </span>
    </p>
   </div>
   <div class='ocr_carea' id='block_1_4' title="bbox 300 608 1941 1065">
    <p class='ocr_par' dir='ltr' id='par_1_4' title="bbox 305 608 1932 731">
     <span class='ocr_line' id='line_1_5' title="bbox 305 608 1932 666; baseline 0.002 -14"><span class='ocrx_word' id='word_1_26' title='bbox 305 609 526 666; x_wconf 72' lang='lat' dir='ltr'><strong>collegiis:</strong></span> <span class='ocrx_word' id='word_1_27' title='bbox 553 609 716 654; x_wconf 90' lang='lat' dir='ltr'>deinde</span> <span class='ocrx_word' id='word_1_28' title='bbox 739 617 806 654; x_wconf 92' lang='lat' dir='ltr'>ter</span> <span class='ocrx_word' id='word_1_29' title='bbox 827 611 1048 666; x_wconf 78' lang='lat' dir='ltr'>pulsetur,</span> <span class='ocrx_word' id='word_1_30' title='bbox 1075 623 1220 660; x_wconf 87' lang='lat' dir='ltr'>mane,</span> <span class='ocrx_word' id='word_1_31' title='bbox 1248 608 1432 652; x_wconf 89' lang='lat' dir='ltr'>meridie</span> <span class='ocrx_word' id='word_1_32' title='bbox 1460 616 1506 652; x_wconf 95' lang='lat' dir='ltr'>et</span> <span class='ocrx_word' id='word_1_33' title='bbox 1530 609 1721 666; x_wconf 87' lang='lat' dir='ltr'>vesperi,</span> <span class='ocrx_word' id='word_1_34' title='bbox 1747 611 1804 654; x_wconf 92' lang='lat' dir='ltr'>ad</span> <span class='ocrx_word' id='word_1_35' title='bbox 1827 625 1932 655; x_wconf 90' lang='lat' dir='ltr'>ora-</span> 
     </span>
     <span class='ocr_line' id='line_1_6' title="bbox 306 686 493 731; baseline 0.016 -3"><span class='ocrx_word' id='word_1_36' title='bbox 306 686 493 731; x_wconf 90' lang='lat' dir='ltr'>tionem.</span> 
     </span>
    </p>

    <p class='ocr_par' dir='ltr' id='par_1_5' title="bbox 303 762 1941 885">
     <span class='ocr_line' id='line_1_7' title="bbox 394 762 1941 820; baseline 0.002 -15"><span class='ocrx_word' id='word_1_37' title='bbox 394 762 623 820; x_wconf 83' lang='lat' dir='ltr'>Linguam</span> <span class='ocrx_word' id='word_1_38' title='bbox 653 763 862 820; x_wconf 84' lang='lat' dir='ltr'>gallicam</span> <span class='ocrx_word' id='word_1_39' title='bbox 892 771 1148 815; x_wconf 79' lang='lat' dir='ltr'>exerceant,</span> <span class='ocrx_word' id='word_1_40' title='bbox 1180 762 1218 805; x_wconf 89' lang='lat' dir='ltr'>si</span> <span class='ocrx_word' id='word_1_41' title='bbox 1248 763 1343 807; x_wconf 87' lang='lat' dir='ltr'>fieri</span> <span class='ocrx_word' id='word_1_42' title='bbox 1370 771 1536 819; x_wconf 86' lang='lat' dir='ltr'>potest,</span> <span class='ocrx_word' id='word_1_43' title='bbox 1561 763 1722 808; x_wconf 86' lang='lat' dir='ltr'>diebus</span> <span class='ocrx_word' id='word_1_44' title='bbox 1743 765 1941 808; x_wconf 31' lang='lat' dir='ltr'>domini-⁷</span> 
     </span>
     <span class='ocr_line' id='line_1_8' title="bbox 303 840 652 885; baseline 0.006 -3"><span class='ocrx_word' id='word_1_45' title='bbox 303 840 369 882; x_wconf 87' lang='lat' dir='ltr'>cis</span> <span class='ocrx_word' id='word_1_46' title='bbox 391 847 436 883; x_wconf 91' lang='lat' dir='ltr'>et</span> <span class='ocrx_word' id='word_1_47' title='bbox 460 840 652 885; x_wconf 87' lang='lat' dir='ltr'>festiuis.</span> 
     </span>
    </p>

    <p class='ocr_par' dir='ltr' id='par_1_6' title="bbox 300 917 1937 1065">
     <span class='ocr_line' id='line_1_9' title="bbox 393 917 1932 973; baseline 0.001 -12"><span class='ocrx_word' id='word_1_48' title='bbox 393 918 681 962; x_wconf 88' lang='lat' dir='ltr'>Obseruetur</span> <span class='ocrx_word' id='word_1_49' title='bbox 703 919 816 961; x_wconf 91' lang='lat' dir='ltr'>hora</span> <span class='ocrx_word' id='word_1_50' title='bbox 838 917 1130 961; x_wconf 81' lang='lat' dir='ltr'>recreationis</span> <span class='ocrx_word' id='word_1_51' title='bbox 1153 933 1179 960; x_wconf 89' lang='lat' dir='ltr'>a</span> <span class='ocrx_word' id='word_1_52' title='bbox 1201 917 1389 973; x_wconf 89' lang='lat' dir='ltr'>prandio</span> <span class='ocrx_word' id='word_1_53' title='bbox 1412 925 1457 962; x_wconf 87' lang='lat' dir='ltr'>et</span> <span class='ocrx_word' id='word_1_54' title='bbox 1479 933 1505 961; x_wconf 85' lang='lat' dir='ltr'>a</span> <span class='ocrx_word' id='word_1_55' title='bbox 1527 932 1684 971; x_wconf 86' lang='lat' dir='ltr'>coena,</span> <span class='ocrx_word' id='word_1_56' title='bbox 1707 925 1754 961; x_wconf 91' lang='lat' dir='ltr'>et</span> <span class='ocrx_word' id='word_1_57' title='bbox 1774 918 1819 960; x_wconf 88' lang='lat' dir='ltr'>in</span> <span class='ocrx_word' id='word_1_58' title='bbox 1848 933 1932 962; x_wconf 91' lang='lat' dir='ltr'>no-</span> 
     </span>
     <span class='ocr_line' id='line_1_10' title="bbox 300 993 1937 1065; baseline 0.001 -29"><span class='ocrx_word' id='word_1_59' title='bbox 300 993 406 1038; x_wconf 84' lang='lat' dir='ltr'>stris</span> <span class='ocrx_word' id='word_1_60' title='bbox 434 1002 480 1039; x_wconf 90' lang='lat' dir='ltr'>et</span> <span class='ocrx_word' id='word_1_61' title='bbox 507 994 553 1036; x_wconf 90' lang='lat' dir='ltr'>in</span> <span class='ocrx_word' id='word_1_62' title='bbox 583 995 978 1050; x_wconf 75' lang='lat' dir='ltr'>commensalibus,</span> <span class='ocrx_word' id='word_1_63' title='bbox 1010 1001 1054 1038; x_wconf 92' lang='lat' dir='ltr'>et</span> <span class='ocrx_word' id='word_1_64' title='bbox 1077 994 1258 1049; x_wconf 86' lang='lat' dir='ltr'>quidem</span> <span class='ocrx_word' id='word_1_65' title='bbox 1287 1008 1367 1050; x_wconf 90' lang='lat' dir='ltr'>per</span> <span class='ocrx_word' id='word_1_66' title='bbox 1396 995 1680 1065; x_wconf 77' lang='lat' dir='ltr'>horologium</span> <span class='ocrx_word' id='word_1_67' title='bbox 1705 995 1937 1048; x_wconf 64' lang='lat' dir='ltr'>manuale„</span> 
     </span>
    </p>
   </div>
   <div class='ocr_carea' id='block_1_5' title="bbox 300 1070 1936 1204">
    <p class='ocr_par' dir='ltr' id='par_1_7' title="bbox 300 1070 1936 1204">
     <span class='ocr_line' id='line_1_11' title="bbox 300 1070 1104 1117; baseline -0.001 -4"><span class='ocrx_word' id='word_1_68' title='bbox 300 1070 432 1114; x_wconf 89' lang='lat' dir='ltr'>cuius</span> <span class='ocrx_word' id='word_1_69' title='bbox 454 1085 564 1114; x_wconf 89' lang='lat' dir='ltr'>cura</span> <span class='ocrx_word' id='word_1_70' title='bbox 581 1072 713 1114; x_wconf 90' lang='lat' dir='ltr'>detur</span> <span class='ocrx_word' id='word_1_71' title='bbox 733 1071 929 1115; x_wconf 90' lang='lat' dir='ltr'>discreto</span> <span class='ocrx_word' id='word_1_72' title='bbox 951 1070 1104 1117; x_wconf 84' lang='lat' dir='ltr'>alicui.</span> 
     </span>
     <span class='ocr_line' id='line_1_12' title="bbox 390 1147 1936 1204; baseline 0 -14"><span class='ocrx_word' id='word_1_73' title='bbox 390 1147 627 1204; x_wconf 86' lang='lat' dir='ltr'>Religiosi,</span> <span class='ocrx_word' id='word_1_74' title='bbox 653 1147 730 1203; x_wconf 89' lang='lat' dir='ltr'>qui</span> <span class='ocrx_word' id='word_1_75' title='bbox 753 1163 843 1190; x_wconf 91' lang='lat' dir='ltr'>non</span> <span class='ocrx_word' id='word_1_76' title='bbox 867 1149 1018 1192; x_wconf 84' lang='lat' dir='ltr'>ferunt</span> <span class='ocrx_word' id='word_1_77' title='bbox 1047 1147 1271 1199; x_wconf 86' lang='lat' dir='ltr'>habitum,</span> <span class='ocrx_word' id='word_1_78' title='bbox 1297 1163 1354 1190; x_wconf 90' lang='lat' dir='ltr'>ne</span> <span class='ocrx_word' id='word_1_79' title='bbox 1377 1148 1672 1190; x_wconf 87' lang='lat' dir='ltr'>absoluantur</span> <span class='ocrx_word' id='word_1_80' title='bbox 1699 1162 1723 1190; x_wconf 90' lang='lat' dir='ltr'>a</span> <span class='ocrx_word' id='word_1_81' title='bbox 1747 1147 1936 1200; x_wconf 79' lang='lat' dir='ltr'>nostris,</span> 
     </span>
    </p>
   </div>
   <div class='ocr_carea' id='block_1_6' title="bbox 300 1223 1937 1353">
    <p class='ocr_par' dir='ltr' id='par_1_8' title="bbox 300 1223 1937 1353">
     <span class='ocr_line' id='line_1_13' title="bbox 301 1223 1931 1281; baseline 0.001 -15"><span class='ocrx_word' id='word_1_82' title='bbox 301 1223 389 1267; x_wconf 92' lang='lat' dir='ltr'>nisi</span> <span class='ocrx_word' id='word_1_83' title='bbox 414 1225 658 1268; x_wconf 88' lang='lat' dir='ltr'>ostendant</span> <span class='ocrx_word' id='word_1_84' title='bbox 679 1224 1062 1281; x_wconf 85' lang='lat' dir='ltr'>dispensationem</span> <span class='ocrx_word' id='word_1_85' title='bbox 1087 1239 1113 1267; x_wconf 93' lang='lat' dir='ltr'>a</span> <span class='ocrx_word' id='word_1_86' title='bbox 1140 1238 1224 1267; x_wconf 90' lang='lat' dir='ltr'>suo</span> <span class='ocrx_word' id='word_1_87' title='bbox 1251 1224 1498 1280; x_wconf 86' lang='lat' dir='ltr'>superiore,</span> <span class='ocrx_word' id='word_1_88' title='bbox 1523 1239 1672 1279; x_wconf 90' lang='lat' dir='ltr'>neque</span> <span class='ocrx_word' id='word_1_89' title='bbox 1698 1224 1833 1268; x_wconf 89' lang='lat' dir='ltr'>etiam</span> <span class='ocrx_word' id='word_1_90' title='bbox 1855 1224 1931 1280; x_wconf 86' lang='lat' dir='ltr'>qui</span> 
     </span>
     <span class='ocr_line' id='line_1_14' title="bbox 300 1295 1937 1353; baseline 0.001 -10"><span class='ocrx_word' id='word_1_91' title='bbox 300 1308 410 1344; x_wconf 92' lang='lat' dir='ltr'>sunt</span> <span class='ocrx_word' id='word_1_92' title='bbox 437 1301 483 1343; x_wconf 92' lang='lat' dir='ltr'>in</span> <span class='ocrx_word' id='word_1_93' title='bbox 512 1301 762 1353; x_wconf 86' lang='lat' dir='ltr'>ordinibus,</span> <span class='ocrx_word' id='word_1_94' title='bbox 795 1301 881 1343; x_wconf 85' lang='lat' dir='ltr'>nisi</span> <span class='ocrx_word' id='word_1_95' title='bbox 918 1303 1106 1344; x_wconf 79' lang='lat' dir='ltr'>honeste</span> <span class='ocrx_word' id='word_1_96' title='bbox 1134 1308 1179 1344; x_wconf 93' lang='lat' dir='ltr'>et</span> <span class='ocrx_word' id='word_1_97' title='bbox 1207 1302 1422 1345; x_wconf 89' lang='lat' dir='ltr'>decenter</span> <span class='ocrx_word' id='word_1_98' title='bbox 1449 1295 1701 1344; x_wconf 88' lang='lat' dir='ltr'>vestiantur</span> <span class='ocrx_word' id='word_1_99' title='bbox 1722 1301 1778 1343; x_wconf 91' lang='lat' dir='ltr'>de</span> <span class='ocrx_word' id='word_1_100' title='bbox 1805 1315 1937 1345; x_wconf 86' lang='lat' dir='ltr'>more-</span> 
     </span>
    </p>
   </div>
   <div class='ocr_carea' id='block_1_7' title="bbox 292 1378 1925 1588">
    <p class='ocr_par' dir='ltr' id='par_1_9' title="bbox 292 1378 1925 1588">
     <span class='ocr_line' id='line_1_15' title="bbox 295 1378 1247 1434; baseline 0 -14"><span class='ocrx_word' id='word_1_101' title='bbox 295 1378 467 1434; x_wconf 90' lang='lat' dir='ltr'>patriae</span> <span class='ocrx_word' id='word_1_102' title='bbox 490 1386 535 1423; x_wconf 89' lang='lat' dir='ltr'>et</span> <span class='ocrx_word' id='word_1_103' title='bbox 557 1378 805 1423; x_wconf 88' lang='lat' dir='ltr'>sacerdotis</span> <span class='ocrx_word' id='word_1_104' title='bbox 827 1393 930 1421; x_wconf 89' lang='lat' dir='ltr'>cum</span> <span class='ocrx_word' id='word_1_105' title='bbox 955 1378 1083 1420; x_wconf 86' lang='lat' dir='ltr'>talari</span> <span class='ocrx_word' id='word_1_106' title='bbox 1106 1385 1247 1422; x_wconf 89' lang='lat' dir='ltr'>veste.</span> 
     </span>
     <span class='ocr_line' id='line_1_16' title="bbox 381 1454 1925 1511; baseline -0.001 -13"><span class='ocrx_word' id='word_1_107' title='bbox 381 1456 524 1498; x_wconf 89' lang='lat' dir='ltr'>Curet</span> <span class='ocrx_word' id='word_1_108' title='bbox 540 1463 707 1508; x_wconf 89' lang='lat' dir='ltr'>rector,</span> <span class='ocrx_word' id='word_1_109' title='bbox 729 1456 877 1511; x_wconf 89' lang='lat' dir='ltr'>quoad</span> <span class='ocrx_word' id='word_1_110' title='bbox 894 1455 1048 1511; x_wconf 84' lang='lat' dir='ltr'>possit,</span> <span class='ocrx_word' id='word_1_111' title='bbox 1063 1462 1112 1497; x_wconf 90' lang='lat' dir='ltr'>vt</span> <span class='ocrx_word' id='word_1_112' title='bbox 1131 1455 1305 1497; x_wconf 87' lang='lat' dir='ltr'>fructus</span> <span class='ocrx_word' id='word_1_113' title='bbox 1323 1454 1567 1510; x_wconf 81' lang='lat' dir='ltr'>spiritualis</span> <span class='ocrx_word' id='word_1_114' title='bbox 1585 1456 1802 1498; x_wconf 85' lang='lat' dir='ltr'>afferatur</span> <span class='ocrx_word' id='word_1_115' title='bbox 1819 1468 1925 1510; x_wconf 92' lang='lat' dir='ltr'>pro-</span> 
     </span>
     <span class='ocr_line' id='line_1_17' title="bbox 292 1530 1925 1588; baseline -0.001 -14"><span class='ocrx_word' id='word_1_116' title='bbox 292 1531 414 1574; x_wconf 84' lang='lat' dir='ltr'>ximo</span> <span class='ocrx_word' id='word_1_117' title='bbox 443 1547 523 1588; x_wconf 91' lang='lat' dir='ltr'>per</span> <span class='ocrx_word' id='word_1_118' title='bbox 551 1547 629 1576; x_wconf 89' lang='lat' dir='ltr'>eos</span> <span class='ocrx_word' id='word_1_119' title='bbox 656 1547 681 1576; x_wconf 92' lang='lat' dir='ltr'>e</span> <span class='ocrx_word' id='word_1_120' title='bbox 710 1533 893 1584; x_wconf 89' lang='lat' dir='ltr'>nostris,</span> <span class='ocrx_word' id='word_1_121' title='bbox 920 1532 996 1587; x_wconf 88' lang='lat' dir='ltr'>qui</span> <span class='ocrx_word' id='word_1_122' title='bbox 1025 1533 1081 1575; x_wconf 93' lang='lat' dir='ltr'>ad</span> <span class='ocrx_word' id='word_1_123' title='bbox 1111 1532 1154 1574; x_wconf 91' lang='lat' dir='ltr'>id</span> <span class='ocrx_word' id='word_1_124' title='bbox 1184 1531 1458 1574; x_wconf 89' lang='lat' dir='ltr'>videbuntur</span> <span class='ocrx_word' id='word_1_125' title='bbox 1484 1531 1570 1587; x_wconf 90' lang='lat' dir='ltr'>ipsi</span> <span class='ocrx_word' id='word_1_126' title='bbox 1598 1530 1764 1583; x_wconf 86' lang='lat' dir='ltr'>idonei,</span> <span class='ocrx_word' id='word_1_127' title='bbox 1795 1538 1840 1575; x_wconf 92' lang='lat' dir='ltr'>et</span> <span class='ocrx_word' id='word_1_128' title='bbox 1868 1532 1925 1574; x_wconf 90' lang='lat' dir='ltr'>ad</span> 
     </span>
    </p>
   </div>
   <div class='ocr_carea' id='block_1_8' title="bbox 293 1608 1930 1742">
    <p class='ocr_par' dir='ltr' id='par_1_10' title="bbox 293 1608 1930 1742">
     <span class='ocr_line' id='line_1_18' title="bbox 293 1608 1182 1654; baseline 0.001 -4"><span class='ocrx_word' id='word_1_129' title='bbox 293 1609 383 1651; x_wconf 92' lang='lat' dir='ltr'>hoc</span> <span class='ocrx_word' id='word_1_130' title='bbox 406 1609 655 1654; x_wconf 81' lang='lat' dir='ltr'>curetillos</span> <span class='ocrx_word' id='word_1_131' title='bbox 676 1609 832 1652; x_wconf 89' lang='lat' dir='ltr'>iuuare</span> <span class='ocrx_word' id='word_1_132' title='bbox 855 1608 1052 1652; x_wconf 90' lang='lat' dir='ltr'>consiliis</span> <span class='ocrx_word' id='word_1_133' title='bbox 1074 1609 1182 1652; x_wconf 91' lang='lat' dir='ltr'>suis.</span> 
     </span>
     <span class='ocr_line' id='line_1_19' title="bbox 362 1685 1930 1742; baseline -0.001 -14"><span class='ocrx_word' id='word_1_134' title='bbox 362 1687 562 1729; x_wconf 84' lang='lat' dir='ltr'>·Puncta</span> <span class='ocrx_word' id='word_1_135' title='bbox 583 1685 872 1729; x_wconf 85' lang='lat' dir='ltr'>recreationis</span> <span class='ocrx_word' id='word_1_136' title='bbox 900 1688 907 1706; x_wconf 89' lang='lat'>¹</span> <span class='ocrx_word' id='word_1_137' title='bbox 934 1687 1177 1742; x_wconf 79' lang='lat' dir='ltr'>affigantur</span> <span class='ocrx_word' id='word_1_138' title='bbox 1198 1685 1243 1728; x_wconf 88' lang='lat' dir='ltr'>in</span> <span class='ocrx_word' id='word_1_139' title='bbox 1267 1685 1523 1739; x_wconf 88' lang='lat' dir='ltr'>refectorio,</span> <span class='ocrx_word' id='word_1_140' title='bbox 1545 1692 1590 1729; x_wconf 90' lang='lat' dir='ltr'>et</span> <span class='ocrx_word' id='word_1_141' title='bbox 1611 1686 1832 1729; x_wconf 89' lang='lat' dir='ltr'>habeatur</span> <span class='ocrx_word' id='word_1_142' title='bbox 1853 1685 1930 1727; x_wconf 88' lang='lat' dir='ltr'>di·-</span> 
     </span>
    </p>
   </div>
   <div class='ocr_carea' id='block_1_9' title="bbox 292 1762 1861 1818">
    <p class='ocr_par' dir='ltr' id='par_1_11' title="bbox 292 1762 1861 1818">
     <span class='ocr_line' id='line_1_20' title="bbox 292 1762 1861 1818; baseline 0.001 -14"><span class='ocrx_word' id='word_1_143' title='bbox 292 1762 440 1818; x_wconf 84' lang='lat' dir='ltr'>ligens</span> <span class='ocrx_word' id='word_1_144' title='bbox 462 1762 720 1806; x_wconf 90' lang='lat' dir='ltr'>obseruatio</span> <span class='ocrx_word' id='word_1_145' title='bbox 742 1778 800 1807; x_wconf 91' lang='lat' dir='ltr'>ne</span> <span class='ocrx_word' id='word_1_146' title='bbox 822 1763 910 1806; x_wconf 87' lang='lat' dir='ltr'>sint</span> <span class='ocrx_word' id='word_1_147' title='bbox 933 1762 1234 1806; x_wconf 83' lang='lat' dir='ltr'>recreationes</span> <span class='ocrx_word' id='word_1_148' title='bbox 1251 1762 1481 1806; x_wconf 89' lang='lat' dir='ltr'>liberiores</span> <span class='ocrx_word' id='word_1_149' title='bbox 1498 1776 1632 1817; x_wconf 90' lang='lat' dir='ltr'>quam</span> <span class='ocrx_word' id='word_1_150' title='bbox 1654 1762 1861 1806; x_wconf 87' lang='lat' dir='ltr'>deceant.</span> 
     </span>
    </p>
   </div>
   <div class='ocr_carea' id='block_1_10' title="bbox 735 1887 1487 2041">
    <p class='ocr_par' dir='ltr' id='par_1_12' title="bbox 735 1887 1487 2041">
     <span class='ocr_line' id='line_1_21' title="bbox 1069 1887 1146 1929; baseline -0.013 0"><span class='ocrx_word' id='word_1_151' title='bbox 1069 1887 1146 1929; x_wconf 76' lang='lat'>59</span> 
     </span>
     <span class='ocr_line' id='line_1_22' title="bbox 735 1974 1487 2041; baseline 0.001 -24"><span class='ocrx_word' id='word_1_152' title='bbox 735 1977 786 2018; x_wconf 88' lang='lat' dir='ltr'>P.</span> <span class='ocrx_word' id='word_1_153' title='bbox 819 1975 1170 2018; x_wconf 82' lang='lat' dir='ltr'><strong>HIERONYMI</strong></span> <span class='ocrx_word' id='word_1_154' title='bbox 1202 1974 1487 2041; x_wconf 20' lang='lat' dir='ltr'><strong>NATALIS’</strong></span> 
     </span>
    </p>
   </div>
   <div class='ocr_carea' id='block_1_11' title="bbox 576 2089 1636 2120">
    <p class='ocr_par' dir='ltr' id='par_1_13' title="bbox 576 2089 1636 2120">
     <span class='ocr_line' id='line_1_23' title="bbox 576 2089 1636 2120; baseline -0.001 -1"><span class='ocrx_word' id='word_1_155' title='bbox 576 2089 870 2120; x_wconf 86' lang='lat' dir='ltr'><strong>INSTRUCTIO</strong></span> <span class='ocrx_word' id='word_1_156' title='bbox 905 2090 951 2118; x_wconf 92' lang='lat' dir='ltr'>P.</span> <span class='ocrx_word' id='word_1_157' title='bbox 989 2089 1166 2119; x_wconf 91' lang='lat' dir='ltr'>DIDACO</span> <span class='ocrx_word' id='word_1_158' title='bbox 1199 2089 1273 2118; x_wconf 88' lang='lat' dir='ltr'>DE.</span> <span class='ocrx_word' id='word_1_159' title='bbox 1292 2089 1478 2119; x_wconf 86' lang='lat' dir='ltr'>ACOSTA</span> <span class='ocrx_word' id='word_1_160' title='bbox 1510 2089 1636 2119; x_wconf 88' lang='lat' dir='ltr'>DATA</span> 
     </span>
    </p>
   </div>
   <div class='ocr_carea' id='block_1_12' title="bbox 679 2175 1524 2315">
    <p class='ocr_par' dir='ltr' id='par_1_14' title="bbox 679 2175 1524 2315">
     <span class='ocr_line' id='line_1_24' title="bbox 679 2175 1524 2222; baseline -0.001 -11"><span class='ocrx_word' id='word_1_161' title='bbox 679 2184 961 2222; x_wconf 67' lang='lat' dir='ltr'>ANTUERPME,</span> <span class='ocrx_word' id='word_1_162' title='bbox 983 2183 1123 2211; x_wconf 80' lang='lat' dir='ltr'>MENSE</span> <span class='ocrx_word' id='word_1_163' title='bbox 1141 2182 1247 2218; x_wconf 84' lang='lat' dir='ltr'>MAJO</span> <span class='ocrx_word' id='word_1_164' title='bbox 1266 2184 1367 2210; x_wconf 76' lang='lat' dir='ltr'>ANNI</span> <span class='ocrx_word' id='word_1_165' title='bbox 1389 2175 1478 2220; x_wconf 85' lang='lat'>1568</span> <span class='ocrx_word' id='word_1_166' title='bbox 1496 2178 1524 2210; x_wconf 73' lang='lat'>2.</span> 
     </span>
     <span class='ocr_line' id='line_1_25' title="bbox 934 2284 1280 2315; baseline -0.003 0"><span class='ocrx_word' id='word_1_167' title='bbox 934 2286 995 2314; x_wconf 81' lang='lat' dir='ltr'>DE</span> <span class='ocrx_word' id='word_1_168' title='bbox 1035 2284 1280 2315; x_wconf 80' lang='lat' dir='ltr'>ORAT1ONE</span> 
     </span>
    </p>
   </div>
   <div class='ocr_carea' id='block_1_13' title="bbox 287 2368 1920 2512">
    <p class='ocr_par' dir='ltr' id='par_1_15' title="bbox 287 2368 1920 2512">
     <span class='ocr_line' id='line_1_26' title="bbox 379 2368 1920 2433; baseline -0.001 -11"><span class='ocrx_word' id='word_1_169' title='bbox 379 2380 642 2423; x_wconf 87' lang='lat' dir='ltr'>Obseruent</span> <span class='ocrx_word' id='word_1_170' title='bbox 665 2368 800 2424; x_wconf 86' lang='lat' dir='ltr'>etiam</span> <span class='ocrx_word' id='word_1_171' title='bbox 822 2379 1098 2430; x_wconf 81' lang='lat' dir='ltr'>sacerdotes,</span> <span class='ocrx_word' id='word_1_172' title='bbox 1119 2377 1254 2422; x_wconf 87' lang='lat' dir='ltr'>etiam</span> <span class='ocrx_word' id='word_1_173' title='bbox 1273 2384 1452 2433; x_wconf 88' lang='lat' dir='ltr'>praeter</span> <span class='ocrx_word' id='word_1_174' title='bbox 1468 2376 1665 2420; x_wconf 89' lang='lat' dir='ltr'>officium</span> <span class='ocrx_word' id='word_1_175' title='bbox 1683 2379 1920 2430; x_wconf 73' lang='lat' dir='ltr'>horarum,</span> 
     </span>
     <span class='ocr_line' id='line_1_27' title="bbox 287 2453 1919 2512; baseline -0.001 -14"><span class='ocrx_word' id='word_1_176' title='bbox 287 2463 466 2512; x_wconf 88' lang='lat' dir='ltr'>tempus</span> <span class='ocrx_word' id='word_1_177' title='bbox 488 2456 722 2508; x_wconf 85' lang='lat' dir='ltr'>orationis,</span> <span class='ocrx_word' id='word_1_178' title='bbox 747 2456 827 2500; x_wconf 91' lang='lat' dir='ltr'>sed</span> <span class='ocrx_word' id='word_1_179' title='bbox 850 2457 1006 2497; x_wconf 85' lang='lat' dir='ltr'>horam</span> <span class='ocrx_word' id='word_1_180' title='bbox 1035 2469 1138 2498; x_wconf 91' lang='lat' dir='ltr'>cum</span> <span class='ocrx_word' id='word_1_181' title='bbox 1164 2453 1364 2507; x_wconf 87' lang='lat' dir='ltr'>dimidio,</span> <span class='ocrx_word' id='word_1_182' title='bbox 1396 2457 1515 2497; x_wconf 88' lang='lat' dir='ltr'>sicut</span> <span class='ocrx_word' id='word_1_183' title='bbox 1546 2453 1590 2496; x_wconf 91' lang='lat' dir='ltr'>in</span> <span class='ocrx_word' id='word_1_184' title='bbox 1621 2454 1762 2497; x_wconf 88' lang='lat' dir='ltr'>ltalia:</span> <span class='ocrx_word' id='word_1_185' title='bbox 1795 2454 1919 2510; x_wconf 81' lang='lat' dir='ltr'>quod</span> 
     </span>
    </p>
   </div>
   <div class='ocr_carea' id='block_1_14' title="bbox 300 2556 561 2562">
    <p class='ocr_par' dir='ltr' id='par_1_16' title="bbox 300 2556 561 2562">
     <span class='ocr_line' id='line_1_28' title="bbox 300 2556 561 2562; baseline 0 0"><span class='ocrx_word' id='word_1_186' title='bbox 300 2556 561 2562; x_wconf 95' lang='lat' dir='ltr'> </span> 
     </span>
    </p>
   </div>
   <div class='ocr_carea' id='block_1_15' title="bbox 276 2607 1919 3129">
    <p class='ocr_par' dir='ltr' id='par_1_17' title="bbox 281 2607 1919 2832">
     <span class='ocr_line' id='line_1_29' title="bbox 355 2607 1915 2656; baseline -0.001 -11"><span class='ocrx_word' id='word_1_187' title='bbox 355 2610 363 2629; x_wconf 87' lang='lat'>¹</span> <span class='ocrx_word' id='word_1_188' title='bbox 416 2610 459 2645; x_wconf 95' lang='lat' dir='ltr'>Id</span> <span class='ocrx_word' id='word_1_189' title='bbox 479 2615 553 2654; x_wconf 90' lang='lat' dir='ltr'>est,</span> <span class='ocrx_word' id='word_1_190' title='bbox 565 2614 708 2656; x_wconf 90' lang='lat' dir='ltr'>puncta</span> <span class='ocrx_word' id='word_1_191' title='bbox 726 2620 748 2644; x_wconf 90' lang='lat' dir='ltr'>a</span> <span class='ocrx_word' id='word_1_192' title='bbox 763 2608 891 2643; x_wconf 88' lang='lat' dir='ltr'>Natali</span> <span class='ocrx_word' id='word_1_193' title='bbox 909 2608 1105 2654; x_wconf 84' lang='lat' dir='ltr'>assignata</span> <span class='ocrx_word' id='word_1_194' title='bbox 1123 2619 1192 2655; x_wconf 86' lang='lat' dir='ltr'>pro</span> <span class='ocrx_word' id='word_1_195' title='bbox 1210 2607 1571 2643; x_wconf 86' lang='lat' dir='ltr'>conversationibus</span> <span class='ocrx_word' id='word_1_196' title='bbox 1589 2607 1781 2643; x_wconf 86' lang='lat' dir='ltr'>sociorum</span> <span class='ocrx_word' id='word_1_197' title='bbox 1799 2608 1839 2644; x_wconf 90' lang='lat' dir='ltr'>in</span> <span class='ocrx_word' id='word_1_198' title='bbox 1856 2619 1915 2643; x_wconf 88' lang='lat' dir='ltr'>re-</span> 
     </span>
     <span class='ocr_line' id='line_1_30' title="bbox 281 2666 1915 2716; baseline 0 -14"><span class='ocrx_word' id='word_1_199' title='bbox 281 2669 492 2715; x_wconf 86' lang='lat' dir='ltr'>creatione,</span> <span class='ocrx_word' id='word_1_200' title='bbox 512 2681 611 2716; x_wconf 88' lang='lat' dir='ltr'>quae</span> <span class='ocrx_word' id='word_1_201' title='bbox 628 2668 784 2716; x_wconf 86' lang='lat' dir='ltr'>quidem</span> <span class='ocrx_word' id='word_1_202' title='bbox 802 2668 993 2703; x_wconf 86' lang='lat' dir='ltr'>habentur</span> <span class='ocrx_word' id='word_1_203' title='bbox 1016 2668 1055 2703; x_wconf 90' lang='lat' dir='ltr'>in</span> <span class='ocrx_word' id='word_1_204' title='bbox 1073 2668 1261 2702; x_wconf 83' lang='lat' dir='ltr'>Instituto</span> <span class='ocrx_word' id='word_1_205' title='bbox 1281 2668 1368 2703; x_wconf 82' lang='lat' dir='ltr'>Soc.</span> <span class='ocrx_word' id='word_1_206' title='bbox 1391 2668 1492 2713; x_wconf 84' lang='lat' dir='ltr'>Jesu</span> <span class='ocrx_word' id='word_1_207' title='bbox 1514 2666 1771 2714; x_wconf 84' lang='lat' dir='ltr'>(Florentiae,</span> <span class='ocrx_word' id='word_1_208' title='bbox 1793 2667 1915 2713; x_wconf 80' lang='lat'>1893),</span> 
     </span>
     <span class='ocr_line' id='line_1_31' title="bbox 281 2726 1919 2773; baseline 0.001 -12"><span class='ocrx_word' id='word_1_209' title='bbox 281 2727 353 2773; x_wconf 88' lang='lat'>111,</span> <span class='ocrx_word' id='word_1_210' title='bbox 367 2727 450 2772; x_wconf 87' lang='lat'><strong>373.</strong></span> <span class='ocrx_word' id='word_1_211' title='bbox 466 2729 551 2763; x_wconf 90' lang='lat' dir='ltr'>Hoc</span> <span class='ocrx_word' id='word_1_212' title='bbox 566 2734 695 2763; x_wconf 88' lang='lat' dir='ltr'>autern</span> <span class='ocrx_word' id='word_1_213' title='bbox 710 2727 931 2773; x_wconf 86' lang='lat' dir='ltr'>exemplum</span> <span class='ocrx_word' id='word_1_214' title='bbox 946 2737 1021 2761; x_wconf 90' lang='lat' dir='ltr'>non</span> <span class='ocrx_word' id='word_1_215' title='bbox 1036 2726 1193 2761; x_wconf 85' lang='lat' dir='ltr'>omnino</span> <span class='ocrx_word' id='word_1_216' title='bbox 1207 2737 1295 2761; x_wconf 92' lang='lat' dir='ltr'>cum</span> <span class='ocrx_word' id='word_1_217' title='bbox 1310 2726 1460 2761; x_wconf 87' lang='lat' dir='ltr'>Natalis</span> <span class='ocrx_word' id='word_1_218' title='bbox 1475 2726 1688 2773; x_wconf 87' lang='lat' dir='ltr'>archetypo</span> <span class='ocrx_word' id='word_1_219' title='bbox 1704 2726 1919 2762; x_wconf 82' lang='lat' dir='ltr'>concordat</span> 
     </span>
     <span class='ocr_line' id='line_1_32' title="bbox 281 2786 1263 2832; baseline -0.002 -10"><span class='ocrx_word' id='word_1_220' title='bbox 281 2792 323 2822; x_wconf 93' lang='lat' dir='ltr'>ut</span> <span class='ocrx_word' id='word_1_221' title='bbox 342 2786 475 2822; x_wconf 88' lang='lat' dir='ltr'>videre</span> <span class='ocrx_word' id='word_1_222' title='bbox 494 2793 554 2822; x_wconf 89' lang='lat' dir='ltr'>est</span> <span class='ocrx_word' id='word_1_223' title='bbox 573 2788 612 2822; x_wconf 90' lang='lat' dir='ltr'>in</span> <span class='ocrx_word' id='word_1_224' title='bbox 633 2787 728 2822; x_wconf 86' lang='lat' dir='ltr'>Cod.</span> <span class='ocrx_word' id='word_1_225' title='bbox 758 2786 880 2821; x_wconf 81' lang='lat' dir='ltr'>Vatic.</span> <span class='ocrx_word' id='word_1_226' title='bbox 901 2794 937 2830; x_wconf 90' lang='lat'>7,</span> <span class='ocrx_word' id='word_1_227' title='bbox 958 2796 1072 2832; x_wconf 78' lang='lat' dir='ltr'>pagg.</span> <span class='ocrx_word' id='word_1_228' title='bbox 1094 2794 1263 2829; x_wconf 87' lang='lat'>211-215.</span> 
     </span>
    </p>

    <p class='ocr_par' dir='ltr' id='par_1_18' title="bbox 276 2844 1919 3129">
     <span class='ocr_line' id='line_1_33' title="bbox 350 2844 1916 2893; baseline -0.001 -12"><span class='ocrx_word' id='word_1_229' title='bbox 350 2848 364 2867; x_wconf 73' lang='lat'>‘²</span> <span class='ocrx_word' id='word_1_230' title='bbox 415 2847 474 2881; x_wconf 83' lang='lat' dir='ltr'>Ex</span> <span class='ocrx_word' id='word_1_231' title='bbox 499 2847 720 2893; x_wconf 84' lang='lat' dir='ltr'>apographo</span> <span class='ocrx_word' id='word_1_232' title='bbox 743 2855 905 2890; x_wconf 84' lang='lat' dir='ltr'>eoaeVO,</span> <span class='ocrx_word' id='word_1_233' title='bbox 931 2844 970 2879; x_wconf 88' lang='lat' dir='ltr'>in</span> <span class='ocrx_word' id='word_1_234' title='bbox 994 2845 1129 2880; x_wconf 89' lang='lat' dir='ltr'>codice</span> <span class='ocrx_word' id='word_1_235' title='bbox 1153 2845 1293 2879; x_wconf 84' lang='lat' dir='ltr'>Natal.</span> <span class='ocrx_word' id='word_1_236' title='bbox 1316 2844 1433 2879; x_wconf 84' lang='lat' dir='ltr'>instr.</span> <span class='ocrx_word' id='word_1_237' title='bbox 1458 2844 1615 2880; x_wconf 84' lang='lat' dir='ltr'>Germ..</span> <span class='ocrx_word' id='word_1_238' title='bbox 1634 2844 1779 2891; x_wconf 85' lang='lat' dir='ltr'>duplici</span> <span class='ocrx_word' id='word_1_239' title='bbox 1805 2845 1916 2892; x_wconf 79' lang='lat' dir='ltr'>folio,</span> 
     </span>
     <span class='ocr_line' id='line_1_34' title="bbox 280 2903 1913 2951; baseline 0 -12"><span class='ocrx_word' id='word_1_240' title='bbox 280 2904 474 2949; x_wconf 87' lang='lat' dir='ltr'>297r·298r</span> <span class='ocrx_word' id='word_1_241' title='bbox 491 2905 692 2950; x_wconf 82' lang='lat'><strong>(376-377).</strong></span> <span class='ocrx_word' id='word_1_242' title='bbox 712 2905 757 2940; x_wconf 89' lang='lat' dir='ltr'>In</span> <span class='ocrx_word' id='word_1_243' title='bbox 781 2909 917 2951; x_wconf 88' lang='lat' dir='ltr'>quarta</span> <span class='ocrx_word' id='word_1_244' title='bbox 935 2905 1088 2949; x_wconf 87' lang='lat' dir='ltr'>pagella</span> <span class='ocrx_word' id='word_1_245' title='bbox 1106 2904 1202 2938; x_wconf 89' lang='lat' dir='ltr'>haee</span> <span class='ocrx_word' id='word_1_246' title='bbox 1225 2904 1391 2939; x_wconf 90' lang='lat' dir='ltr'>habetur</span> <span class='ocrx_word' id='word_1_247' title='bbox 1415 2903 1628 2949; x_wconf 89' lang='lat' dir='ltr'>inscriptio,</span> <span class='ocrx_word' id='word_1_248' title='bbox 1649 2903 1776 2939; x_wconf 89' lang='lat' dir='ltr'>Patris</span> <span class='ocrx_word' id='word_1_249' title='bbox 1795 2904 1913 2950; x_wconf 85' lang='lat' dir='ltr'>Jime·</span> 
     </span>
     <span class='ocr_line' id='line_1_35' title="bbox 278 2962 1919 3009; baseline 0.001 -12"><span class='ocrx_word' id='word_1_250' title='bbox 278 2974 351 2997; x_wconf 90' lang='lat' dir='ltr'>nez</span> <span class='ocrx_word' id='word_1_251' title='bbox 370 2974 485 2999; x_wconf 89' lang='lat' dir='ltr'>manu</span> <span class='ocrx_word' id='word_1_252' title='bbox 505 2971 675 2999; x_wconf 87' lang='lat' dir='ltr'>exarata:</span> <span class='ocrx_word' id='word_1_253' title='bbox 697 2964 741 2998; x_wconf 68' lang='lat' dir='ltr'>«t</span> <span class='ocrx_word' id='word_1_254' title='bbox 761 2964 874 3009; x_wconf 77' lang='lat' dir='ltr'>Quae</span> <span class='ocrx_word' id='word_1_255' title='bbox 892 2962 999 2997; x_wconf 89' lang='lat' dir='ltr'>dedit</span> <span class='ocrx_word' id='word_1_256' title='bbox 1015 2963 1057 2997; x_wconf 90' lang='lat' dir='ltr'>P.</span> <span class='ocrx_word' id='word_1_257' title='bbox 1075 2962 1226 2997; x_wconf 89' lang='lat' dir='ltr'>Natalis</span> <span class='ocrx_word' id='word_1_258' title='bbox 1242 2963 1284 2996; x_wconf 89' lang='lat' dir='ltr'>P.</span> <span class='ocrx_word' id='word_1_259' title='bbox 1303 2962 1473 2997; x_wconf 88' lang='lat' dir='ltr'>Acostae</span> <span class='ocrx_word' id='word_1_260' title='bbox 1490 2963 1771 3009; x_wconf 81' lang='lat' dir='ltr'>Antuerpiae.»</span> <span class='ocrx_word' id='word_1_261' title='bbox 1786 2963 1829 3000; x_wconf 93' lang='lat' dir='ltr'>P.</span> <span class='ocrx_word' id='word_1_262' title='bbox 1845 2963 1919 2998; x_wconf 90' lang='lat' dir='ltr'>Di—</span> 
     </span>
     <span class='ocr_line' id='line_1_36' title="bbox 276 3021 1916 3069; baseline 0.001 -12"><span class='ocrx_word' id='word_1_263' title='bbox 276 3022 395 3058; x_wconf 86' lang='lat' dir='ltr'>dacus</span> <span class='ocrx_word' id='word_1_264' title='bbox 413 3023 461 3058; x_wconf 93' lang='lat' dir='ltr'>de</span> <span class='ocrx_word' id='word_1_265' title='bbox 482 3023 641 3069; x_wconf 80' lang='lat' dir='ltr'>Aeosta,</span> <span class='ocrx_word' id='word_1_266' title='bbox 663 3024 843 3069; x_wconf 77' lang='lat' dir='ltr'>Augusta</span> <span class='ocrx_word' id='word_1_267' title='bbox 860 3021 1119 3057; x_wconf 88' lang='lat' dir='ltr'>Taurinorum</span> <span class='ocrx_word' id='word_1_268' title='bbox 1139 3022 1396 3068; x_wconf 86' lang='lat' dir='ltr'>Antuerpiam</span> <span class='ocrx_word' id='word_1_269' title='bbox 1417 3022 1571 3068; x_wconf 69' lang='lat' dir='ltr'>missus,</span> <span class='ocrx_word' id='word_1_270' title='bbox 1593 3022 1640 3057; x_wconf 89' lang='lat' dir='ltr'>ad</span> <span class='ocrx_word' id='word_1_271' title='bbox 1658 3023 1757 3058; x_wconf 90' lang='lat' dir='ltr'>hanc</span> <span class='ocrx_word' id='word_1_272' title='bbox 1775 3023 1916 3058; x_wconf 77' lang='lat' dir='ltr'>urbem·</span> 
     </span>
     <span class='ocr_line' id='line_1_37' title="bbox 276 3081 1914 3129; baseline 0.001 -13"><span class='ocrx_word' id='word_1_273' title='bbox 276 3092 365 3116; x_wconf 92' lang='lat' dir='ltr'>curn</span> <span class='ocrx_word' id='word_1_274' title='bbox 385 3082 430 3117; x_wconf 89' lang='lat' dir='ltr'>P.</span> <span class='ocrx_word' id='word_1_275' title='bbox 457 3083 607 3128; x_wconf 84' lang='lat' dir='ltr'>Joanne</span> <span class='ocrx_word' id='word_1_276' title='bbox 627 3082 760 3129; x_wconf 86' lang='lat' dir='ltr'>Javier</span> <span class='ocrx_word' id='word_1_277' title='bbox 778 3087 818 3117; x_wconf 90' lang='lat' dir='ltr'>et</span> <span class='ocrx_word' id='word_1_278' title='bbox 841 3081 884 3116; x_wconf 84' lang='lat' dir='ltr'>P.</span> <span class='ocrx_word' id='word_1_279' title='bbox 912 3081 1152 3127; x_wconf 88' lang='lat' dir='ltr'>Hieronymo</span> <span class='ocrx_word' id='word_1_280' title='bbox 1177 3081 1305 3115; x_wconf 86' lang='lat' dir='ltr'>Natali</span> <span class='ocrx_word' id='word_1_281' title='bbox 1331 3081 1508 3127; x_wconf 73' lang='lat' dir='ltr'>pervenit</span> <span class='ocrx_word' id='word_1_282' title='bbox 1535 3087 1622 3127; x_wconf 88' lang='lat' dir='ltr'>post</span> <span class='ocrx_word' id='word_1_283' title='bbox 1645 3081 1749 3116; x_wconf 82' lang='lat' dir='ltr'>diem</span> <span class='ocrx_word' id='word_1_284' title='bbox 1774 3081 1797 3115; x_wconf 91' lang='lat'>6</span> <span class='ocrx_word' id='word_1_285' title='bbox 1820 3081 1914 3128; x_wconf 73' lang='lat' dir='ltr'>Maji</span> 
     </span>
    </p>
   </div>
   <div class='ocr_carea' id='block_1_16' title="bbox 2035 2685 2098 3470">
    <p class='ocr_par' dir='ltr' id='par_1_19' title="bbox 2035 2685 2098 3470">
     <span class='ocr_line' id='line_1_38' title="bbox 2035 2685 2098 3470; baseline 0 0"><span class='ocrx_word' id='word_1_286' title='bbox 2035 2685 2098 3470; x_wconf 95' lang='lat' dir='ltr'> </span> 
     </span>
    </p>
   </div>
  </div>
 </body>
</html>
