2098 3470
793 247 1225 286 Iusnucnonns-ffl'
1709 246 1781 294 393

189 357 267 395 tur
286 365 388 396 esse
409 349 666 403 Societatis,
705 349 792 394 nisi
814 349 892 406 qui
921 349 1120 394 habeant
1149 348 1304 394 literas
1333 356 1540 406 patentes
1570 349 1827 394 autenticas

123 481 130 486 ν
190 427 471 485 subscriptas
496 434 543 471 et
569 426 791 484 sigillatas
821 440 848 470 a
869 440 954 469 suo
990 425 1227 482 superiori.
1267 425 1344 470 Sic
1377 416 1498 469 enim
1537 426 1822 482 prouidetur,

189 505 341 560 quoad
366 518 625 562 possumus,
654 513 703 546 vt
731 503 962 548 enitentur
982 503 1292 546 simulationes
1320 509 1366 547 et
1393 503 1594 556 fraudes,
1627 518 1744 558 quae
1767 504 1824 546 ab

189 580 416 637 aliquibus
435 588 542 624 sunt
565 581 726 633 factae,
751 580 828 636 qui
850 595 877 625 e
897 579 1126 624 Societate
1147 595 1198 624 se
1217 594 1319 624 esse
1339 580 1587 631 finxerunt,
1608 595 1713 623 cum
1731 594 1824 623 non

188 658 375 703 fuerint.
399 658 569 702 Eadem
587 657 823 714 diligentia
844 663 998 700 vtatur
1025 671 1129 699 cum
1158 656 1363 713 personis
1391 656 1585 700 alicuius
1618 657 1824 700 authori-

189 735 310 788 tatis,
335 735 543 792 quisunt
562 734 699 778 amici
726 733 981 779 Societatis.
1013 734 1256 783 Vtautem
1283 733 1515 777 enitentur
1547 733 1826 777 falsificatio—

189 826 270 856 nes
291 810 522 855 literarum
538 810 806 867 patentium,
831 810 1089 866 publicetur
1117 811 1239 866 quod
1271 809 1319 852 in
1346 810 1610 866 patentibus
1634 811 1718 854 erit
1742 811 1825 853 ali-

189 903 280 945 qua
301 888 413 932 cisra
433 898 514 932 aut
548 887 749 944 signum,
789 888 912 944 quod
948 887 1102 934 nullus
1124 887 1266 944 possit
1302 887 1542 931 falsificare
1564 895 1597 939 ³,
1623 895 1669 931 et
1691 889 1825 932 detur

186 979 340 1022 opera,
366 973 415 1007 vt
441 964 694 1021 reperiatur
725 964 910 1020 aliquod
945 964 1130 1020 signum
1163 964 1459 1016 conueniens,
1499 965 1622 1020 quod
1650 972 1826 1009 secrete

189 1042 355 1099 poterit
371 1041 713 1094 communicari,
731 1049 828 1084 tum
845 1041 1086 1098 episcopis,
1106 1041 1164 1086 68
1181 1049 1277 1084 tum
1295 1056 1453 1085 eorum
1471 1041 1668 1086 vicariiS.
1690 1043 1827 1097 Quod

186 1119 390 1176 signum,
409 1119 544 1163 etiam
567 1119 608 1162 si
629 1120 717 1161 hoc
734 1126 937 1174 tempore
953 1133 1043 1161 non
1066 1119 1141 1171 sit,
1160 1118 1258 1162 fieri
1281 1126 1432 1163 tamen
1450 1118 1618 1175 poterit
1641 1119 1823 1174 quando

188 1195 237 1239 id
257 1195 505 1240 necessitas
526 1194 711 1251 exigere
732 1194 979 1240 videbitur.

217 1322 220 1325 Δ
278 1271 578 1316 Prouincialis
609 1270 801 1327 accipiet
833 1271 1054 1316 rationem
1083 1272 1391 1317 conscientiae
1419 1273 1476 1315 ab
1509 1272 1738 1325 omnibus,
1769 1274 1827 1316 ab

187 1349 361 1402 vltima,
391 1363 528 1405 quam
556 1348 797 1400 dederunt,
830 1349 990 1392 saltem
1019 1350 1160 1393 semel
1187 1349 1234 1392 in
1262 1364 1399 1402 anno,
1434 1357 1480 1394 et
1506 1351 1564 1392 ab
1599 1349 1829 1406 aliquibus

186 1425 307 1469 illam
330 1425 522 1482 accipiet
544 1424 846 1468 vniuersalem
869 1425 1011 1468 totius
1035 1426 1251 1482 temporis
1267 1434 1508 1482 postquam
1527 1433 1755 1471 venerunt
1772 1428 1828 1469 ad

187 1501 480 1555 Societatem,
520 1502 558 1546 si
586 1502 648 1545 ita
673 1501 883 1546 videatur
919 1502 1227 1546 necessarium
1265 1519 1321 1548 ex
1353 1503 1694 1547 circumstantia
1723 1519 1829 1560 per-

187 1594 345 1623 sonae.

272 1657 375 1700 Non
420 1656 602 1701 videtur
638 1657 910 1710 conuenire,
951 1663 1000 1699 vt
1034 1656 1329 1713 prouincialis
1373 1657 1460 1701 sibi
1498 1665 1703 1702 reseruet
1726 1693 1735 1712 ,
1777 1666 1826 1700 vt

186 1733 340 1776 nullus
361 1733 502 1790 possit
523 1735 581 1777 ad
605 1741 785 1791 tempus
801 1733 1002 1778 amoueri
1024 1749 1051 1777 a
1072 1734 1250 1777 studiis.
1272 1734 1491 1779 Districte
1513 1743 1666 1778 tamen
1689 1735 1827 1779 debet

188 1810 496 1867 praescribere
527 1810 856 1867 superioribus,
895 1826 954 1855 ne
991 1811 1191 1854 studium
1230 1811 1519 1864 interdicant,
1552 1811 1639 1855 nisi
1667 1813 1726 1855 ob
1756 1826 1827 1855 res

188 1886 343 1944 magni
364 1887 598 1942 momenti,
623 1894 669 1932 et
691 1902 796 1931 cum
820 1887 1011 1931 consilio
1032 1902 1219 1931 suorum
1249 1889 1584 1943 consultorum,
1612 1897 1657 1931 et
1681 1889 1827 1945 primo

187 1978 373 2020 quoque
394 1971 598 2021 tempore
622 1964 790 2008 faciant
811 1965 1052 2009 certiorem
1070 1965 1416 2021 prouincialem.
1583 2014 1587 2018 ⁴

277 2041 419 2085 Curet
438 2041 747 2098 prouincialis,
768 2042 1032 2097 praesertim
1050 2041 1086 2084 si
1107 2041 1171 2085 ita
1187 2041 1490 2086 iudicauerint
1513 2043 1560 2097 ii,
1580 2043 1658 2098 qui
1675 2043 1721 2085 in
1741 2045 1826 2086 hac

189 2131 239 2161 re
258 2118 432 2174 pollent
453 2117 637 2171 iudicio,
661 2126 711 2161 vt
732 2118 938 2175 magistri
960 2119 1222 2162 scholarum
1251 2120 1589 2175 grammatices,
1620 2127 1699 2163 aut
1728 2120 1824 2163 sin-

190 2194 311 2250 gulis
333 2194 463 2238 annis
481 2202 560 2238 aut
581 2196 784 2238 secundo
806 2209 989 2251 quoque
1012 2210 1133 2238 anno
1155 2203 1391 2239 mutentur
1413 2198 1470 2240 ad
1491 2198 1671 2240 scholas
1694 2198 1826 2240 altio-

189 2285 277 2314 res.
303 2271 407 2314 Hoc
428 2271 549 2314 enim
571 2271 788 2328 proderit,
819 2271 979 2328 partim
1019 2273 1076 2315 ad
1114 2272 1173 2318 69
1210 2273 1456 2316 leuandum
1495 2273 1674 2316 illorum
1700 2275 1826 2317 fasti-

189 2347 332 2400 dium,
356 2347 518 2404 partim
541 2347 695 2400 etiam,
720 2355 770 2390 vt
798 2348 1037 2404 proficiant
1058 2349 1103 2392 in
1127 2348 1181 2393 iis
1210 2349 1521 2402 facultatibus,
1554 2365 1666 2406 quas
1690 2352 1823 2406 profi-

191 2430 364 2470 tentur.

252 2500 592 2553 .Prouincialis‚
623 2502 732 2544 dum
754 2501 948 2558 collegia
977 2501 1147 2555 visitat,
1178 2503 1406 2548 examinet
1437 2503 1634 2548 rationes
1664 2504 1758 2546 dati
1780 2511 1825 2545 et

192 2577 383 2634 accepti,
414 2593 494 2634 per
529 2593 580 2623 se
616 2579 689 2622 vel
725 2586 1067 2634 procuratorem
1104 2580 1385 2636 prouinciae,
1428 2581 1499 2623 vel
1537 2580 1692 2625 alium.
1722 2581 1824 2622 Hoc

190 2661 342 2699 autem
364 2654 580 2698 nonideo
602 2655 668 2707 fit,
700 2655 829 2710 quasi
850 2655 987 2700 fidem
1011 2670 1103 2699 non
1125 2656 1425 2701 adhibeamus
1454 2657 1722 2707 rectoribus,
1750 2657 1822 2700 vel

189 2730 572 2787 procuratoribus,
598 2732 965 2787 quandoquidem
988 2733 1162 2776 animas
1182 2747 1339 2776 eorum
1360 2733 1464 2777 fidei
1493 2733 1822 2775 committimus

188 2815 326 2863 atque
346 2809 731 2861 commendamus,
769 2810 850 2853 sed
872 2817 920 2852 vt
949 2817 1160 2854 seruetur
1186 2810 1367 2854 debitus
1397 2809 1582 2852 rationis
1606 2824 1657 2851 ac
1681 2809 1824 2852 disci-

192 2884 341 2940 plinae
362 2886 491 2928 ordo.

265 3060 283 3076 ³
331 3050 556 3098 falcificare
575 3062 648 3086 ms.
