2098 3470
311 248 383 294 690
786 249 940 287 Pii-rius
966 251 1210 287 Hmnonvm
1235 250 1387 287 NAnAt,

266 356 412 393 mater
448 350 744 395 excellentius
780 351 1023 408 intelligat;
1063 365 1199 406 quam
1236 351 1360 394 solus
1393 352 1537 407 Xpus.
1570 358 1770 408 superat.
1803 354 1901 397 Nec

259 433 420 480 ¹tamen
442 433 588 471 status
614 435 684 471 est
710 427 757 471 in
785 428 935 472 anima
963 428 1089 484 Xpi.;
1120 429 1248 471 Deus
1276 428 1395 471 enim
1425 428 1549 471 solus
1570 428 1900 484 perfectissime

265 502 480 560 intelligit
503 511 674 559 quanta
694 504 753 548 sit
775 504 951 561 peccati
979 504 1184 561 grauitas
1211 504 1454 548 aduersum
1483 519 1547 548 se.
1573 505 1696 549 Hinc
1726 505 1896 562 poteris

265 587 312 624 et
340 580 573 624 charitatis
603 595 739 638 opera
761 589 1021 626 sanctorum
1050 595 1161 637 erga
1190 595 1274 624 nos
1302 580 1348 624 in
1377 581 1658 625 orationibus
1684 589 1730 626 et
1756 581 1899 627 inter-

265 656 548 700 cessionibus
569 665 616 702 et
637 658 872 702 sacrificiis
894 673 976 714 pro
998 657 1197 714 peccatis
1220 657 1386 700 nostris
1408 672 1600 714 pensare
1628 665 1673 701 et
1695 665 1897 702 nostram

264 732 575 790 stupiditatem
608 741 654 779 et
685 734 969 779 caecitatem.
1006 736 1149 787 Deus,
1191 734 1357 778 adiuua
1394 749 1477 778 nos
1513 742 1695 791 propter
1732 748 1898 780 nomen

265 817 474 854 sanctum
498 817 643 855 tuum.

352 887 620 932 Intercessio
648 888 840 945 virginis
871 887 1042 932 Mariae
1070 889 1128 930 ad
1155 887 1308 931 omnia
1336 887 1455 931 dona
1482 895 1528 931 et
1555 887 1726 944 gratias
1752 887 1892 944 impe-

262 964 446 1007 trandas
468 979 663 1021 magnae
684 971 730 1009 et
751 965 1015 1009 excellentis
1037 972 1106 1008 est
1127 963 1370 1008 efficaciae.
1397 966 1488 1008 Dat
1510 972 1662 1009 autem
1683 979 1897 1022 magnam

262 1037 487 1084 fiduciam*
507 1042 629 1097 apud
660 1043 827 1095 Deum,
852 1041 889 1084 si
922 1041 1022 1096 quis
1056 1041 1113 1084 ad
1145 1040 1410 1093 orationem,
1440 1040 1538 1097 ipsa
1569 1041 1897 1094 intercedente,

263 1117 458 1162 accedit.
599 1104 606 1116 ¹

326 1207 327 1210 ’
350 1195 395 1238 41
429 1196 510 1238 Est
532 1195 717 1251 spiritus
739 1194 980 1240 Societatis
1002 1194 1184 1238 claritas
1206 1195 1430 1250 quaedam
1458 1209 1688 1251 occupans
1716 1202 1762 1239 et
1791 1182 1898 1239 diri-

263 1285 394 1328 gens.
421 1273 486 1315 Ita
507 1272 748 1316 videbatur
770 1273 949 1316 cuidam
973 1274 1028 1317 P.
1053 1272 1260 1328 Ignatius
1281 1272 1431 1328 dirigi.

351 1350 505 1404 Quum
529 1364 632 1393 oras
654 1349 881 1406 uirginem
905 1357 1095 1394 matrem
1118 1349 1204 1392 Dei
1227 1356 1276 1392 vt
1297 1364 1377 1405 pro
1399 1356 1445 1393 te
1465 1349 1734 1402 intercedat,
1760 1351 1898 1394 adeas

261 1440 379 1478 eam,
405 1426 640 1470 aduocatis
662 1426 874 1469 omnibus
890 1425 1066 1482 angelis
1089 1434 1134 1470 et
1151 1425 1339 1479 sanctis,
1361 1433 1455 1469 tota
1471 1425 1656 1470 coelesti
1679 1422 1898 1471 Hierusa-

261 1502 365 1546 lem.
392 1502 484 1546 Hic
505 1510 575 1547 est
595 1505 742 1546 honor
764 1503 955 1560 virginis
977 1510 1024 1547 et
1045 1503 1206 1548 efficax
1229 1503 1431 1549 oratio...

354 1579 635 1635 Quotidiano
656 1580 872 1624 exercitio
895 1586 1003 1622 sunt
1021 1587 1112 1624 tres
1128 1578 1229 1624 viae
1245 1580 1541 1624 exercendae:
1562 1587 1612 1623 vt
1627 1580 1895 1637 principium

262 1656 483 1700 orationis
505 1656 564 1699 sit
584 1671 640 1701 ex
662 1657 923 1713 purgatiua,
950 1657 1080 1712 quasi
1107 1656 1392 1712 praeludium
1420 1658 1664 1712 quoddam;
1701 1657 1770 1700 2.⁰
1797 1658 1898 1701 loco

261 1740 331 1777 est
352 1733 523 1789 aliquid
545 1748 601 1777 ex
624 1733 876 1789 scripturis,
901 1734 975 1778 vel
994 1733 1181 1776 omnino
1203 1748 1261 1776 ex
1281 1733 1504 1778 creaturis
1531 1734 1604 1776 vel
1634 1727 1691 1777 ex
1713 1749 1897 1791 praece-

259 1811 386 1855 denti
407 1811 610 1854 oratio'ne
632 1810 942 1855 meditandum
965 1810 1196 1854 humiliter
1213 1811 1270 1853 de
1286 1810 1398 1854 locis
1413 1818 1459 1854 et
1476 1811 1702 1867 personis,
1723 1811 1892 1865 verbis,

261 1887 406 1930 factis.
433 1887 555 1932 Hinc
577 1888 771 1931 leuanda
794 1902 922 1931 mens
945 1889 1002 1930 ad
1024 1903 1094 1939 ea,
1120 1901 1236 1942 quae
1258 1901 1351 1930 non
1372 1887 1600 1940 videntur,
1625 1893 1706 1944 per
1727 1887 1896 1931 illumi-

259 1964 491 2009 nationem
513 1972 560 2008 et
581 1964 812 2009 vnionem.

348 2043 476 2086 Deus
497 2041 544 2084 in
566 2041 697 2084 nobis
721 2049 805 2095 est;
832 2056 935 2084 nam
959 2056 1043 2085 nos
1065 2056 1239 2094 sumus,
1271 2048 1317 2086 et
1345 2043 1472 2085 Deus
1499 2047 1594 2094 est‚'
1617 2049 1663 2086 et
1690 2049 1895 2086 nostrum

258 2133 360 2163 esse
380 2134 438 2162 ex
459 2120 559 2163 Deo
582 2125 627 2162 et
649 2118 695 2161 in
718 2119 816 2162 Deo
839 2126 924 2162 est:
950 2133 1006 2162 ex
1029 2125 1189 2161 nostro
1211 2120 1482 2174 essevDeum
1504 2119 1550 2161 in
1573 2114 1712 2163 nobis'
1726 2118 1896 2164 intelli-

260 2195 413 2252 gimus
435 2203 482 2240 et
503 2196 760 2239 adoramus.
1860 2189 1863 2191 ³

349 2273 530 2317 Veritas
552 2279 768 2329 gustatur
800 2286 852 2315 ac
885 2271 1096 2316 sentitur:
1133 2272 1210 2327 qui
1242 2286 1405 2316 sensus
1437 2272 1475 2315 si
1505 2279 1749 2325 constaret,
1788 2272 1894 2316 hinc

256 2350 408 2394 omnia
436 2356 641 2406 peccata,
673 2363 832 2392 omnes
860 2349 1229 2404 imperfectiones
1256 2349 1654 2406 dignoscerentur:
1686 2356 1733 2392 et
1761 2350 1894 2406 plane

260 2441 532 2484 progressus
555 2426 737 2482 quidam
761 2441 787 2468 a
807 2427 906 2468 Deo
928 2434 997 2468 est
1020 2426 1203 2470 veritas.

346 2503 635 2548 Desiderauit
657 2502 868 2546 Christus
890 2503 978 2545 iam
1002 2503 1107 2547 inde
1130 2519 1155 2546 a
1177 2518 1260 2546 sua
1282 2503 1584 2559 conceptione
1611 2517 1812 2555 crucem,
1844 2510 1895 2545 vt

258 2581 431 2624 sciebat
453 2580 582 2623 aliter
604 2594 695 2623 non
719 2580 1030 2623 redimendum
1056 2580 1286 2623 hominem
1314 2580 1361 2622 in
1389 2580 1580 2636 gloriam
1606 2579 1770 2623 Patris:
1803 2581 1894 2622 huc

259 2658 485 2702 referebat
513 2657 640 2700 illud:
676 2655 938 2700 «Desiderio
966 2656 1276 2701 desideraui...
1308 2658 1345 2695 ¹»
1381 2657 1447 2700 Ita
1474 2657 1526 2699 fit
1559 2664 1631 2710 vt,
1664 2656 1742 2712 qui
1775 2656 1891 2700 viam

258 2734 444 2790 spiritus
466 2732 753 2790 aggreditur,
779 2732 1003 2775 desiderio
1026 2732 1221 2788 primum
1245 2732 1416 2776 moueri
1439 2733 1603 2777 debeat
1625 2734 1683 2776 ad
1705 2733 1893 2776 mortifi-

258 2811 484 2854 cationem
505 2825 650 2861 suam,
681 2809 745 2853 44
766 2809 962 2864 patiatur
990 2811 1148 2861 multa,
1179 2810 1327 2854 donec
1354 2809 1636 2853 mortificatis
1663 2809 1889 2861 sensibus,

256 2895 304 2931 et
337 2902 441 2930 cum
474 2887 661 2930 Christo
691 2894 917 2942 resurgat,
950 2887 1165 2928 ascendat
1188 2886 1233 2928 in
1261 2886 1455 2939 coelum,
1491 2893 1536 2928 et
1569 2887 1813 2931 consedeat
1844 2886 1892 2928 in

256 2964 547 3017 coelestibus3
573 2977 691 3019 quae
713 2962 974 3006 diuinorum
998 2970 1068 3007 est
1091 2962 1430 3019 contemplatio.

332 3056 341 3075 ¹
394 3053 513 3099 LUC„
533 3052 662 3105 XXII,
685 3059 740 3096 15.
