2098 3470
778 294 786 310 ³
805 283 1239 324 mammonas-61
1720 282 1791 328 435

291 390 342 449 Si
363 392 442 436 det
470 389 794 448 poenitentiaS,
823 402 903 432 eas
929 386 1058 431 dabit
1083 385 1268 431 nomine
1295 392 1343 428 et
1367 373 1497 428 iussu
1526 385 1737 440 ministri,
1768 386 1841 430 vel

195 468 396 513 aliorum
419 467 710 524 superiorum
730 465 887 510 habita
906 465 1141 509 facultate.

250 591 254 594 .
293 546 524 590 Censetur
541 544 726 600 quidem
753 542 961 600 superior
981 541 1294 595 subminister,
1317 543 1401 587 sed
1426 541 1743 585 sacerdotibus
1772 548 1838 584 ta—

201 610 311 666 men
333 622 398 666 nil
420 621 612 678 iubebit,
630 621 720 666 nisi
736 620 922 664 nomine
942 619 1134 663 aliorum
1156 619 1460 676 superiorum,
1479 618 1558 661 vbi
1573 619 1619 661 id
1636 619 1700 661 illi
1717 632 1842 662 com-

202 700 407 755 mittent;
432 700 555 756 quod
576 700 616 743 si
636 699 810 754 iubeat,
827 699 999 743 debent
1018 697 1084 741 illi
1104 697 1305 742 obedire.

299 777 551 822 Vocabitur
575 778 729 828 frater,
753 776 793 819 si
814 790 906 819 non
928 782 998 820 est
1019 776 1248 820 sacerdos.

295 933 481 976 Horum
502 931 754 976 officiorum
774 938 874 975 esto
898 929 1005 973 unio
1025 937 1072 974 et
1092 929 1411 986 dependentia,
1435 929 1535 974 siue
1562 930 1846 973 subalterna-

205 1011 294 1063 tio,
316 1009 365 1052 in
393 1009 593 1053 Domino
619 1008 877 1052 firmissima
903 1015 1041 1063 atque
1072 1007 1374 1060 exactissima,
1413 1007 1544 1062 quasi
1579 1007 1848 1063 angelorum

205 1087 273 1131 sit
292 1087 515 1144 quaedam
546 1085 819 1137 hierarchia,
853 1099 943 1141 qua
974 1083 1210 1129 inferiores
1241 1091 1287 1128 et
1317 1092 1575 1141 purgentur
1605 1091 1652 1127 et
1683 1084 1850 1127 illumi-

211 1171 382 1210 -nentur
404 1171 452 1207 et
472 1163 767 1220 perficiantur
787 1178 814 1206 a
834 1161 1159 1218 superioribus,
1182 1161 1231 1204 hi
1251 1176 1279 1204 a
1299 1160 1582 1217 prouinciali,
1613 1160 1691 1204 hic
1718 1176 1746 1204 a
1767 1176 1851 1218 ge-

213 1241 375 1294 nerali,
398 1240 474 1284 hic
495 1241 603 1285 item
626 1255 654 1283 a
675 1254 854 1283 summo
876 1239 1108 1296 pontifice,
1133 1246 1180 1284 et
1201 1254 1228 1282 a
1249 1238 1434 1283 Christo
1461 1240 1578 1282 Iesu.

307 1397 386 1444 174
416 1396 722 1442 Subminister
744 1395 1043 1452 procuratori,
1066 1397 1300 1452 praefecto
1319 1396 1592 1448 studiorum,
1623 1396 1853 1452 professo-

211 1474 363 1529 ribus,
387 1473 802 1526 concionatoribus,
828 1473 964 1519 etiam
985 1473 1024 1517 si
1045 1474 1305 1518 sacerdotes
1324 1487 1415 1516 non
1437 1481 1609 1526 essent,
1634 1473 1699 1516 nil
1719 1487 1849 1530 prae—⁷

212 1551 404 1604 scribet,
425 1549 691 1607 praesertim
713 1550 759 1593 in
781 1549 878 1594 suis
898 1550 1074 1603 officiis,
1100 1557 1146 1595 et
1166 1565 1226 1595 ne
1241 1565 1299 1595 ex
1314 1550 1632 1604 commissione
1648 1550 1848 1606 quidem,

213 1643 338 1686 quae
367 1628 540 1673 scilicet
568 1627 631 1671 illi
658 1643 750 1671 non
778 1627 975 1681 dabitur,
1011 1628 1091 1670 sed
1127 1627 1211 1671 soli
1242 1627 1446 1670 ministro
1474 1627 1572 1671 dari
1601 1628 1782 1684 poterit,
1805 1635 1855 1670 vt

212 1705 394 1750 dictum
417 1713 488 1750 est
508 1705 555 1748 in
577 1705 677 1748 eius
698 1705 863 1748 officio.

215 1856 541 1888 COMPENDIUM
579 1855 975 1895 INSTRUCTIONIS,
1017 1856 1147 1894 QUAE
1184 1856 1273 1896 118,
1306 1856 1390 1895 QUI
1425 1857 1693 1897 PRAESUNT,
1728 1858 1856 1888 DATA

215 1916 218 1917 ⁷
312 1933 420 1973 EST,
441 1933 507 1964 DE
529 1933 592 1964 Eo
614 1933 991 1972 QUEMADMODUM
1014 1933 1072 1963 SE
1093 1933 1286 1964 GERERE
1306 1934 1499 1964 DEBENT
1523 1934 1648 1965 ERGA
1673 1935 1857 1966 PATRES

312 2011 374 2041 ET
404 2010 623 2042 FRATRES

254 2102 274 2140 ’,
315 2091 449 2136 Gerit
469 2091 642 2136 Christi
661 2106 919 2148 personam,
943 2092 1134 2148 eiusque
1154 2092 1301 2136 vicem
1321 2093 1542 2150 superior.

317 2169 503 2214 Christo
524 2169 744 2214 obediunt
765 2169 811 2212 in
832 2169 932 2226 ipso
954 2171 1115 2213 Patres
1136 2184 1191 2214 ac
1213 2171 1390 2215 fratres.

318 2245 488 2290 Christi
508 2253 619 2289 sunt
639 2246 776 2299 serui,
801 2261 894 2290 non
914 2236 1071 2303 ipsius.

319 2323 396 2368 175
427 2323 626 2368 Suorum
648 2323 933 2369 infirmitates
955 2325 1086 2377 ferat,
1112 2339 1196 2368 nec
1217 2324 1302 2369 sibi
1323 2327 1514 2382 placeat.

320 2400 374 2444 In
397 2399 558 2444 timore
579 2414 633 2443 ac
655 2408 850 2444 tremore
871 2415 1005 2444 suum
1029 2401 1227 2445 officium
1248 2411 1394 2459 gerat.

253 2512 260 2516 .
316 2477 437 2540 Suos
465 2491 625 2522 omnes
651 2477 698 2520 in
727 2477 888 2534 spiritu
917 2478 1185 2522 humilitatis
1217 2479 1426 2524 meliores
1461 2496 1511 2524 se
1547 2480 1774 2524 existimet
1806 2480 1864 2522 ad

102 2541 119 2619 ἶ
158 2551 159 2554 ’
222 2553 396 2597 omnia.

323 2630 531 2675 Imitetur
553 2631 600 2674 in
620 2633 954 2688 gubernatione
975 2634 1260 2688 charitatem,
1284 2634 1698 2685 mansuetudinem,
1718 2641 1764 2676 et
1786 2634 1864 2677 be-

231 2706 506 2764 nignitatem
526 2709 629 2752 Iesu
649 2709 837 2762 Christi,
862 2724 916 2754 ac
937 2712 1246 2767 apostolorum
1270 2712 1393 2755 Petri
1416 2726 1468 2754 ac
1494 2711 1639 2754 Pauli.
1702 2702 1704 2704 ’

323 2784 475 2828 Fortis
495 2784 555 2828 sit
575 2792 622 2828 et
642 2786 799 2829 suauis
818 2786 867 2830 in
888 2787 1235 2843 gubernatione.

324 2861 469 2914 Haec,
487 2875 604 2916 quae
626 2863 839 2915 diximus,
858 2871 1068 2908 exerceat
1090 2865 1300 2908 exteriori
1321 2865 1507 2921 gaudio,
1528 2874 1572 2908 et
1590 2863 1867 2907 moderatio·

234 2950 314 2990 ne,
337 2943 475 2992 atque
495 2938 726 2982 actionum
755 2940 960 2983 omnium
984 2941 1326 2997 compositione.

326 3013 566 3067 Naturam,
589 3015 628 3058 si
649 3015 787 3059 fuerit
807 3017 1024 3071 seuerior,
1045 3025 1280 3074 temperet;
1300 3019 1338 3061 si
1361 3018 1516 3069 lenior,
1538 3017 1741 3060 adhibita
1757 3031 1864 3073 gra-

237 3089 397 3144 uitate,
422 3100 678 3147 componat.
