2098 3470
257 288 328 326 474
730 281 885 318 PATRIS
911 281 1155 319 Hmnonvm
1180 281 1332 318 NADAL

211 380 350 436 tione,
381 382 644 438 praesertim
681 383 935 428 mulierum.
966 385 1037 428 De
1073 383 1266 429 lectione
1303 383 1519 427 librorum
1558 385 1629 430 vel
1655 395 1840 442 aspectu

211 466 498 502 externarum
518 473 684 513 rerum,
704 461 824 505 vnde
846 460 1031 505 excitari
1049 468 1232 517 possent
1254 466 1408 518 turpes
1424 461 1741 518 cogitationes.
1765 463 1840 506 An

211 534 454 591 diligenter
477 535 647 593 fugerit
669 537 945 581 occasiones,
973 539 1042 581 De
1065 537 1271 580 custodia
1293 552 1524 582 sensuum.

826 669 889 699 DE
922 669 1238 698 PAUPERTATE

301 767 378 810 An
399 766 566 822 aliquid
589 768 754 812 habeat
776 766 903 823 quasi
927 767 1174 823 proprium.
1201 767 1275 810 An
1299 766 1468 823 aliquid
1490 769 1655 812 habeat
1684 776 1843 812 contra

211 844 285 887 vel
307 849 486 899 praeter
506 843 810 888 obedientiam
839 843 1083 900 superioris
1110 844 1183 888 vel
1215 844 1548 887 absconditum.
1580 844 1652 887 An
1676 846 1842 890 habeat

211 919 382 975 aliquid
410 920 473 963 ita
502 921 709 972 charum,
739 927 789 963 vt
815 922 1007 964 moleste
1035 920 1093 963 sit
1114 921 1305 973 laturus,
1331 921 1369 964 si
1391 922 1447 964 ab
1471 921 1546 964 illo
1568 922 1840 974 auferretur,

211 1004 255 1040 et
289 996 474 1040 omnino
496 998 553 1043 de
585 997 722 1041 nimia
749 998 990 1042 affectione
1012 1012 1123 1054 erga
1154 997 1216 1050 id,
1250 998 1347 1042 siue
1378 999 1500 1055 quod
1527 999 1709 1051 habeat,
1745 998 1844 1042 siue

211 1074 333 1129 quod
355 1088 447 1117 non
468 1075 648 1118 habeat.
674 1073 750 1118 An
777 1074 945 1130 aliquid
973 1074 1198 1118 desideret
1221 1075 1392 1119 habere
1420 1068 1598 1131 praeter
1625 1075 1842 1120 obedien-

213 1150 337 1196 tiam.
375 1155 458 1197 295
490 1152 566 1195 An
594 1151 732 1195 fuerit
760 1151 1000 1208 negligens
1038 1151 1084 1194 in
1121 1152 1450 1196 conseruandis
1481 1154 1635 1204 rebus,
1677 1152 1844 1208 quibus

210 1227 368 1270 vtitur.
395 1228 472 1271 An
489 1227 659 1284 aliquid
675 1229 749 1272 vel
765 1228 954 1281 dederit,
974 1229 1048 1272 vel
1070 1228 1311 1284 acceperit,
1333 1229 1404 1273 vel
1426 1243 1452 1272 a
1469 1228 1746 1282 domesticis,
1770 1229 1844 1273 vel

212 1305 268 1347 ab
292 1304 492 1349 externis
513 1304 689 1348 iniussu
707 1305 993 1362 superiorum
1016 1313 1048 1347 ³.
1068 1304 1143 1347 An
1165 1304 1336 1360 aliquid
1352 1320 1409 1350 ex
1430 1306 1566 1349 rebus
1582 1304 1844 1350 domesticis

211 1381 452 1437 acceperit.
486 1383 563 1426 An
595 1382 762 1438 aliquid
795 1381 1007 1438 stipendii
1043 1382 1115 1425 vel
1147 1382 1460 1438 eleemosynae
1498 1381 1725 1438 acceperit
1761 1396 1845 1438 pro

211 1457 362 1514 aliquo
384 1458 648 1514 mynisterio
671 1459 931 1512 Societatis,
956 1459 1029 1502 vel
1052 1458 1433 1514 aliaquacunque
1455 1455 1645 1502 ration'e.
1671 1459 1749 1502 An
1770 1459 1844 1503 vel

212 1536 379 1579 habeat
402 1534 597 1591 aliquam
619 1535 860 1592 pecuniam
883 1535 1022 1588 domi,
1048 1537 1119 1579 vel
1135 1543 1263 1579 extra
1279 1536 1480 1588 domurn,
1500 1536 1573 1580 vel
1590 1537 1711 1579 bona
1728 1542 1844 1579 tem-

211 1611 398 1668 poralia,
429 1619 474 1657 et
502 1627 611 1656 num
634 1613 692 1657 de
719 1612 806 1655 illis
828 1613 955 1656 aliter
977 1612 1135 1657 fecerit
1156 1613 1228 1656 vel
1250 1612 1423 1669 cogitet
1446 1614 1595 1656 facere
1624 1627 1759 1668 quam
1787 1627 1843 1657 ex

212 1689 386 1733 ratione
407 1689 619 1733 instituti.

567 1822 631 1853 DE
663 1823 957 1853 PRAECEPTIS
987 1823 1067 1853 DEI
1102 1823 1193 1853 VEL
1227 1822 1490 1853 ECCLESIAE

299 1922 422 1965 Num
445 1921 641 1977 aliquam
665 1921 876 1966 habuerit
900 1922 1195 1966 tentationem
1218 1930 1376 1965 contra
1393 1922 1544 1973 fidem,
1564 1927 1610 1965 et
1626 1921 1845 1976 quemad-

211 1999 395 2042 modurn
418 1998 465 2041 in
487 2013 540 2044 ea
562 2012 611 2042 se
633 1998 843 2054 gesserit.
870 2001 946 2042 An
968 1999 1107 2042 libros
1129 1998 1380 2055 prohibitos
1402 1997 1611 2042 habuerit
1628 1998 1701 2040 vel
1722 1998 1846 2054 lege·

211 2074 268 2117 rit
297 2076 469 2130 absque
498 2077 730 2120 facultate.
762 2077 836 2119 An
866 2076 1066 2120 debitam
1096 2075 1398 2120 reuerentiam
1425 2074 1682 2119 exhibuerit
1709 2075 1847 2118 rebus

210 2151 316 2196 fidei
338 2159 384 2195 et
406 2152 740 2197 ecclesiasticae
763 2152 1039 2197 authoritati.
1064 2155 1184 2196 Num
1208 2153 1358 2208 aliquo
1381 2151 1542 2208 spiritu
1564 2150 1845 2207 desperatio-

210 2228 280 2271 nis
302 2228 439 2272 fuerit
461 2236 679 2272 tentatus.
705 2234 788 2277 296
810 2229 885 2272 An
907 2229 1147 2274 affectione
1169 2229 1306 2272 nimia
1328 2230 1401 2273 vel
1422 2227 1614 2273 seculari
1637 2241 1748 2284 erga
1763 2241 1847 2283 pa-

211 2313 379 2358 rentes,
405 2307 479 2349 vel
506 2313 729 2363 cognatos
758 2306 892 2351 fuerit
922 2314 1087 2350 motus.
1120 2308 1196 2350 An
1227 2306 1386 2349 fratres
1417 2320 1530 2362 pure
1559 2311 1606 2347 et
1633 2303 1847 2360 religiose

210 2381 421 2427 dilexerit
442 2390 488 2426 et
510 2397 616 2426 cum
638 2383 704 2426 eis
726 2391 1025 2428 conuersatus
1048 2383 1183 2428 fuerit
1205 2397 1309 2426 curn
1332 2381 1646 2426 aedificatione
1673 2387 1719 2424 et
1746 2381 1844 2424 fru-

210 2467 305 2503 ctu.
331 2461 407 2504 An
431 2459 568 2503 animi
590 2460 874 2505 auersionem
896 2462 952 2504 ab
975 2461 1040 2504 eis
1067 2460 1295 2505 babuerit.
1320 2461 1395 2503 An
1424 2458 1676 2502 discordiae
1704 2457 1848 2500 alicu-

210 2537 283 2579 ius
305 2538 471 2580 author
493 2537 630 2580 fuerit
652 2538 725 2582 vel
741 2537 908 2581 socius.
932 2539 1006 2580 An
1023 2536 1279 2594 neglexerit
1296 2537 1498 2580 actiones
1515 2549 1621 2578 suas
1637 2535 1694 2578 ad
1710 2535 1848 2578 finem

211 2613 454 2658 Societatis
477 2614 655 2659 referre.
681 2614 754 2657 An
779 2614 1034 2669 neglexerit
1055 2615 1201 2656 bonas
1223 2612 1555 2669 inspirationes.
1581 2613 1651 2654 De
1673 2610 1843 2654 iureiu-

210 2691 370 2735 rando.
395 2692 465 2734 De
486 2690 691 2747 periculo
713 2690 950 2746 peccandi.
977 2692 1046 2733 De
1074 2689 1242 2732 iudicio
1271 2689 1523 2743 temerario,
1551 2690 1621 2731 De
1643 2701 1847 2730 murmu-

210 2766 400 2811 ratione.
428 2769 498 2810 De
518 2767 749 2812 scandalo.
772 2768 843 2811 De
871 2767 1166 2811 detractione.
1200 2769 1269 2810 De
1291 2765 1558 2822 suspicione.
1590 2766 1660 2808 De
1688 2778 1849 2820 super-

211 2843 300 2895 bia,
326 2850 372 2886 et
394 2845 480 2887 sub
502 2846 588 2887 hac
610 2845 668 2889 de
689 2844 934 2900 hypocrisi,
955 2843 1215 2896 ambitione,
1242 2842 1517 2899 arrogantia,
1537 2840 1844 2892 contentione,

212 2920 476 2976 pertinacia,
503 2928 547 2966 et
577 2920 856 2964 curiositate.
892 2923 962 2965 De
990 2921 1176 2964 inuidia.
1208 2922 1279 2964 De
1307 2920 1388 2963 ira.
1418 2921 1490 2963 De
1520 2917 1746 2962 conuitiis.
1779 2919 1848 2965 De

283 3097 301 3113 a
349 3087 625 3133 superioribus
642 3099 715 3123 ms.
