2098 3470
825 272 1004 309 Nori-rm
1029 271 1221 308 conicuu
1777 281 1798 315 5

212 389 337 416 cuum
355 382 430 423 est,
457 377 535 414 hac
560 375 647 414 sola
672 387 697 413 a
720 381 838 426 tergo
861 379 961 413 nota
983 374 1184 423 apposita:
1212 383 1327 423 «32.›>
1355 373 1444 412 Fol.
1476 374 1551 420 238
1578 375 1674 411 item
1700 385 1846 422 purum

213 448 399 487 relictum
419 453 493 485 est.

193 495 197 498 .
218 543 222 565 ς
293 518 327 557 F
329 518 382 557 01.
403 526 633 568 239r-251r,
652 517 827 556 habetur
842 517 966 555 latina
983 517 1119 554 versio
1144 516 1341 565 epistolae
1365 516 1660 564 praecedentis,
1687 516 1750 553 cui
1780 517 1864 563 hic,

53 588 60 595 ·
80 599 102 609 ”
210 607 352 646 titulus
369 607 579 656 praefixus
597 611 671 644 est:
693 569 821 644 «Ill-IS.
841 605 1152 644 EXEMPLUM
1171 603 1368 643 EPISTO
1393 610 1399 650 Ι
1425 605 1489 644 lae
1505 605 1551 642 R.
1570 605 1611 642 P.
1628 606 1731 645 mtri.
1751 605 1844 642 Lai-

171 705 174 707 *
210 678 277 717 nis
294 678 348 716 ad
376 678 423 716 R.
452 678 495 716 P.
519 682 679 716 mtrum.
705 677 710 727 Ι
735 677 1015 715 Salmeronem
1047 677 1270 722 Bononiae,
1301 674 1348 713 16
1372 676 1530 713 calend.
1554 676 1645 724 Julii
1670 679 1676 724 Ι
1707 684 1843 725 1547.»

212 749 259 788 In
273 750 470 799 margine,
485 761 622 796 manu,
635 759 742 797 quae
758 748 925 786 Polanci
938 748 1111 786 videtur:
1133 746 1377 796 «Exemplar
1389 748 1546 796 hispan.
1564 745 1721 798 [apud?]
1736 753 1756 773 a
1773 747 1845 784 Pa·

210 826 316 860 trem
335 821 595 859 Polancum.»
614 819 707 857 Alia
731 821 871 870 ignota
896 831 1020 857 manu
1045 820 1086 856 in
1114 819 1262 856 eadem
1292 830 1376 856 ora:
1412 819 1594 856 ‹Dictata
1622 818 1844 856 Salmeroni

210 898 287 939 est,
305 905 389 930 non
407 893 564 930 missa.»
587 879 812 928 Auctorem
831 892 952 939 hujus
971 890 1119 928 latinae
1133 890 1333 928 versionis
1346 891 1594 940 ignoramus,
1616 889 1844 927 Nonnullae

209 964 532 1009 emendationes,
550 962 705 1000 Natalis
723 974 861 1008 manu,
878 963 1146 1011 reperiuntur,
1165 962 1276 1000 unde
1294 967 1464 1010 apparet
1487 961 1612 1007 illum,
1631 962 1692 998 sin
1713 962 1845 998 minus

206 1040 431 1082 auctorem,
449 1038 619 1072 atcerte
638 1045 852 1071 censorem
867 1034 988 1082 huJus
1002 1034 1201 1070 versionis
1216 1033 1352 1071 fuisse.
1369 1033 1690 1070 Emendationes
1710 1038 1845 1070 autem

210 1107 468 1155 praecipuae,
486 1105 539 1143 ab
558 1104 627 1142 illo
645 1104 851 1150 inductae,
870 1105 949 1142 hae
968 1110 1073 1142 sunt:
1100 1104 1132 1141 F
1135 1104 1188 1143 ol.
1215 1114 1334 1151 244v,
1360 1104 1430 1142 ubi
1459 1105 1571 1153 prius
1598 1110 1694 1141 erat:
1724 1105 1843 1151 «quia

208 1177 436 1224 stomacho,
469 1187 554 1225 quo
587 1175 812 1222 laborabat,
840 1182 927 1214 erat
953 1176 1160 1214 infestus.»
1196 1175 1327 1214 Natal.
1356 1177 1411 1213 ita
1443 1176 1688 1213 emendavit:
1726 1176 1845 1223 «quia

205 1248 409 1289 stomachi
428 1247 547 1284 dolor
563 1253 651 1285 erat
669 1248 706 1284 ei
725 1247 934 1285 infestus.»
954 1246 1059 1285 Ibid.
1081 1247 1203 1302 prius:
1232 1248 1407 1284 «montis
1426 1247 1648 1296 Martyrum
1675 1247 1844 1284 solemni

151 1330 154 1333 ⁴
209 1319 486 1369 repetitione.»
510 1319 655 1356 Natal.:
684 1319 860 1356 «montis
885 1318 1108 1367 Martyrum
1133 1318 1286 1355 deuota
1310 1319 1591 1366 repetitione.»
1619 1318 1707 1356 Fol.
1734 1319 1844 1365 246r,

208 1390 332 1439 ptius:
357 1395 519 1428 «scutos
537 1390 646 1427 nolle
665 1395 889 1427 mutuare.»
910 1389 1053 1428 Natal.:
1077 1395 1321 1427 «coronatos
1346 1389 1454 1426 nolle
1480 1395 1674 1427 mutare.»
1702 1390 1846 1438 Incipit

205 1462 311 1499 haec
327 1462 476 1499 versio:
506 1461 738 1510 «Quantum
763 1461 996 1498 meminisse
1020 1466 1191 1510 potero»
1213 1461 1310 1498 Des.
1329 1461 1619 1499 «...seditiones
1636 1462 1843 1499 excitauit.

207 1528 428 1579 Bononiae,
449 1533 496 1570 16
513 1544 575 1570 ca.
591 1532 683 1580 Julii
708 1540 820 1581 1547.
840 1532 991 1570 Servvs
1007 1533 1049 1570 in
1065 1531 1137 1571 X.⁰
1153 1532 1365 1571 LAYNES.»
1385 1532 1499 1570 Folia
1521 1542 1543 1570 2
1550 1541 1642 1580 §.z-2
1650 1540 1700 1579 59
1714 1544 1845 1570 vacua

194 1601 317 1642 >sunt.

287 1675 321 1712 F
322 1675 375 1713 ol.
396 1675 587 1724 260-267‚
607 1674 684 1712 sub
705 1676 784 1712 hoc
803 1674 920 1712 titulo
944 1675 1200 1725 autographo
1226 1675 1394 1712 Natalis:
1425 1675 1613 1712 «Patrum
1638 1675 1747 1712 dicta
1772 1675 1842 1712 ali-

205 1751 347 1795 quot.»
367 1745 568 1784 habentur
585 1745 722 1794 plures
742 1746 981 1791 sententiae,
1000 1746 1053 1783 ad
1073 1738 1198 1783 vitam
1218 1746 1467 1794 spiritualem
1486 1752 1732 1794 spectantes,
1758 1746 1843 1783 col-

197 1817 337 1866 lectae
361 1828 418 1854 ex
441 1817 563 1854 variis
587 1816 772 1854 Patribus
797 1816 1023 1854 Societatis.
1058 1816 1276 1854 Accedunt
1307 1817 1442 1865 aliqua
1474 1817 1582 1854 dicta
1611 1823 1843 1855 sanctorum

206 1893 367 1939 patrum
391 1893 434 1926 et
458 1888 675 1926 doctorum
699 1887 917 1934 ecclesiae,
942 1899 1049 1936 quae
1081 1889 1223 1938 maj0ri
1256 1900 1312 1926 ex
1344 1894 1458 1937 parte
1492 1889 1703 1926 obliterata
1737 1895 1841 1926 sunt.

204 1958 354 1998 Manus
384 1959 539 1997 Natalis
571 1959 828 1996 emendantis
858 1959 1063 1997 interdum
1095 1960 1355 2008 conspicitur.
1389 1960 1507 1997 Initio
1541 1966 1707 1997 exstant
1733 1960 1840 1997 dicta

206 2030 250 2071 P.
269 2030 415 2077 Lainii,
434 2030 513 2068 sub
532 2032 612 2068 hoc
630 2031 747 2068 titulo
762 2032 858 2068 item
872 2031 1129 2080 autographo
1144 2031 1311 2069 Natalis:
1333 2031 1474 2069 «Pater
1486 2038 1624 2069 noster
1638 2031 1835 2080 Laynez.›

202 2102 440 2150 Sequuntur
458 2103 567 2140 dicta
593 2103 636 2140 Β.
663 2102 769 2140 Petri
794 2102 930 2150 Fabri,
954 2103 1105 2151 quibus
1131 2104 1196 2140 hic
1222 2103 1361 2141 titulus
1387 2104 1596 2152 praefixus
1630 2104 1712 2141 fuit:
1749 2104 1839 2140 «Ex

191 2172 249 2212 -Ρ,
270 2173 406 2212 Fabro
424 2174 673 2223 Magunfiae,
692 2185 787 2211 cum
801 2174 1118 2224 interrogaretur
1131 2175 1184 2212 de
1204 2175 1469 2212 instructione
1490 2187 1564 2223 pro
1580 2176 1732 2212 itinere.
1744 2197 1754 2205 ι
1782 2175 1840 2211 Ita

204 2244 405 2291 librarius,
441 2245 512 2293 qui
546 2245 726 2293 jimenez
763 2245 887 2283 fuisse
923 2245 1096 2284 videtur.
1135 2246 1290 2283 Natalis
1327 2253 1463 2284 autem
1501 2247 1555 2283 ita
1593 2246 1836 2283 emendavit:

209 2316 275 2355 «P.
294 2316 752 2366 FaberMaguntiae...»
774 2322 851 2354 etc.
877 2317 910 2354 F
913 2317 965 2355 ol.
992 2317 1099 2354 261v
1123 2317 1297 2355 habetur
1315 2318 1430 2355 locus
1447 2317 1486 2356 S.
1514 2318 1742 2366 Epiphanii,
1769 2318 1838 2365 qui

201 2387 299 2426 dein
318 2387 554 2426 obliteratus
582 2394 657 2435 est,
682 2387 759 2426 sub
779 2389 859 2426 hoc
883 2389 1013 2426 titulo:
1041 2389 1321 2438 «Epiphanius
1350 2389 1552 2426 familiaris
1578 2389 1767 2438 Virginis,
1797 2395 1839 2426 ut

204 2459 378 2513 habetur
393 2460 435 2497 in
454 2459 633 2508 quadam
657 2460 845 2506 lectione,
874 2471 981 2508 quae
1006 2460 1152 2510 legitur
1177 2461 1216 2497 in
1252 2461 1356 2498 festo
1385 2458 1738 2506 Praese'ntationis‚
1773 2472 1836 2497 se-

202 2531 384 2569 cundum
402 2531 648 2569 breuiarium
671 2522 885 2569 romanum
911 2533 1135 2579 antiquum,
1155 2533 1210 2568 ita
1229 2532 1338 2569 dicit:
1362 2532 1525 2577 «Maria,
1552 2531 1628 2568 Dei
1648 2533 1836 2580 genitrix,

201 2601 415 2641 hebraicas
433 2602 648 2640 litteras...»
676 2602 879 2651 Incipiunt
904 2603 1007 2640 haec
1033 2603 1142 2640 dicta
1170 2603 1333 2640 Patrum
1361 2604 1423 2639 his
1451 2603 1596 2639 verbis:
1635 2603 1701 2638 «In
1732 2604 1836 2639 hanc

201 2673 349 2711 vallem
367 2674 613 2712 miseriae...»
639 2673 735 2712 Des.
756 2674 824 2712 fol.
845 2674 944 2711 2621·
968 2692 1026 2712 α...
1043 2674 1233 2711 cubiculo
1253 2674 1388 2711 cordis
1414 2681 1582 2711 oraret.»
1606 2673 1706 2710 Ibid.
1730 2674 1835 2710 «Re-

201 2744 337 2782 media
353 2750 495 2782 contra
514 2746 800 2794 suggestiones
818 2745 1080 2782 Daemonis.»
1102 2745 1218 2782 Haec
1238 2745 1416 2782 remedia
1438 2745 1564 2781 Patris
1585 2744 1714 2781 Lainii
1744 2756 1834 2781 esse

201 2800 403 2862 videntur,
426 2815 521 2853 licet
538 2827 737 2864 expresse
761 2827 845 2853 non
865 2821 1050 2853 notatum
1075 2815 1194 2853 suerit
1215 2827 1239 2852 a
1261 2816 1407 2861 Natali,
1433 2816 1501 2862 qui
1524 2823 1659 2852 tamen
1682 2817 1835 2863 priores

204 2887 426 2924 sententias
451 2892 493 2924 et
518 2892 737 2935 sequentes
762 2887 815 2924 ad
841 2886 1029 2924 Lainium
1054 2893 1263 2935 spectasse
1283 2887 1323 2924 in
1356 2887 1535 2936 margine
1563 2888 1729 2932 notavit,
1758 2888 1833 2924 hac

199 3057 202 3059 .
270 3038 290 3055 a
338 3028 491 3064 Deesse
508 3027 663 3064 videtur
680 3028 836 3076 aliquod
855 3029 1032 3073 verbum,
1053 3039 1100 3063 eo
1118 3028 1222 3076 quod
1239 3029 1371 3063 charta
1391 3027 1429 3063 in
1444 3027 1532 3063 libri
1547 3029 1828 3075 compositione

202 3092 352 3122 resecta
371 3087 411 3122 in
430 3088 604 3133 margine
625 3087 714 3123 fuit.
