2098 3470
350 259 421 286 xvr
767 296 770 298 Ι
1000 252 1244 288 PRAEFA'HO

303 353 463 408 plexus
484 360 567 397 est.
595 353 696 396 Hac
718 353 836 397 enim
860 368 908 398 re
936 353 1129 397 maxime
1157 367 1346 409 peccare
1375 352 1459 395 visi
1486 359 1593 395 sunt
1621 353 1699 409 qui
1726 361 1935 399 auctores

303 431 428 474 fuere
458 430 706 473 turbarum:
739 430 860 485 quod
882 430 1137 473 institutum
1160 429 1414 481 Societatis,
1440 429 1546 472 boni
1567 430 1625 474 de
1647 435 1826 474 caetero
1846 432 1932 475 ho-

302 506 463 559 mines,
495 514 540 550 et
570 507 627 550 de
654 506 820 562 quibus
847 507 1075 562 praeclara
1107 506 1249 548 multa
1281 506 1590 562 superioribus
1626 505 1933 552 voluminibus

300 584 440 627 relata
461 590 584 636 sunt,
609 597 663 626 ac
685 590 840 639 postea
862 584 1129 635 referentur,
1161 582 1479 638 magistrorum
1508 583 1674 640 inopia,
1705 591 1751 628 et
1778 598 1931 629 terum

301 648 580 717 agendarum
607 660 981 716 occupationibus
1003 672 1234 714 nunquam
1257 655 1414 703 intime
1435 660 1688 717 cognitum,
1713 662 1822 704 dum
1844 661 1932 705 alio

298 738 493 792 quodam
524 750 608 780 suo
635 751 772 780 sensu
800 744 1015 792 aguntur,
1050 736 1094 778 in
1125 736 1369 780 maximum
1401 736 1651 792 periculum
1680 738 1928 783 deduxere.

299 814 404 857 Dux
427 813 512 856 suit
534 813 750 857 Nicolaus
773 813 1019 866 Bobadffla,
1046 812 1112 855 vir
1134 827 1253 866 acer,
1285 813 1510 868 salutique
1539 813 1746 869 publicae
1778 813 1933 860 multis

299 891 345 933 in
374 889 620 946 prouinciis
648 889 826 945 magnis
854 889 948 932 suis
976 889 1206 933 laboribus
1233 890 1365 933 valde
1387 890 1523 943 vtilis;
1549 890 1708 934 solitus
1730 898 1884 934 tamen
1906 906 1932 936 e

298 966 439 1011 libera
461 966 610 1022 potius
632 967 825 1022 quadam
850 966 1036 1010 caritate
1059 965 1138 1022 (sic
1160 965 1255 1022 ipse
1276 966 1551 1023 nominabat)
1576 981 1711 1022 quarn
1732 983 1789 1012 ex
1805 974 1931 1011 arcta

298 1044 560 1099 regularum
584 1057 741 1086 norma
763 1042 1028 1099 religionem
1053 1042 1215 1096 metiri,
1241 1057 1293 1085 ac
1318 1042 1502 1099 perinde
1525 1043 1662 1086 vitam
1686 1057 1790 1087 cum
1820 1051 1932 1088 tem-

295 1134 450 1175 perare
474 1133 622 1171 suam,
649 1126 744 1161 tum
767 1133 951 1162 censere
974 1118 1165 1162 alienam
1194 1119 1239 1162 in
1267 1119 1406 1163 sacris
1434 1120 1639 1164 coetibus
1671 1128 1933 1178 temperan-

296 1197 448 1240 dam.»
469 1197 571 1239 Hac
587 1195 798 1251 prudenti
815 1195 1086 1239 discretione
1102 1195 1149 1238 in
1169 1195 1430 1240 Bobadillae
1451 1204 1496 1240 et
1522 1196 1671 1240 Pontii
1694 1197 1933 1252 Cogorda-

298 1272 343 1315 ni
366 1272 508 1328 gestis
523 1272 782 1327 judicandis
805 1286 914 1314 usus
942 1279 1011 1314 est
1033 1272 1300 1324 Sacchinus,
1334 1273 1465 1328 cujus
1492 1272 1927 1320 sententiae'suffra-

297 1358 467 1405 gantur
496 1357 700 1393 recentes
730 1349 944 1392 historiae
974 1349 1235 1405 scriptores,
1260 1364 1374 1404 quos
1401 1350 1518 1394 inter
1542 1350 1803 1394 nominandi
1825 1358 1932 1397 sunt

300 1428 350 1469 Ρ.
368 1428 512 1469 Boero
534 1429 542 1447 ¹
560 1434 605 1470 et
619 1427 671 1468 P.
687 1426 871 1469 Astrain
884 1427 915 1469 ².
934 1427 1192 1478 Caeterum,
1207 1427 1369 1469 horum
1382 1434 1427 1470 et
1440 1426 1651 1469 similium
1663 1442 1926 1471 monumen-

297 1510 445 1546 torum
469 1503 674 1546 notitiam
699 1503 938 1546 historicae
960 1502 1139 1546 veritati
1162 1517 1349 1559 prorsus
1372 1504 1545 1556 utilem,
1571 1511 1863 1560 nostramque
1883 1504 1930 1547 in

296 1579 349 1623 iis
366 1580 637 1636 evulgandis
655 1580 873 1623 rationem
892 1580 1181 1633 laudandam,
1195 1580 1451 1636 gravissimi
1470 1580 1552 1623 viri
1569 1580 1926 1625 existimarunt⁵.

366 1695 375 1714 ¹
437 1692 527 1727 Vita
546 1692 609 1727 del
626 1703 740 1727 servo
758 1692 802 1727 di
825 1692 898 1726 Dio
917 1692 966 1726 P.
987 1691 1124 1726 Nicold
1142 1692 1401 1739 Bobadiglia‚
1421 1691 1489 1730 lib.
1509 1693 1538 1739 1,
1555 1693 1572 1739 Ξ
1591 1692 1659 1727 ΧΙ.

302 1756 304 1759 ’
364 1755 378 1773 ²
429 1752 528 1787 Loc.
550 1751 635 1797 cit.,
654 1751 704 1797 11,
726 1759 858 1788 12-22.

360 1812 374 1831 ³
396 1844 398 1847 ,
424 1811 531 1846 Inter
548 1811 682 1854 multa,
701 1821 801 1857 quae
819 1809 868 1844 ad
885 1810 958 1844 hoc
975 1809 1280 1845 confirmandum
1298 1810 1437 1846 afferre
1451 1822 1668 1858 possemus,
1687 1811 1931 1858 testimonia,

291 1880 425 1913 unum,
445 1868 563 1916 idque
581 1867 740 1904 maximi
758 1867 954 1915 ponderis,
974 1869 1145 1914 allegare
1169 1868 1349 1911 sufficiat.
1375 1869 1653 1906 Bruxellenses
1678 1876 1834 1906 nostrae
1861 1870 1930 1907 So-

288 1920 444 1964 cietatis
462 1927 717 1974 hagiographi
734 1928 831 1962 haec
849 1927 897 1962 de
916 1927 1059 1962 nostris
1077 1927 1361 1963 MONUMENUS
1387 1928 1640 1975 scripserunt:
1670 1929 1794 1966 «Pour
1818 1934 1931 1966 notre

291 1993 390 2033 part,
409 1998 509 2023 nous
528 1988 680 2022 l'avons
697 1989 874 2022 constate
893 1998 969 2022 une
986 1986 1060 2022 fois
1078 1986 1128 2021 de
1146 1987 1245 2033 plus:
1267 1987 1318 2022 ici
1335 1998 1477 2023 encore
1500 1988 1556 2034 [in
1580 1988 1850 2025 AIonumentis
1873 1990 1929 2026 sci

289 2044 551 2093 Xaverianis]
575 2056 685 2081 come
708 2047 858 2092 chaque
881 2045 953 2081 fois
977 2057 1054 2092 que
1078 2047 1136 2082 les
1160 2046 1334 2085 editeurs
1357 2047 1427 2082 des
1452 2047 1714 2084 Monumenta
1738 2049 1929 2086 historica

288 2105 495 2142 Societatis
511 2105 610 2153 Jesu
628 2109 697 2140 ont
715 2105 848 2151 publie
866 2104 936 2140 des
954 2104 1183 2140 documents
1201 2106 1267 2152 qui
1291 2106 1508 2141 relevaient
1530 2106 1579 2143 de
1604 2107 1926 2155 l’hagiographie,

285 2176 438 2200 comme
455 2164 507 2200 du
525 2170 629 2200 reste
647 2164 744 2199 dans
762 2169 871 2199 toute
889 2165 925 2198 la
943 2163 1059 2207 serie,
1079 2163 1166 2210 deja
1185 2165 1343 2210 longue,
1362 2165 1412 2200 de
1429 2166 1534 2200 leurs
1552 2166 1776 2212 precieuses
1801 2165 1927 2212 publi-

285 2223 454 2269 cations,
488 2224 661 2269 toujours
696 2223 743 2258 ils
780 2227 848 2257 ont
878 2222 1015 2257 merite
1048 2223 1191 2268 l’eloge
1221 2222 1372 2258 d'avoir
1402 2224 1641 2270 loyalement
1670 2225 1848 2260 travaille
1878 2236 1927 2260 au

288 2283 480 2329 triomphe
493 2282 542 2317 de
558 2284 593 2318 13
608 2282 732 2317 verite
747 2287 787 2317 et
802 2293 897 2328 pour
915 2282 972 2316 les
991 2281 1154 2316 interets
1172 2281 1221 2316 de
1239 2281 1429 2317 l'histoire
1447 2283 1615 2318 sincere.
1635 2282 1800 2318 Ceux·la
1819 2285 1926 2320 seuls

284 2341 508 2388 pourraient
535 2347 693 2377 trouver
716 2340 737 2375 ὲ
762 2352 789 2387 y
814 2340 955 2386 redire,
988 2341 1055 2387 qui
1085 2341 1386 2386 regretteraient
1415 2341 1464 2376 de
1494 2342 1578 2377 voir
1607 2343 1665 2377 les
1692 2342 1926 2378 documents

284 2400 562 2448 authentiques
586 2400 717 2435 ruiner
742 2399 812 2435 des
837 2399 1015 2446 opinions
1040 2399 1133 2434 dont
1157 2401 1193 2434 la
1223 2401 1333 2436 seule
1358 2402 1493 2436 valeur
1516 2406 1578 2436 est
1600 2401 1750 2438 d'avoir
1773 2405 1838 2437 ete
1866 2413 1926 2438 ac-

283 2455 446 2507 ceptees
465 2471 516 2495 un
527 2460 630 2507 Jour,
649 2471 698 2494 on
716 2471 766 2495 ne
785 2458 860 2494 sait
877 2464 1088 2504 comment,
1108 2464 1147 2493 et
1165 2458 1214 2494 de
1233 2459 1353 2494 s'etre
1372 2463 1587 2506 propagees
1605 2460 1818 2496 desormais
1835 2472 1926 2497 sans

284 2519 394 2555 subir
411 2519 459 2555 de
477 2519 786 2555 controlesSans
805 2518 938 2562 doute,
958 2518 983 2553 il
1003 2529 1045 2553 se
1063 2523 1157 2564 peut
1174 2530 1250 2565 que
1269 2520 1304 2553 la
1324 2518 1563 2565 publication
1579 2519 1650 2555 des
1668 2531 1827 2556 sources
1851 2519 1927 2556 ori-

282 2580 435 2625 ginales
465 2579 513 2614 de
545 2584 655 2614 notre
683 2578 846 2618 histoire
872 2577 978 2613 force
1005 2577 1147 2624 parfois
1170 2578 1191 2612 a
1218 2579 1397 2623 releguer
1425 2578 1522 2614 dans
1548 2580 1583 2614 le
1609 2579 1790 2615 domaine
1814 2579 1864 2615 de
1889 2581 1926 2621 la

285 2638 452 2689 legende
465 2638 634 2674 certains
648 2638 760 2673 traits
774 2637 977 2684 poetiques
991 2643 1031 2671 et
1046 2637 1249 2672 touchants
1263 2638 1452 2684 auxquels
1466 2648 1516 2673 on
1530 2637 1634 2674 avait
1647 2638 1727 2684 pris
1737 2639 1926 2686 jusqu'ici

281 2698 413 2744 plaisir
428 2698 449 2733 a
468 2697 654 2735 s'edifier.
676 2697 772 2732 Mais
791 2697 827 2732 la
845 2695 952 2731 vraie
970 2695 1193 2731 edification
1212 2701 1272 2731 est
1290 2696 1461 2743 ailleurs3
1482 2697 1557 2732 elle
1575 2702 1635 2732 est
1652 2697 1749 2733 dans
1767 2699 1804 2733 13
1827 2710 1924 2745 pure
1940 2713 1943 2716 ·

282 2751 323 2792 et
339 2757 479 2803 simple
501 2756 637 2792 verite.
657 2755 769 2791 C’est
790 2755 824 2791 la
850 2754 1102 2791 visiblement
1126 2754 1292 2790 l'intime
1318 2755 1541 2795 conviction
1565 2755 1636 2791 des
1659 2762 1820 2792 savants
1843 2757 1925 2793 edi-

281 2823 388 2852 tem-s
412 2816 482 2859 des
507 2816 785 2858 alfonumentcu
807 2815 908 2850 c'est
932 2814 967 2849 la
991 2814 1113 2859 aussi,
1130 2824 1227 2849 nous
1246 2815 1281 2849 le
1300 2825 1454 2857 savons‚
1475 2816 1511 2850 la
1530 2815 1753 2852 conviction
1770 2816 1841 2852 des
1858 2828 1924 2853 su—

280 2875 455 2922 perieurs
475 2874 643 2921 majeurs
661 2873 710 2908 de
728 2872 898 2919 l'Ordre,
918 2872 985 2920 qui
1009 2878 1275 2918 encouragent
1300 2872 1349 2908 de
1375 2878 1483 2908 toute
1515 2873 1626 2920 facon
1652 2875 1687 2910 la
1711 2875 1860 2921 grande
1884 2882 1924 2912 et

277 2945 519 2980 courageuse
550 2933 767 2980 entreprise
793 2931 842 2967 de
867 2943 937 2968 nos
964 2931 1163 2967 confreres
1186 2931 1235 2966 de
1265 2931 1426 2980 Madrid3
1452 2931 1545 2968 bien
1569 2934 1782 2979 persuades
1805 2929 1923 2981 qu'i'ls

276 2993 511 3029 defendront
528 2992 642 3036 ainsi,
670 2991 800 3027 mieux
827 3003 903 3039 que
928 2992 985 3027 les
1010 2992 1096 3038 plus
1121 2990 1278 3026 ardents
1303 2991 1555 3038 apologistes,
1583 2993 1789 3029 l'honneur
1813 2993 1863 3029 de
1886 2994 1924 3029 la

278 3052 519 3099 Compagnie
534 3051 582 3087 de
601 3052 759 3098 jesus.»
778 3051 973 3086 Analecta
992 3050 1285 3092 Bollandiana,
1305 3051 1413 3096 XIX,
1432 3050 1602 3096 467-468.
