2098 3470
284 242 354 280 542
756 235 910 274 Plu-ms
938 237 1182 274 Hmnoxvin
1209 236 1359 274 NAnAL

237 336 636 393 dispensationem,
662 336 706 379 in
731 337 926 381 manuali
950 345 1137 382 annotet
1159 352 1257 390 suo3
1283 337 1416 381 simul
1438 338 1666 396 dies-ipse,
1699 340 1868 384 mensis

237 421 283 458 et
306 428 452 457 annus
474 413 780 468 annotabitur3
815 414 979 459 deinde
1007 414 1279 458 inscribatur
1306 416 1390 459 477
1427 430 1607 472 quoque
1630 425 1768 472 quoto
1795 417 1868 461 die

242 491 410 534 mensis
432 504 484 533 ac
506 490 614 534 anni
635 498 906 547 consumpta
928 498 1065 546 atque
1087 491 1346 547 dispensata
1364 492 1532 537 fuerint
1549 508 1603 537 ea
1620 493 1731 550 ipsa,
1754 508 1871 550 quae

242 566 514 624 consignata
532 567 655 623 prius
673 576 926 625 acceperat.

903 694 964 724 DE
1001 693 1222 723 EMPTORE

331 798 478 841 Etiam
500 798 538 841 si
560 799 700 842 soleat
722 799 845 842 solus
867 800 1004 842 domu
1032 799 1188 855 egredi
1218 807 1393 855 emptor
1421 802 1582 856 (neque
1610 800 1729 844 enim
1752 802 1872 845 vllus

240 875 356 919 solet
377 889 477 919 esse
499 882 689 932 emptor,
717 875 801 919 nisi
823 876 900 932 qui
923 876 1041 918 idem
1065 875 1121 919 sit
1148 876 1492 932 probatissimus
1521 878 1690 934 frater),
1722 886 1872 922 tamen

243 960 383 995 noctu
406 967 496 995 non
520 954 655 996 debet
676 953 799 997 exire
821 955 992 1008 absque
1015 953 1155 997 socio.

916 1084 978 1114 DE
1001 1083 1206 1114 IEIUNIIS

332 1184 436 1227 Non
474 1184 564 1226 sint
599 1183 754 1227 faciles
793 1182 1048 1238 superiores
1076 1183 1122 1226 in
1159 1183 1498 1239 dispensatione
1530 1184 1800 1228 ieiuniorum
1830 1191 1876 1230 et

244 1261 425 1305 delectu
447 1260 668 1314 ciborum,
693 1274 777 1303 nec
800 1259 1027 1316 patiantur
1049 1267 1098 1302 vt
1120 1260 1282 1303 medici
1312 1261 1358 1303 in
1386 1275 1440 1304 ea
1462 1267 1510 1306 re
1531 1261 1642 1305 fiant
1663 1261 1873 1306 laxiores.

333 1336 624 1381 Abstinentia
660 1336 749 1381 diei
786 1337 964 1380 veneris
1000 1338 1057 1380 ab
1096 1337 1307 1380 omnibus
1350 1339 1642 1390 obseruetur,
1683 1338 1874 1382 infirmis

246 1413 463 1470 exceptis.

334 1490 573 1548 Fatigatis,
598 1490 905 1534 ieiunantibus
930 1499 1099 1543 tamen,
1132 1505 1373 1536 commune
1402 1492 1649 1536 remedium
1677 1499 1747 1536 est
1767 1494 1875 1537 dare

247 1568 481 1611 scutellam
505 1567 633 1624 panis
656 1567 936 1621 comminuti,
962 1568 1035 1611 vel
1056 1582 1168 1610 vuas
1190 1583 1345 1624 passas
1374 1569 1431 1611 ad
1462 1569 1763 1621 collationem,
1796 1570 1875 1612 'sed

245 1643 309 1687 ita
332 1652 481 1688 tamen
503 1648 590 1691 478
618 1642 700 1703 [ut]
730 1644 890 1687 modus
927 1644 1178 1687 collationis
1216 1660 1305 1687 non
1334 1646 1594 1698 excedatur,
1620 1645 1796 1689 etiamsi
1823 1661 1877 1690 ea

245 1721 448 1765 exactior
470 1736 560 1765 non
583 1721 655 1765 sit.
1602 1765 1605 1769 ,
1874 1775 1887 1789 ·

337 1798 431 1854 Qui
453 1799 679 1842 excedunt
709 1799 809 1842 18.m
826 1813 1012 1850 annum,
1032 1797 1207 1841 etiamsi
1230 1798 1395 1854 alioqui
1417 1799 1622 1843 excusari
1644 1807 1830 1856 possent
1853 1815 1877 1842 a

248 1875 433 1928 ieiunio,
465 1876 586 1930 quod
613 1874 786 1918 scilicet
816 1883 922 1917 21.Πι
959 1889 1051 1917 non
1088 1874 1388 1930 impleuerint,
1429 1877 1598 1918 bonum
1637 1883 1788 1919 tamen
1811 1883 1879 1921 est

247 1960 297 1995 vt
318 1952 522 1997 ieiunent
548 1951 716 1997 ieiunia
737 1951 886 1994 omnia
917 1951 1238 2005 ecclesiastica3
1264 1952 1460 1997 minores
1482 1960 1632 1996 autem
1669 1954 1719 1996 18
1748 1953 1879 1996 annis

248 2030 293 2073 in
316 2043 344 2084 4
367 2029 649 2086 temporibus
671 2029 887 2084 hybernis
916 2036 961 2073 et
983 2028 1102 2072 veris
1130 2028 1330 2073 ieiunare
1357 2037 1548 2086 possunt
1578 2029 1720 2085 primo
1742 2037 1788 2075 et
1808 2031 1880 2073 vl-

250 2106 360 2149 timo
382 2106 471 2159 die,
497 2106 595 2149 aliis
620 2120 728 2150 uero
749 2105 906 2148 vltimo
927 2105 1015 2149 die:
1041 2105 1086 2148 in
1111 2106 1456 2162 quadragesima
1484 2106 1667 2151 alternis
1695 2107 1874 2152 diebus.
1921 2124 1926 2130 ⁸

249 2183 657 2227 Animaduertatur
680 2189 831 2226 tamen
853 2190 902 2224 vt
925 2181 1099 2225 facilior
1115 2183 1193 2225 fiat
1215 2182 1490 2239 dispensatio
1513 2183 1557 2225 in
1581 2183 1650 2235 iis,
1672 2183 1749 2239 qui
1778 2185 1880 2227 18.¹¹¹

250 2275 342 2304 non
364 2260 631 2316 attigerunt,
656 2274 804 2314 neque
827 2260 1018 2302 multum
1042 2259 1219 2302 dificilis
1242 2259 1286 2301 in
1309 2259 1379 2312 iis,
1401 2260 1477 2315 qui
1499 2276 1525 2304 a
1548 2261 1597 2303 18
1615 2261 1672 2303 ad
1690 2273 1741 2304 21
1763 2275 1879 2304 non-

249 2338 358 2380 dum
387 2342 711 2392 peruenerunt.
739 2336 1040 2388 Professores,
1067 2335 1230 2390 quibus
1257 2336 1418 2380 diebus
1438 2337 1615 2393 legunt,
1645 2337 1882 2393 supposito

251 2414 373 2469 quod
401 2413 645 2456 ieiunando
681 2413 833 2468 legere
869 2427 961 2455 non
988 2419 1195 2468 possunt,
1227 2426 1318 2455 non
1345 2419 1452 2455 sunt
1479 2412 1667 2470 obligati
1694 2413 1877 2458 ieiunio.

252 2490 327 2534 Isti
351 2498 504 2534 tamen
526 2489 726 2533 ieiunare
754 2488 995 2544 aliquando
1023 2489 1205 2541 debent,
1239 2497 1288 2531 vt
1315 2503 1405 2532 vno
1433 2489 1506 2533 die
1528 2489 1575 2532 in
1597 2490 1882 2534 hebdomada

251 2567 298 2610 in
321 2565 682 2622 quadragesima,
707 2572 752 2608 et
778 2565 897 2608 intra
918 2579 1087 2608 annum
1125 2565 1260 2609 etiam
1298 2565 1555 2622 aliquando.
1588 2567 1725 2622 Quod
1752 2566 1790 2610 si
1811 2566 1879 2609 vi-

252 2643 374 2697 derit,
389 2643 595 2699 superior
616 2642 727 2685 istos
757 2642 999 2686 deuotione
1035 2642 1140 2684 duci
1163 2643 1219 2685 ad
1257 2642 1538 2698 frequentius
1565 2642 1877 2695 ieiunandum,

251 2734 356 2764 cum
380 2727 531 2764 tamen
554 2734 648 2762 non
674 2718 866 2775 possint,
898 2734 988 2761 non
1016 2718 1246 2775 permittet
1274 2733 1351 2762 eos
1379 2718 1594 2763 ieiunare.
1629 2719 1705 2764 Sic
1726 2719 1878 2772 etiam,

251 2802 337 2843 479
365 2796 505 2852 siquis
529 2803 709 2852 propter
745 2794 1130 2851 imperfectionem
1167 2794 1367 2839 ieiunare
1397 2796 1551 2848 nollet,
1576 2811 1678 2839 eum
1708 2795 1882 2840 iubebit

252 2873 470 2918 ieiunare.

309 2953 318 2966 ⁹
343 2951 480 3006 Quod
502 2950 664 2992 attinet
685 2950 742 2992 ad
763 2948 1143 3005 dispensationem
1173 2948 1441 2992 ieiuniorum
1471 2957 1517 2993 et
1545 2964 1650 2993 esus
1677 2948 1881 2992 carnium

253 3027 533 3082 aliarumque
555 3040 707 3071 rerum
745 3024 1076 3082 prohibitarum
1114 3040 1266 3079 Vsum,
1305 3026 1571 3069 consulatur
1594 3025 1811 3079 medicus,
1838 3032 1884 3070 et
