2098 3470
299 319 369 356 138
771 321 925 358 PArms
951 322 1194 358 HmRoNYm
1220 321 1371 358 NADAL

251 424 306 466 P.
332 422 541 480 ignatius
563 437 667 466 cum
690 430 885 480 quatuor
906 423 1105 479 reliquis,
1131 423 1179 466 hi
1201 432 1220 450 ⁸
1241 431 1436 481 quatuor
1463 425 1558 469 suis
1586 426 1814 483 suffragiis
1842 435 1887 473 et

252 495 673 556 subscriptionibus
706 491 956 558 probarunt
997 501 1368 554 constitutiones,
1414 510 1509 545 tum
1552 503 1746 556 aeditas,
1779 511 1885 548 tum

252 578 479 622 aedendas
507 593 533 621 a
562 579 616 622 P.
647 577 849 634 Ignati03
881 580 994 622 haec
1022 592 1136 621 uero
1163 586 1260 622 erat
1287 594 1392 635 pars
1413 579 1554 623 maior
1582 581 1885 636 professorum

251 654 494 699 Societatis
516 669 570 699 eo
598 663 820 711 tempore,
858 655 935 710 qui
968 655 1210 698 conuocari
1242 663 1427 712 possent
1460 657 1712 710 commode;
1749 672 1887 713 quare

252 740 330 774 tua
366 732 503 774 etiam
541 732 827 776 confessione
859 739 984 776 ratae
1021 739 1156 775 erunt
1192 732 1560 778 constitutiones,
1598 733 1731 778 Adde
1767 735 1887 788 quod

251 823 372 852 anno
406 819 464 864 50
495 809 595 852 illas
627 811 878 865 probarunt
907 809 997 862 alii,
1023 809 1100 864 qui
1132 817 1425 853 accesserunt
1457 811 1644 853 Romam
1677 810 1884 867 professi,

254 888 307 929 P.
333 885 606 929 Franciscus
627 887 685 929 de
708 886 877 942 Boi-gia
899 893 944 930 et
975 888 1026 929 P.
1061 886 1301 939 Araozius,
1332 893 1567 943 praeterea
1599 889 1692 931 ΡΡ.
1724 887 1886 931 Polan—

251 977 350 1017 cus,
370 962 559 1015 ‹Miona‚
595 963 791 1017 Obiedo,
826 962 1055 1016 Frussius,
1082 964 1246 1008 Strada
1277 962 1312 1016 ¹³,
1344 963 1420 1019 qui
1443 978 1547 1007 cum
1578 963 1887 1020 superioribus

250 1054 344 1083 non
368 1040 515 1083 solum
537 1047 665 1084 erant
689 1040 829 1083 maior
851 1055 956 1096 pars
979 1041 1305 1096 professorum,
1331 1042 1412 1084 sed
1433 1042 1528 1084 fere
1557 1055 1729 1085 omnes.
1755 1040 1887 1084 Adde

252 1117 374 1172 quod
396 1131 518 1160 anno
542 1127 596 1172 52
620 1117 718 1160 illas
740 1117 888 1160 edicto
913 1117 1061 1160 Patris
1084 1117 1247 1174 Ignatii
1270 1117 1522 1174 publicauit
1555 1119 1609 1163 P.
1639 1117 1812 1162 Natalis
1840 1118 1886 1160 in

250 1193 486 1250 prouincia
517 1194 719 1247 Siciliae,
751 1201 846 1237 tum
880 1194 924 1237 in
959 1201 1154 1250 quatuor
1185 1194 1430 1251 prouinciis
1462 1195 1809 1251 Hispaniarum,
1838 1194 1885 1237 in

247 1270 486 1327 prouincia
509 1271 800 1324 Germaniae,
825 1271 871 1315 in
894 1271 1047 1315 Italiae
1069 1271 1307 1327 prouincia
1329 1271 1448 1316 idem
1472 1272 1582 1315 fecit
1604 1273 1657 1315 P.
1693 1271 1883 1324 Natalis,

250 1348 408 1392 eadem
436 1347 728 1401 authoritate,
761 1363 881 1391 anno
904 1359 976 1403 53,
1011 1359 1067 1403 54
1094 1355 1140 1392 et
1173 1359 1242 1403 55.
1268 1351 1509 1393 Praeterea
1531 1356 1639 1392 sunt
1661 1349 1885 1393 constitu—

252 1425 398 1470 tiones
427 1426 740 1481 promulgatae
768 1425 814 1467 in
843 1425 1077 1481 prouincia
1105 1425 1322 1469 Brasiliae
1359 1432 1405 1470 et
1443 1426 1610 1478 Indiae,
1651 1433 1697 1470 et
1734 1426 1780 1468 in
1813 1426 1886 1469 his

250 1502 432 1558 quidem
467 1502 678 1545 omnibus
710 1501 955 1558 prouinciis
983 1509 1195 1563 receptae
1223 1510 1330 1545 sunt
1352 1517 1404 1546 ac
1426 1504 1641 1559 probatae
1659 1502 1881 1564 primum,

250 1579 541 1635 postmodum
563 1579 893 1635 promulgatae3
919 1580 1014 1622 sola
1036 1587 1105 1623 est
1126 1579 1244 1623 inter
1266 1594 1423 1623 omnes
1446 1579 1703 1636 prouincias
1726 1578 1884 1624 Socie-

251 1656 356 1699 tatis
377 1655 542 1708 Gallia,
567 1655 614 1698 in
637 1670 728 1711 qua
750 1671 842 1699 non
864 1663 971 1699 sunt
994 1658 1322 1712 promulgatae;
1348 1658 1429 1701 sed
1451 1656 1618 1709 tamen,
1639 1656 1716 1712 qui
1732 1671 1788 1700 ex
1809 1656 1884 1699 illa

251 1732 486 1789 prouincia
519 1734 641 1776 solus
672 1734 869 1777 habebat
902 1735 975 1776 ius
1007 1733 1229 1790 suffragii,
1262 1736 1315 1777 P.
1350 1733 1641 1787 Paschasius,
1673 1734 1771 1777 illas
1799 1748 1883 1777 suo

251 1811 418 1853 calculo
439 1817 576 1866 atque
599 1810 932 1866 subscriptione
953 1810 1041 1853 iam
1065 1812 1352 1867 probauerat.
1379 1812 1496 1854 Tota
1517 1810 1658 1867 igitur
1680 1810 1884 1855 Societas

250 1887 461 1943 probauit
482 1901 535 1931 ac
558 1887 728 1943 recepit
750 1887 1100 1931 constitutiones
1123 1895 1260 1943 atque
1282 1903 1363 1944 pro
1385 1887 1627 1932 autenticis
1649 1888 1804 1931 habet.

339 1965 412 2007 Ad
435 1966 565 2017 haee,
590 1965 647 2009 de
668 1965 739 2008 his
759 1964 1163 2008 constitutionibus
1184 1966 1234 2008 fit
1256 1965 1424 2009 mentio
1446 1965 1492 2008 in
1515 1966 1637 2008 bulla
1655 1964 1786 2007 Pauli
1802 1963 1879 2017 III,

242 2043 352 2100 Julii
376 2044 449 2095 ΙΙΙ,
475 2051 520 2086 et
543 2041 642 2085 aliis
663 2041 824 2086 litteris
847 2042 1124 2098 apostolicis,
1158 2042 1251 2094 vbi,
1285 2042 1512 2094 videlicet,
1546 2042 1689 2084 multa
1715 2055 1883 2085 conce-

247 2121 434 2172 duntur,
460 2119 586 2162 iuxta
608 2120 692 2162 has
715 2119 1079 2171 constitutiones,
1100 2120 1279 2175 agenda
1300 2126 1346 2163 et
1367 2119 1664 2175 disponenda.
1691 2119 1882 2162 Constat

248 2196 389 2251 igitur
419 2212 474 2240 ex
504 2195 814 2252 superioribus
842 2195 1091 2252 legitimam
1119 2197 1287 2238 habere
1309 2195 1628 2240 authoritatem
1659 2195 1884 2238 constitu-

249 2273 419 2326 tiones}
437 2288 578 2328 quare
610 2271 840 2328 legitimus
872 2273 957 2315 erit
989 2281 1142 2316 noster
1174 2272 1385 2324 vicarius;
1422 2287 1525 2316 nam
1558 2271 1669 2315 nihil
1696 2271 1883 2328 impedit

250 2350 359 2406 quin
381 2349 579 2393 vicarius
601 2349 674 2402 sit,
700 2363 779 2406 per
803 2349 953 2392 Patris
976 2351 1111 2393 etiam
1146 2352 1227 2393 Bo.
1264 2349 1612 2403 contessionem,
1643 2348 1730 2392 nisi
1760 2349 1881 2405 quod

249 2426 599 2470 constitutiones
621 2426 852 2482 legitimae
874 2425 959 2468 sibi
982 2441 1075 2468 non
1098 2426 1355 2469 uideantur.
1704 2485 1708 2490 ἱ

337 2504 476 2559 Quod
498 2503 536 2546 si
557 2505 670 2546 haec
694 2518 801 2547 uera
818 2518 909 2545 non
931 2510 1098 2555 essent,
1125 2517 1241 2558 quae
1264 2510 1415 2547 tamen
1438 2510 1544 2546 sunt
1565 2502 1816 2555 uerissima,
1836 2509 1882 2546 et

248 2581 432 2636 plenum
461 2595 553 2623 non
586 2581 807 2624 haberent
839 2579 909 2622 ius
945 2579 1311 2633 constitutiones,
1348 2587 1499 2623 tamen
1538 2579 1628 2623 uim
1665 2578 1823 2622 statuti
1855 2594 1882 2622 a

248 2657 503 2713 praeposito
524 2656 727 2713 generali
749 2672 839 2700 non
862 2657 1136 2711 amitterent;
1168 2664 1386 2700 statutum
1419 2671 1527 2700 uero
1555 2656 1741 2713 praelati
1768 2656 1881 2712 ligat

247 2741 349 2790 post
370 2741 567 2777 mortem
597 2734 732 2778 etiam
758 2733 901 2790 ipsius
929 2749 1020 2776 non
1048 2748 1103 2776 ex
1131 2735 1234 2776 iure
1264 2735 1496 2777 communi
1523 2734 1694 2786 solum,·
1715 2733 1792 2776 sed
1825 2747 1881 2776 ex

247 2817 506 2854 nostrorum
523 2812 660 2854 etiam
682 2811 977 2867 diplomatum
994 2812 1260 2868 priuilegio,
1283 2811 1330 2853 in
1348 2811 1512 2866 quibus
1529 2811 1620 2853 duo
1637 2812 1748 2854 haec
1765 2810 1878 2866 legi-

248 2901 364 2930 mus:
390 2887 600 2943 ptimum,
627 2888 748 2943 quod
765 2887 823 2930 sit
838 2887 1152 2942 cuiuscunque
1169 2888 1338 2944 gradus
1355 2887 1402 2930 in
1420 2886 1648 2931 Societate
1663 2885 1879 2929 iudicium

318 3022 336 3039 a
384 3012 447 3047 hic
465 3023 598 3058 apogr.
620 3012 732 3047 Prius
749 3011 924 3047 deletum
942 3011 1070 3047 fuerat
1086 3011 1130 3047 hi
1147 3015 1337 3058 quatuor:
1356 3011 1447 3047 dein
1465 3011 1624 3047 Polanci
1638 3014 1754 3046 manu
1771 3010 1881 3046 resti·

248 3076 389 3107 tutum.
442 3073 509 3099 -b
535 3072 645 3108 Haec
661 3071 835 3119 quinque
853 3071 990 3107 ultima
1015 3072 1173 3107 Patrurn
1197 3071 1355 3107 nomina
1372 3071 1532 3107 Polanci
1550 3082 1667 3106 manu
1683 3069 1820 3106 addita
1840 3070 1883 3106 in

250 3140 443 3175 margme.
