2098 3470
306 269 375 308 322
779 272 934 309 PA'rms
961 274 1202 311 HmRoNYm
1229 274 1379 310 NADAL

347 374 397 415 In
415 373 551 415 domo
573 380 831 429 augustana
858 373 1121 418 instituatur
1150 375 1265 418 ratio
1297 374 1444 419 victus
1470 376 1749 432 quotidiana,
1775 391 1891 433 quae

259 449 305 491 in
335 449 541 505 collegiis
570 450 855 504 obseruatur,
891 465 974 496 nec
1003 451 1194 495 maiores
1225 452 1456 508 portiones
1484 453 1688 496 carnium
1720 454 1793 497 uel
1824 453 1891 510 pi-

259 525 405 569 scium
426 526 554 579 fiant,
580 541 716 581 quam
738 527 784 570 in
813 528 1032 585 collegiis3
1059 528 1142 572 erit
1165 535 1317 572 autem
1346 529 1391 572 in
1421 529 1605 573 arbitrio
1634 530 1892 586 prouincia-

259 603 313 646 lis
336 603 534 659 positum
560 611 609 647 ut
631 603 825 657 singulis
846 613 1097 662 apponatur
1126 620 1210 648 sua
1237 605 1402 662 portio,
1426 613 1668 662 antequam
1706 607 1891 651 veniant

261 681 317 723 ad
340 680 542 734 domum,
563 695 696 735 quam
721 681 948 737 pollicitus
969 690 1038 725 est
1061 682 1300 725 cardinalis
1326 684 1355 735 ¹,
1378 683 1451 727 uel
1475 690 1523 725 ut
1546 697 1635 726 non
1659 698 1891 740 apponan—

262 764 351 811 tur,
379 758 460 802 sed
483 757 618 800 simul
641 773 798 802 omnes
822 774 875 802 ex
898 761 1060 804 eodem
1078 759 1204 802 disco
1220 761 1475 803 comedant.

348 834 485 877 Nullo
507 841 640 890 pacto
662 836 738 878 det
767 835 1057 891 prouincialis
1085 835 1280 891 aliquem
1310 852 1335 880 e
1372 837 1553 890 nostris,
1579 851 1663 881 nec
1695 845 1769 881 eat
1797 837 1894 894 ipse

258 911 315 954 ad
344 909 648 955 visitationem
678 911 874 967 aliquam
904 912 1295 966 monasteriorum,
1327 913 1642 966 ecclesiarum,
1676 914 1750 959 uel
1778 929 1892 970 qua-

257 1002 557 1043 rumcumque
587 1003 896 1044 personarum,
929 989 973 1032 in
1010 1004 1100 1045 qua
1132 989 1388 1034 visitatione
1420 989 1542 1033 aliud
1581 990 1732 1044 faciat,
1758 1005 1892 1047 quam

259 1078 377 1119 quae
399 1073 507 1108 sunt
535 1081 592 1110 ex
618 1065 846 1119 instituto,
878 1074 929 1109 ut
960 1066 1235 1119 concionari,
1268 1067 1576 1111 confessiones
1603 1067 1776 1122 audire,
1801 1075 1889 1113 etc.

261 1139 470 1197 Reliqua,
497 1156 614 1197 quae
636 1143 694 1186 ad
715 1143 940 1199 propriam
970 1142 1241 1186 visitationis
1264 1143 1484 1188 rationem
1510 1144 1723 1199 attinent,
1747 1145 1894 1189 aliena

263 1226 370 1262 sunt
392 1234 418 1262 a
440 1220 615 1264 ratione
626 1254 629 1257 .
640 1219 851 1263 instituti.

349 1297 404 1341 P.
429 1297 680 1352 Gasparus,
700 1298 864 1353 anglus
882 1298 916 1348 ²,
937 1296 1190 1353 promoueri
1209 1297 1373 1353 poterit
1395 1298 1441 1340 in
1463 1297 1742 1342 licentiatum
1766 1300 1892 1342 theo-

258 1373 423 1429 logiae:
451 1388 540 1428 qua
562 1373 606 1416 in
632 1388 680 1417 re
704 1376 756 1417 P.
783 1373 957 1418 Natalis
980 1388 1029 1417 se
1052 1373 1238 1416 remittit
1261 1375 1318 1417 ad
1340 1374 1640 1419 conscientias
1661 1375 1894 1419 examina-

262 1457 409 1493 torum
434 1458 479 1494 et
496 1451 684 1495 rectoris
702 1451 936 1508 dilingani.

345 1528 394 1572 Si
417 1529 475 1571 N.
504 1527 759 1584 (Martinus)
789 1536 806 1553 ³
834 1528 881 1570 in
903 1543 1003 1572 eam
1031 1528 1183 1572 veniat
1220 1527 1549 1581 difficultatem,
1574 1528 1621 1571 in
1658 1510 1896 1586 qua'prius

253 1611 367 1657 erat,
394 1611 614 1648 euocetur
637 1604 932 1661 prouincialis
954 1621 980 1649 a
1003 1612 1178 1649 rectore
1202 1605 1510 1658 Monachium,
1536 1612 1581 1649 et
1610 1605 1647 1648 is
1672 1614 1780 1662 agat
1803 1607 1893 1662 pri,—

255 1695 380 1724 mum
399 1696 503 1724 cum
524 1683 602 1734 N.‚
622 1681 786 1726 deinde
803 1695 906 1725 cum
925 1682 1212 1735 cancellario,
1233 1689 1278 1726 et
1295 1682 1459 1727 efficiat
1478 1683 1604 1735 illud,
1625 1684 1745 1738 quod
1764 1683 1895 1726 insti-

259 1764 492 1802 tueramus
522 1760 687 1812 facere,
713 1765 764 1801 ut
786 1759 980 1802 donetur
1004 1761 1055 1802 Ρ.
1082 1759 1189 1802 duci
1211 1758 1229 1784 ¹³
1253 1761 1286 1804 ³.

345 1837 586 1891 Quantum
610 1835 669 1879 sit
686 1850 768 1892 pro
793 1835 988 1892 singulis
1007 1836 1195 1879 nouitiis
1211 1837 1554 1893 supputandum
1573 1836 1617 1878 in
1636 1838 1772 1880 domo
1788 1851 1895 1892 pro-

254 1912 467 1965 bationis,
493 1912 676 1956 difficile
691 1913 818 1956 dictu
841 1921 926 1965 est,
953 1913 1038 1956 nisi
1061 1929 1110 1957 re
1127 1913 1251 1969 prius
1269 1920 1462 1956 tractata
1479 1928 1583 1956 cum
1602 1920 1778 1958 rectore
1796 1929 1891 1957 mo-

253 1989 491 2034 nachiensi
518 1991 533 2011 ⁴
566 1997 612 2035 et
641 1990 740 2033 aliis
772 1990 1041 2035 rectoribus:
1071 1990 1253 2035 videtur
1285 1990 1631 2044 inconueniens,
1657 1998 1709 2034 ut
1741 1991 1891 2034 minus

254 2081 335 2123 pro
356 2066 537 2110 illorum
557 2082 664 2120 vno,
690 2081 826 2123 quam
850 2082 930 2123 pro
954 2068 1196 2111 scolastico
1213 2067 1377 2111 alendo
1394 2075 1676 2112 numeretur.

342 2145 481 2199 Quod
504 2144 561 2187 ad
591 2151 745 2188 uestes
775 2159 936 2196 nouas,
977 2144 1065 2187 illis
1103 2144 1322 2188 fratribus
1352 2159 1512 2189 reeens
1541 2145 1701 2197 factas,
1727 2144 1805 2200 qui
1837 2159 1892 2189 ex

252 2220 378 2264 Vrbe
401 2215 629 2265 ue'nerunt
651 2227 696 2264 et
719 2220 1004 2276 Herbipolim
1027 2228 1186 2277 postea
1208 2221 1461 2273 mittentur,
1495 2220 1675 2274 attinet,
1701 2235 1792 2264 non
1823 2228 1892 2265 est

251 2311 335 2340 cur
363 2298 630 2351 rectoribus,
657 2298 734 2353 qui
763 2306 914 2342 vestes
943 2299 1186 2352 dederunt,
1222 2305 1432 2355 sumptus
1463 2298 1639 2341 illarum
1674 2298 1892 2343 refunda-

326 2438 344 2455 a
394 2427 509 2463 Prius
533 2432 684 2463 tantum
709 2427 744 2462 N
764 2427 891 2463 fuerat
915 2427 1118 2474 scriptum.
1139 2427 1242 2463 Dein
1266 2427 1417 2463 Natalis
1441 2427 1590 2463 addidit
1614 2439 1730 2475 supra
1749 2426 1892 2463 Marti-

252 2498 340 2523 nus.
394 2488 459 2514 —b
487 2488 533 2522 In
553 2487 728 2534 margine
746 2487 843 2522 haec
863 2486 1019 2534 scripsit
1042 2487 1249 2523 Polancus:
1273 2486 1521 2523 Consulatur
1544 2488 1589 2522 in
1620 2487 1697 2522 tali
1712 2499 1806 2522 casu
1825 2498 1894 2534 ge·

251 2546 405 2582 nea-alis
423 2549 517 2582 ante
541 2547 831 2584 dimissionem.

326 2668 337 2688 ¹
388 2666 609 2702 Cardinalis
633 2671 876 2713 augustan-us
893 2666 989 2704 Otto
1003 2666 1296 2705 Truchsessius.

324 2727 339 2747 ²
388 2725 432 2761 P.
454 2726 605 2773 Gaspar
623 2725 868 2773 Haywodus,
888 2727 1112 2773 theologiae
1130 2726 1267 2762 doctor
1285 2726 1488 2772 Dilingae.
1513 2726 1576 2765 Cf.
1601 2727 1729 2774 Epist.
1748 2728 1798 2765 P.
1814 2727 1895 2762 Na-

251 2785 338 2829 dal,
357 2786 426 2832 III,
445 2794 529 2832 229,
548 2785 616 2821 ubi
634 2785 776 2831 Borgia
790 2786 889 2821 hanc
908 2786 1197 2833 promotionem
1217 2785 1371 2821 Natalis
1394 2790 1435 2821 et
1459 2785 1608 2822 Canisii
1624 2785 1773 2833 judicio
1789 2796 1891 2822 com—

253 2844 388 2881 mittit.

325 2905 339 2925 ³
389 2905 499 2940 Haec
516 2904 566 2940 de
585 2905 627 2942 P.
648 2904 815 2941 Martino
833 2904 1093 2941 Stevordiano
1119 2904 1379 2951 intelligenda
1404 2905 1605 2952 videntur,
1627 2916 1677 2941 ex
1702 2904 1766 2952 iis,
1794 2916 1894 2952 quae

252 2963 407 2999 Natalis
430 2963 598 3010 Borgiae
624 2964 664 2999 in
682 2963 849 3011 epistola
877 2973 920 3009 14
951 2964 1188 3001 Novembris
1217 2965 1307 3010 1566
1328 2964 1418 3001 data
1438 2964 1649 3001 referebat.
1672 2963 1734 3002 Cf.
1762 2964 1889 3011 Epist.

220 3015 224 3018 ’
254 3022 307 3058 Ρ.
327 3022 479 3064 Nadal,
499 3023 572 3070 III,
592 3032 675 3069 292,
695 3022 778 3069 293.

328 3084 341 3103 ⁴
391 3082 436 3118 P.
455 3083 688 3119 Dominicus
707 3082 929 3128 Menginus.
