2098 3470
311 280 377 316 152
781 273 934 310 PATms
960 275 1202 310 Hnmom'ffl
1229 274 1378 310 NADAL

263 371 427 415 deinde
451 387 629 429 semper
650 372 736 416 erit
766 373 897 417 nobis
926 374 1153 430 integrum
1185 389 1266 430 pro
1293 380 1448 417 nostra
1475 373 1750 426 innocentia,
1775 387 1892 429 quae

259 447 536 492 videbuntur
559 449 690 492 nobis
712 458 968 506 opportuna
990 451 1142 493 dicere
1164 465 1216 494 ac
1238 450 1455 506 profiteri.
1483 451 1601 494 Cum
1622 450 1762 507 igitur
1778 452 1891 494 haec

257 524 319 568 ita
337 524 443 577 sint,
465 525 674 570 dubitare
689 541 780 570 non
799 541 1040 583 possumus
1057 527 1184 582 quin,
1205 527 1326 582 quod
1348 533 1439 569 tam
1458 526 1714 571 necessario
1737 534 1781 572 et
1799 534 1891 570 tam

257 603 447 645 honeste
478 601 690 658 petimus,
722 603 863 646 simus
890 603 1198 647 consecuturi.
1235 605 1370 647 Nunc
1398 605 1454 646 ad
1482 603 1712 660 proposita
1741 603 1891 661 capita

258 691 374 732 quae
396 678 598 722 breuiter
620 693 672 723 ac
696 679 959 736 simpliciter
982 680 1316 736 respondimus,
1336 695 1390 724 ea
1413 680 1662 724 humillime
1683 680 1891 724 domina—

258 754 456 798 tionibus
480 755 643 799 vestris
665 756 819 799 Illmis.
841 755 1136 812 proponimus
1158 758 1479 813 cognoscenda
1502 771 1554 800 ac
1570 756 1831 802 iudicanda.

808 889 949 919 CIRCA
971 888 1339 919 CONFESSIONEM

346 976 595 1046 obiectio.
657 989 728 1032 De
750 987 1055 1044 praestatione
1076 987 1332 1040 iuramenti,
1358 1003 1416 1031 ne
1438 987 1562 1040 alibi,
1588 1002 1723 1043 quarn
1747 987 1795 1031 in
1817 1002 1891 1032 ec-

256 1063 392 1106 clesia
414 1071 587 1116 nostra,
614 1065 934 1107 confiteantur.
1720 1064 1727 1070 ’

344 1145 655 1190 Responsio.
718 1143 813 1185 Nos
840 1141 886 1183 id
915 1141 1165 1194 nescimus,
1201 1156 1285 1185 nec
1316 1157 1343 1185 a
1380 1142 1595 1198 quopiam
1633 1149 1890 1186 nostrorum

255 1217 483 1261 credimus
505 1233 604 1262 esse
625 1219 812 1271 factum;
847 1218 1007 1274 regula
1034 1218 1155 1273 enim
1177 1218 1395 1274 peculiari
1416 1219 1704 1263 sacerdotum
1730 1218 1893 1262 statui-

256 1303 329 1337 tur
367 1296 628 1339 facultatem
665 1295 865 1352 benigne
902 1295 988 1340 265
1026 1310 1125 1340 esse
1163 1296 1520 1349 concedendam,
1554 1295 1592 1338 si
1615 1295 1732 1350 quis,
1758 1294 1891 1338 nobis

255 1371 491 1425 consultis,
511 1372 568 1415 ad
586 1371 724 1415 alium
741 1372 1071 1415 confessarium
1090 1372 1214 1415 adire
1230 1373 1440 1425 voluerit;
1460 1387 1582 1426 nam,
1602 1371 1890 1424 inconsultis,

256 1448 357 1504 quis
386 1463 478 1491 non
505 1450 677 1504 potest?
706 1451 905 1492 Tantum
935 1451 1023 1492 hoc
1053 1450 1349 1493 admonemus
1376 1464 1589 1506 magnam
1610 1449 1659 1492 in
1680 1463 1735 1494 eo
1756 1448 1889 1492 sitam

254 1541 354 1569 esse
392 1525 653 1578 utilitatem,
698 1526 736 1569 si
776 1526 876 1581 quis
915 1526 991 1569 uni
1028 1526 1205 1570 medico
1243 1526 1502 1570 uniuersam
1541 1525 1713 1582 aperiat
1755 1525 1893 1569 animi

256 1602 611 1667 aegritudinem,
634 1617 726 1645 non
749 1618 886 1646 unam
910 1611 1081 1659 partem
1106 1603 1201 1655 uni,
1227 1603 1359 1647 aliam
1383 1603 1473 1646 alii.

345 1684 596 1721 obiectio.
659 1681 800 1735 Quod
822 1680 1142 1724 eleemosinam
1166 1682 1340 1732 demus,
1366 1696 1425 1725 ne
1446 1679 1552 1724 alibi
1575 1694 1712 1735 quam
1741 1679 1786 1722 in
1816 1693 1893 1723 ec-

257 1757 392 1800 clesia
415 1764 570 1799 nostra
593 1757 916 1801 confiteantur.

346 1839 658 1884 Responsio.
720 1834 940 1878 Videmus
961 1849 1112 1878 errore
1134 1834 1305 1878 dictum
1327 1835 1416 1877 hoc
1438 1849 1538 1878 esse
1560 1848 1613 1877 ac
1631 1841 1892 1878 transuerse

258 1911 467 1964 relatum3
493 1911 664 1954 nullam
686 1911 805 1954 enim
829 1926 911 1954 nos
934 1926 988 1956 eo
1010 1911 1192 1954 nomine
1219 1911 1538 1955 eleemosinam
1566 1911 1740 1954 damus.
1773 1909 1895 1955 Fieri

260 1997 410 2032 tamen
434 1987 570 2030 facile
591 1988 754 2044 potuit,
781 1989 858 2043 qui
880 1988 1021 2032 velint
1043 2003 1142 2032 esse
1164 2003 1190 2030 a
1212 1988 1343 2031 nobis
1365 1987 1668 2033 commendati
1689 1987 1892 2032 fidelium

257 2065 429 2120 pietati,
470 2074 517 2107 ut
545 2065 574 2107 ii
604 2056 664 2108 ad
689 2080 772 2108 nos
799 2065 983 2109 veniant
1012 2065 1069 2108 ad
1097 2065 1444 2116 confessionem,
1471 2066 1528 2107 ad
1549 2065 1808 2118 conciones,
1837 2065 1893 2108 ad

256 2141 490 2194 lectiones;
527 2143 690 2184 horum
727 2142 847 2185 enim
887 2141 1062 2185 facilius
1094 2142 1466 2184 commendamus
1503 2141 1718 2198 inopiam,
1759 2155 1894 2198 quam

259 2232 434 2271 eorum,
461 2218 537 2274 qui
561 2226 670 2262 sunt
692 2218 822 2262 nobis
844 2219 1004 2274 ignoti.

347 2300 597 2338 obiectio.
662 2297 733 2340 De
755 2295 1089 2351 pertinentibus
1111 2296 1167 2338 ad
1187 2295 1390 2340 debitum
1414 2294 1670 2351 coniugale.

349 2379 660 2423 Responsio.
723 2374 792 2416 Ne
821 2373 997 2415 curiose
1026 2379 1164 2428 agant
1193 2371 1335 2415 nostri
1363 2372 1408 2414 in
1437 2371 1893 2428 interrogationibus,

258 2466 374 2506 quae
397 2452 454 2494 ad
477 2451 682 2494 debitum
706 2449 945 2505 coniugale
974 2449 1182 2502 attinent,
1214 2449 1259 2491 id
1287 2463 1370 2491 nos
1398 2448 1642 2505 diligenter
1669 2448 1895 2504 praescri·-

256 2529 406 2571 bimus
448 2528 494 2571 in
539 2526 832 2571 familiaribus
874 2526 1255 2569 confessariorum
1297 2524 1687 2578 instructionibus3
1727 2524 1896 2569 diserte

256 2612 489 2661 praeterea
525 2605 572 2647 in
610 2603 781 2660 regulis
818 2610 1023 2655 cauetur,
1065 2609 1114 2646 vt
1151 2602 1198 2644 in
1234 2601 1598 2646 confessionibus
1634 2595 1892 2654 audiendis,

256 2682 496 2726 mulierum
534 2679 816 2737 praesertim,
852 2693 1038 2722 seueros
1069 2678 1219 2735 potius
1252 2693 1388 2734 quam
1416 2677 1548 2721 nimis
1579 2677 1822 2721 familiares
1845 2692 1896 2720 se

256 2759 501 2806 exhibeant
524 2756 806 2808 confessarii,
833 2766 876 2800 et
900 2756 946 2798 in
968 2755 1077 2812 ipsis
1098 2763 1147 2798 vt
1168 2763 1359 2811 paterna
1380 2755 1603 2810 quaedam
1621 2762 1667 2799 et
1683 2753 1894 2811 spiritua-

255 2836 310 2878 lis
333 2835 536 2891 grauitas
557 2835 751 2885 eluceat,
777 2847 860 2877 nec
884 2833 940 2876 de
963 2833 1099 2875 rebus
1121 2831 1166 2874 in
1189 2830 1478 2875 confessione
1495 2831 1755 2886 loquantur,
1777 2843 1895 2886 quae

258 2913 314 2954 ad
336 2911 669 2956 confessionem
692 2924 785 2952 non
807 2909 1034 2965 pertinent
1061 2910 1088 2951 ¹.
1110 2909 1207 2952 Has
1224 2907 1548 2950 instructiones
1563 2914 1608 2950 et
1624 2908 1808 2963 regulas
1826 2915 1896 2951 est

332 3022 339 3040 ¹
393 3017 570 3065 Regulae
597 2997 863 3052 sacerdotum:
899 3014 974 3055 16.,‘¹
1005 3019 1046 3050 et
1079 3015 1154 3059 17.⁸
1185 3014 1246 3050 Cf.
1278 3014 1516 3049 Institutum
1536 3013 1760 3049 Societatis
1779 3013 1897 3060 Jesu,

257 3077 512 3122 (Florentiae,
535 3075 656 3123 1893),
676 3075 746 3121 III,
770 3083 829 3122 14.v
