<?xml version="1.0" encoding="UTF-8"?>
<!DOCTYPE html PUBLIC "-//W3C//DTD XHTML 1.0 Transitional//EN"
    "http://www.w3.org/TR/xhtml1/DTD/xhtml1-transitional.dtd">
<html xmlns="http://www.w3.org/1999/xhtml" xml:lang="en" lang="en">
 <head>
  <title>
</title>
<meta http-equiv="Content-Type" content="text/html;charset=utf-8" />
  <meta name='ocr-system' content='tesseract 3.04.00' />
  <meta name='ocr-capabilities' content='ocr_page ocr_carea ocr_par ocr_line ocrx_word'/>
</head>
<body>
  <div class='ocr_page' id='page_1' title='image "./epistolaephieron04nadauoft_0392.png"; bbox 0 0 2098 3470; ppageno 0'>
   <div class='ocr_carea' id='block_1_1' title="bbox 273 251 1343 292">
    <p class='ocr_par' dir='ltr' id='par_1_1' title="bbox 273 251 1343 292">
     <span class='ocr_line' id='line_1_1' title="bbox 273 251 1343 292; baseline 0.003 -4"><span class='ocrx_word' id='word_1_1' title='bbox 273 251 342 288; x_wconf 88' lang='lat'>366</span> <span class='ocrx_word' id='word_1_2' title='bbox 743 253 897 290; x_wconf 74' lang='lat' dir='ltr'>PATms</span> <span class='ocrx_word' id='word_1_3' title='bbox 923 254 1166 291; x_wconf 67' lang='lat' dir='ltr'>Hmnoxmss</span> <span class='ocrx_word' id='word_1_4' title='bbox 1193 255 1343 292; x_wconf 82' lang='lat' dir='ltr'>NADAL</span> 
     </span>
    </p>
   </div>
   <div class='ocr_carea' id='block_1_2' title="bbox 226 353 1864 3032">
    <p class='ocr_par' dir='ltr' id='par_1_2' title="bbox 226 353 1856 566">
     <span class='ocr_line' id='line_1_2' title="bbox 226 353 1856 415; baseline 0.004 -19"><span class='ocrx_word' id='word_1_5' title='bbox 226 354 547 410; x_wconf 88' lang='lat' dir='ltr'>prouincialem</span> <span class='ocrx_word' id='word_1_6' title='bbox 571 353 668 398; x_wconf 90' lang='lat' dir='ltr'>eius</span> <span class='ocrx_word' id='word_1_7' title='bbox 682 355 967 412; x_wconf 84' lang='lat' dir='ltr'>prouinciae,</span> <span class='ocrx_word' id='word_1_8' title='bbox 992 363 1041 399; x_wconf 90' lang='lat' dir='ltr'>vt</span> <span class='ocrx_word' id='word_1_9' title='bbox 1063 364 1245 413; x_wconf 89' lang='lat' dir='ltr'>praesto</span> <span class='ocrx_word' id='word_1_10' title='bbox 1268 357 1353 400; x_wconf 88' lang='lat' dir='ltr'>sibi</span> <span class='ocrx_word' id='word_1_11' title='bbox 1382 357 1440 400; x_wconf 90' lang='lat' dir='ltr'>sit</span> <span class='ocrx_word' id='word_1_12' title='bbox 1469 358 1515 400; x_wconf 92' lang='lat' dir='ltr'>in</span> <span class='ocrx_word' id='word_1_13' title='bbox 1546 358 1689 415; x_wconf 91' lang='lat' dir='ltr'>primo</span> <span class='ocrx_word' id='word_1_14' title='bbox 1715 359 1856 402; x_wconf 93' lang='lat' dir='ltr'>colle-</span> 
     </span>
     <span class='ocr_line' id='line_1_3' title="bbox 227 430 1855 487; baseline 0.003 -14"><span class='ocrx_word' id='word_1_15' title='bbox 227 430 320 487; x_wconf 89' lang='lat' dir='ltr'>gio,</span> <span class='ocrx_word' id='word_1_16' title='bbox 352 445 443 486; x_wconf 90' lang='lat' dir='ltr'>quo</span> <span class='ocrx_word' id='word_1_17' title='bbox 473 431 568 487; x_wconf 90' lang='lat' dir='ltr'>ipse</span> <span class='ocrx_word' id='word_1_18' title='bbox 596 438 664 475; x_wconf 89' lang='lat' dir='ltr'>est</span> <span class='ocrx_word' id='word_1_19' title='bbox 686 439 925 485; x_wconf 88' lang='lat' dir='ltr'>venturus,</span> <span class='ocrx_word' id='word_1_20' title='bbox 951 441 996 477; x_wconf 92' lang='lat' dir='ltr'>et</span> <span class='ocrx_word' id='word_1_21' title='bbox 1025 433 1150 476; x_wconf 89' lang='lat' dir='ltr'>illum</span> <span class='ocrx_word' id='word_1_22' title='bbox 1179 435 1317 478; x_wconf 92' lang='lat' dir='ltr'>ducet</span> <span class='ocrx_word' id='word_1_23' title='bbox 1345 449 1499 478; x_wconf 89' lang='lat' dir='ltr'>secum</span> <span class='ocrx_word' id='word_1_24' title='bbox 1521 435 1667 480; x_wconf 91' lang='lat' dir='ltr'>donec</span> <span class='ocrx_word' id='word_1_25' title='bbox 1696 435 1781 480; x_wconf 90' lang='lat' dir='ltr'>erit</span> <span class='ocrx_word' id='word_1_26' title='bbox 1808 435 1855 478; x_wconf 89' lang='lat' dir='ltr'>in</span> 
     </span>
     <span class='ocr_line' id='line_1_4' title="bbox 227 508 930 566; baseline 0.007 -16"><span class='ocrx_word' id='word_1_27' title='bbox 227 508 487 552; x_wconf 91' lang='lat' dir='ltr'>visitatione</span> <span class='ocrx_word' id='word_1_28' title='bbox 510 508 629 552; x_wconf 89' lang='lat' dir='ltr'>illius</span> <span class='ocrx_word' id='word_1_29' title='bbox 651 509 930 566; x_wconf 87' lang='lat' dir='ltr'>prouinciae.</span> 
     </span>
    </p>

    <p class='ocr_par' dir='ltr' id='par_1_3' title="bbox 227 585 1856 722">
     <span class='ocr_line' id='line_1_5' title="bbox 316 585 1856 645; baseline 0.001 -16"><span class='ocrx_word' id='word_1_30' title='bbox 316 585 403 629; x_wconf 91' lang='lat' dir='ltr'>Vbi</span> <span class='ocrx_word' id='word_1_31' title='bbox 428 585 622 641; x_wconf 89' lang='lat' dir='ltr'>primum</span> <span class='ocrx_word' id='word_1_32' title='bbox 644 585 807 631; x_wconf 89' lang='lat' dir='ltr'>viderit</span> <span class='ocrx_word' id='word_1_33' title='bbox 828 587 1169 644; x_wconf 89' lang='lat' dir='ltr'>prouincialem,</span> <span class='ocrx_word' id='word_1_34' title='bbox 1194 587 1438 632; x_wconf 86' lang='lat' dir='ltr'>ex4hibitis</span> <span class='ocrx_word' id='word_1_35' title='bbox 1465 588 1529 631; x_wconf 89' lang='lat' dir='ltr'>illi</span> <span class='ocrx_word' id='word_1_36' title='bbox 1551 588 1644 632; x_wconf 89' lang='lat' dir='ltr'>suis</span> <span class='ocrx_word' id='word_1_37' title='bbox 1667 588 1856 645; x_wconf 86' lang='lat' dir='ltr'>patenti-</span> 
     </span>
     <span class='ocr_line' id='line_1_6' title="bbox 227 662 1425 722; baseline 0.005 -18"><span class='ocrx_word' id='word_1_38' title='bbox 227 663 328 714; x_wconf 87' lang='lat' dir='ltr'>bus,</span> <span class='ocrx_word' id='word_1_39' title='bbox 354 662 579 718; x_wconf 79' lang='lat' dir='ltr'><strong>intelliget</strong></span> <span class='ocrx_word' id='word_1_40' title='bbox 600 678 656 707; x_wconf 83' lang='lat' dir='ltr'>ex</span> <span class='ocrx_word' id='word_1_41' title='bbox 676 662 774 720; x_wconf 86' lang='lat' dir='ltr'>ipso</span> <span class='ocrx_word' id='word_1_42' title='bbox 796 672 963 708; x_wconf 90' lang='lat' dir='ltr'>statum</span> <span class='ocrx_word' id='word_1_43' title='bbox 988 664 1126 707; x_wconf 88' lang='lat' dir='ltr'>totius</span> <span class='ocrx_word' id='word_1_44' title='bbox 1148 665 1425 722; x_wconf 86' lang='lat' dir='ltr'>prouinciae.</span> 
     </span>
    </p>

    <p class='ocr_par' dir='ltr' id='par_1_4' title="bbox 226 739 1859 1398">
     <span class='ocr_line' id='line_1_7' title="bbox 315 739 1857 797; baseline 0.003 -16"><span class='ocrx_word' id='word_1_45' title='bbox 315 739 451 792; x_wconf 92' lang='lat' dir='ltr'>Tum,</span> <span class='ocrx_word' id='word_1_46' title='bbox 471 739 548 781; x_wconf 90' lang='lat' dir='ltr'>vbi</span> <span class='ocrx_word' id='word_1_47' title='bbox 571 739 747 783; x_wconf 90' lang='lat' dir='ltr'>venerit</span> <span class='ocrx_word' id='word_1_48' title='bbox 769 741 826 784; x_wconf 91' lang='lat' dir='ltr'>ad</span> <span class='ocrx_word' id='word_1_49' title='bbox 848 741 1090 797; x_wconf 80' lang='lat' dir='ltr'>collegium</span> <span class='ocrx_word' id='word_1_50' title='bbox 1114 741 1312 797; x_wconf 85' lang='lat' dir='ltr'>aliquod,</span> <span class='ocrx_word' id='word_1_51' title='bbox 1338 748 1383 785; x_wconf 93' lang='lat' dir='ltr'>et</span> <span class='ocrx_word' id='word_1_52' title='bbox 1405 742 1671 786; x_wconf 88' lang='lat' dir='ltr'>salutauerit</span> <span class='ocrx_word' id='word_1_53' title='bbox 1695 743 1857 787; x_wconf 87' lang='lat' dir='ltr'>fratres</span> 
     </span>
     <span class='ocr_line' id='line_1_8' title="bbox 227 815 1856 874; baseline 0.001 -14"><span class='ocrx_word' id='word_1_54' title='bbox 227 823 273 860; x_wconf 90' lang='lat' dir='ltr'>et</span> <span class='ocrx_word' id='word_1_55' title='bbox 297 818 472 869; x_wconf 80' lang='lat' dir='ltr'>Patres,</span> <span class='ocrx_word' id='word_1_56' title='bbox 498 815 714 861; x_wconf 84' lang='lat' dir='ltr'>exhibitis</span> <span class='ocrx_word' id='word_1_57' title='bbox 736 817 902 862; x_wconf 87' lang='lat' dir='ltr'>rectori</span> <span class='ocrx_word' id='word_1_58' title='bbox 924 818 1062 861; x_wconf 90' lang='lat' dir='ltr'>etiam</span> <span class='ocrx_word' id='word_1_59' title='bbox 1085 818 1347 874; x_wconf 90' lang='lat' dir='ltr'>patentibus</span> <span class='ocrx_word' id='word_1_60' title='bbox 1369 819 1463 862; x_wconf 91' lang='lat' dir='ltr'>suis</span> <span class='ocrx_word' id='word_1_61' title='bbox 1485 819 1642 872; x_wconf 88' lang='lat' dir='ltr'>literis,</span> <span class='ocrx_word' id='word_1_62' title='bbox 1667 819 1856 863; x_wconf 92' lang='lat' dir='ltr'>interro-</span> 
     </span>
     <span class='ocr_line' id='line_1_9' title="bbox 226 892 1858 952; baseline 0.002 -17"><span class='ocrx_word' id='word_1_63' title='bbox 226 892 355 950; x_wconf 90' lang='lat' dir='ltr'>gabit</span> <span class='ocrx_word' id='word_1_64' title='bbox 377 892 529 936; x_wconf 89' lang='lat' dir='ltr'>statim</span> <span class='ocrx_word' id='word_1_65' title='bbox 547 893 594 936; x_wconf 92' lang='lat' dir='ltr'>in</span> <span class='ocrx_word' id='word_1_66' title='bbox 610 893 890 948; x_wconf 91' lang='lat' dir='ltr'>vniuersum‚</span> <span class='ocrx_word' id='word_1_67' title='bbox 912 896 991 939; x_wconf 92' lang='lat' dir='ltr'>sed</span> <span class='ocrx_word' id='word_1_68' title='bbox 1008 894 1237 951; x_wconf 88' lang='lat' dir='ltr'>priuatim,</span> <span class='ocrx_word' id='word_1_69' title='bbox 1257 903 1516 952; x_wconf 84' lang='lat' dir='ltr'>Vtrumque,</span> <span class='ocrx_word' id='word_1_70' title='bbox 1537 903 1582 940; x_wconf 91' lang='lat' dir='ltr'>et</span> <span class='ocrx_word' id='word_1_71' title='bbox 1600 895 1858 952; x_wconf 49' lang='lat' dir='ltr'>prouincia*</span> 
     </span>
     <span class='ocr_line' id='line_1_10' title="bbox 228 971 1857 1028; baseline 0.002 -16"><span class='ocrx_word' id='word_1_72' title='bbox 228 971 315 1012; x_wconf 91' lang='lat' dir='ltr'>lem</span> <span class='ocrx_word' id='word_1_73' title='bbox 344 978 389 1013; x_wconf 89' lang='lat' dir='ltr'>et</span> <span class='ocrx_word' id='word_1_74' title='bbox 418 977 659 1024; x_wconf 89' lang='lat' dir='ltr'>rectorem,</span> <span class='ocrx_word' id='word_1_75' title='bbox 691 973 748 1014; x_wconf 88' lang='lat' dir='ltr'>de</span> <span class='ocrx_word' id='word_1_76' title='bbox 775 978 898 1014; x_wconf 89' lang='lat' dir='ltr'>statu</span> <span class='ocrx_word' id='word_1_77' title='bbox 927 972 1107 1028; x_wconf 91' lang='lat' dir='ltr'>collegii</span> <span class='ocrx_word' id='word_1_78' title='bbox 1137 972 1272 1016; x_wconf 91' lang='lat' dir='ltr'>illius.</span> <span class='ocrx_word' id='word_1_79' title='bbox 1306 973 1408 1016; x_wconf 94' lang='lat' dir='ltr'>Hoc</span> <span class='ocrx_word' id='word_1_80' title='bbox 1438 987 1548 1016; x_wconf 92' lang='lat' dir='ltr'>vero</span> <span class='ocrx_word' id='word_1_81' title='bbox 1582 973 1735 1028; x_wconf 86' lang='lat' dir='ltr'>faciet,</span> <span class='ocrx_word' id='word_1_82' title='bbox 1766 986 1857 1016; x_wconf 91' lang='lat' dir='ltr'>non</span> 
     </span>
     <span class='ocr_line' id='line_1_11' title="bbox 229 1047 1859 1106; baseline 0.001 -17"><span class='ocrx_word' id='word_1_83' title='bbox 229 1053 405 1089; x_wconf 91' lang='lat' dir='ltr'>tantum</span> <span class='ocrx_word' id='word_1_84' title='bbox 428 1054 476 1089; x_wconf 90' lang='lat' dir='ltr'>vt</span> <span class='ocrx_word' id='word_1_85' title='bbox 499 1047 546 1089; x_wconf 93' lang='lat' dir='ltr'>in</span> <span class='ocrx_word' id='word_1_86' title='bbox 575 1062 746 1104; x_wconf 84' lang='lat' dir='ltr'><strong>genere</strong></span> <span class='ocrx_word' id='word_1_87' title='bbox 773 1048 997 1105; x_wconf 90' lang='lat' dir='ltr'>intelligat</span> <span class='ocrx_word' id='word_1_88' title='bbox 1028 1050 1085 1094; x_wconf 87' lang='lat' dir='ltr'>de</span> <span class='ocrx_word' id='word_1_89' title='bbox 1113 1050 1250 1092; x_wconf 86' lang='lat' dir='ltr'>rebus</span> <span class='ocrx_word' id='word_1_90' title='bbox 1278 1050 1475 1106; x_wconf 90' lang='lat' dir='ltr'>collegii,</span> <span class='ocrx_word' id='word_1_91' title='bbox 1507 1050 1587 1094; x_wconf 91' lang='lat' dir='ltr'>sed</span> <span class='ocrx_word' id='word_1_92' title='bbox 1610 1049 1648 1093; x_wconf 89' lang='lat' dir='ltr'>si</span> <span class='ocrx_word' id='word_1_93' title='bbox 1669 1049 1778 1105; x_wconf 91' lang='lat' dir='ltr'>quid</span> <span class='ocrx_word' id='word_1_94' title='bbox 1800 1048 1859 1092; x_wconf 89' lang='lat' dir='ltr'>sit</span> 
     </span>
     <span class='ocr_line' id='line_1_12' title="bbox 231 1124 1854 1183; baseline 0.001 -17"><span class='ocrx_word' id='word_1_95' title='bbox 231 1124 354 1179; x_wconf 92' lang='lat' dir='ltr'>quod</span> <span class='ocrx_word' id='word_1_96' title='bbox 386 1125 554 1167; x_wconf 92' lang='lat' dir='ltr'>habeat</span> <span class='ocrx_word' id='word_1_97' title='bbox 589 1131 829 1182; x_wconf 89' lang='lat' dir='ltr'>vrgentem</span> <span class='ocrx_word' id='word_1_98' title='bbox 867 1125 1201 1179; x_wconf 89' lang='lat' dir='ltr'>necessitatem,</span> <span class='ocrx_word' id='word_1_99' title='bbox 1241 1133 1289 1169; x_wconf 91' lang='lat' dir='ltr'>vt</span> <span class='ocrx_word' id='word_1_100' title='bbox 1327 1127 1478 1170; x_wconf 89' lang='lat' dir='ltr'>statim</span> <span class='ocrx_word' id='word_1_101' title='bbox 1515 1126 1578 1169; x_wconf 92' lang='lat' dir='ltr'>illi</span> <span class='ocrx_word' id='word_1_102' title='bbox 1610 1127 1675 1170; x_wconf 91' lang='lat' dir='ltr'>rei</span> <span class='ocrx_word' id='word_1_103' title='bbox 1712 1125 1854 1183; x_wconf 85' lang='lat' dir='ltr'>possit</span> 
     </span>
     <span class='ocr_line' id='line_1_13' title="bbox 227 1200 1858 1258; baseline 0.001 -15"><span class='ocrx_word' id='word_1_104' title='bbox 227 1201 480 1254; x_wconf 89' lang='lat' dir='ltr'>attendere,</span> <span class='ocrx_word' id='word_1_105' title='bbox 506 1200 772 1245; x_wconf 85' lang='lat' dir='ltr'>nominatim</span> <span class='ocrx_word' id='word_1_106' title='bbox 794 1218 903 1247; x_wconf 91' lang='lat' dir='ltr'>vero</span> <span class='ocrx_word' id='word_1_107' title='bbox 925 1203 963 1245; x_wconf 89' lang='lat' dir='ltr'>si</span> <span class='ocrx_word' id='word_1_108' title='bbox 995 1202 1096 1258; x_wconf 90' lang='lat' dir='ltr'>quis</span> <span class='ocrx_word' id='word_1_109' title='bbox 1123 1203 1181 1246; x_wconf 93' lang='lat' dir='ltr'>sit</span> <span class='ocrx_word' id='word_1_110' title='bbox 1211 1210 1429 1258; x_wconf 88' lang='lat' dir='ltr'>tentatus,</span> <span class='ocrx_word' id='word_1_111' title='bbox 1461 1217 1518 1247; x_wconf 91' lang='lat' dir='ltr'>ne</span> <span class='ocrx_word' id='word_1_112' title='bbox 1551 1205 1743 1248; x_wconf 85' lang='lat' dir='ltr'>fortasse</span> <span class='ocrx_word' id='word_1_113' title='bbox 1772 1202 1858 1246; x_wconf 88' lang='lat' dir='ltr'>sibi</span> 
     </span>
     <span class='ocr_line' id='line_1_14' title="bbox 228 1278 1858 1336; baseline 0.002 -16"><span class='ocrx_word' id='word_1_114' title='bbox 228 1278 344 1321; x_wconf 89' lang='lat' dir='ltr'>male</span> <span class='ocrx_word' id='word_1_115' title='bbox 367 1278 577 1321; x_wconf 87' lang='lat' dir='ltr'>conscius</span> <span class='ocrx_word' id='word_1_116' title='bbox 598 1278 799 1322; x_wconf 89' lang='lat' dir='ltr'>discedat</span> <span class='ocrx_word' id='word_1_117' title='bbox 816 1279 1031 1332; x_wconf 88' lang='lat' dir='ltr'>iniussus,</span> <span class='ocrx_word' id='word_1_118' title='bbox 1052 1280 1160 1323; x_wconf 89' lang='lat' dir='ltr'>dum</span> <span class='ocrx_word' id='word_1_119' title='bbox 1176 1287 1303 1336; x_wconf 83' lang='lat' dir='ltr'>parat</span> <span class='ocrx_word' id='word_1_120' title='bbox 1324 1279 1626 1325; x_wconf 88' lang='lat' dir='ltr'>uisitationem</span> <span class='ocrx_word' id='word_1_121' title='bbox 1649 1279 1858 1335; x_wconf 78' lang='lat' dir='ltr'>commis-</span> 
     </span>
     <span class='ocr_line' id='line_1_15' title="bbox 229 1354 391 1398; baseline 0 -1"><span class='ocrx_word' id='word_1_122' title='bbox 229 1354 391 1398; x_wconf 87' lang='lat' dir='ltr'>sarius.</span> 
     </span>
    </p>

    <p class='ocr_par' dir='ltr' id='par_1_5' title="bbox 229 1431 1860 1871">
     <span class='ocr_line' id='line_1_16' title="bbox 318 1431 1859 1493; baseline 0.001 -19"><span class='ocrx_word' id='word_1_123' title='bbox 318 1432 492 1474; x_wconf 90' lang='lat' dir='ltr'>Indicat</span> <span class='ocrx_word' id='word_1_124' title='bbox 514 1431 674 1493; x_wconf 85' lang='lat' dir='ltr'>missas</span> <span class='ocrx_word' id='word_1_125' title='bbox 696 1433 931 1486; x_wconf 86' lang='lat' dir='ltr'>celebrari,</span> <span class='ocrx_word' id='word_1_126' title='bbox 957 1441 1003 1478; x_wconf 95' lang='lat' dir='ltr'>et</span> <span class='ocrx_word' id='word_1_127' title='bbox 1025 1434 1253 1478; x_wconf 88' lang='lat' dir='ltr'>orationes</span> <span class='ocrx_word' id='word_1_128' title='bbox 1274 1434 1370 1477; x_wconf 86' lang='lat' dir='ltr'>fieri</span> <span class='ocrx_word' id='word_1_129' title='bbox 1387 1449 1468 1491; x_wconf 92' lang='lat' dir='ltr'>pro</span> <span class='ocrx_word' id='word_1_130' title='bbox 1486 1433 1693 1490; x_wconf 89' lang='lat' dir='ltr'>collegio,</span> <span class='ocrx_word' id='word_1_131' title='bbox 1714 1440 1758 1477; x_wconf 89' lang='lat' dir='ltr'>et</span> <span class='ocrx_word' id='word_1_132' title='bbox 1775 1447 1859 1490; x_wconf 88' lang='lat' dir='ltr'>pro</span> 
     </span>
     <span class='ocr_line' id='line_1_17' title="bbox 230 1508 1859 1567; baseline 0.001 -17"><span class='ocrx_word' id='word_1_133' title='bbox 230 1509 380 1551; x_wconf 87' lang='lat' dir='ltr'>fructu</span> <span class='ocrx_word' id='word_1_134' title='bbox 403 1508 691 1562; x_wconf 85' lang='lat' dir='ltr'>visitationis,</span> <span class='ocrx_word' id='word_1_135' title='bbox 717 1509 845 1552; x_wconf 90' lang='lat' dir='ltr'>initio</span> <span class='ocrx_word' id='word_1_136' title='bbox 858 1511 1005 1554; x_wconf 69' lang='lat' dir='ltr'>‘semel</span> <span class='ocrx_word' id='word_1_137' title='bbox 1027 1525 1199 1564; x_wconf 87' lang='lat' dir='ltr'>omnes;</span> <span class='ocrx_word' id='word_1_138' title='bbox 1225 1511 1405 1564; x_wconf 90' lang='lat' dir='ltr'>deinde,</span> <span class='ocrx_word' id='word_1_139' title='bbox 1430 1517 1479 1553; x_wconf 89' lang='lat' dir='ltr'>vt</span> <span class='ocrx_word' id='word_1_140' title='bbox 1502 1510 1752 1567; x_wconf 82' lang='lat' dir='ltr'>applicetur</span> <span class='ocrx_word' id='word_1_141' title='bbox 1768 1524 1859 1552; x_wconf 91' lang='lat' dir='ltr'>una</span> 
     </span>
     <span class='ocr_line' id='line_1_18' title="bbox 229 1585 1857 1644; baseline 0.001 -17"><span class='ocrx_word' id='word_1_142' title='bbox 229 1585 364 1628; x_wconf 89' lang='lat' dir='ltr'>missa</span> <span class='ocrx_word' id='word_1_143' title='bbox 387 1585 605 1640; x_wconf 88' lang='lat' dir='ltr'>quotidie,</span> <span class='ocrx_word' id='word_1_144' title='bbox 630 1586 668 1629; x_wconf 91' lang='lat' dir='ltr'>si</span> <span class='ocrx_word' id='word_1_145' title='bbox 689 1587 822 1643; x_wconf 91' lang='lat' dir='ltr'>pauci</span> <span class='ocrx_word' id='word_1_146' title='bbox 845 1587 934 1630; x_wconf 88' lang='lat' dir='ltr'>sint</span> <span class='ocrx_word' id='word_1_147' title='bbox 951 1588 1224 1641; x_wconf 81' lang='lat' dir='ltr'>sacerdotes,</span> <span class='ocrx_word' id='word_1_148' title='bbox 1246 1589 1412 1644; x_wconf 85' lang='lat' dir='ltr'>plures,</span> <span class='ocrx_word' id='word_1_149' title='bbox 1433 1602 1522 1643; x_wconf 93' lang='lat' dir='ltr'>quo</span> <span class='ocrx_word' id='word_1_150' title='bbox 1539 1594 1673 1630; x_wconf 89' lang='lat' dir='ltr'>erunt</span> <span class='ocrx_word' id='word_1_151' title='bbox 1690 1586 1738 1629; x_wconf 91' lang='lat' dir='ltr'>hi</span> <span class='ocrx_word' id='word_1_152' title='bbox 1756 1587 1857 1643; x_wconf 87' lang='lat' dir='ltr'>plu·</span> 
     </span>
     <span class='ocr_line' id='line_1_19' title="bbox 229 1661 1858 1721; baseline 0 -16"><span class='ocrx_word' id='word_1_153' title='bbox 229 1677 318 1705; x_wconf 90' lang='lat' dir='ltr'>res.</span> <span class='ocrx_word' id='word_1_154' title='bbox 354 1661 572 1707; x_wconf 89' lang='lat' dir='ltr'>Similiter</span> <span class='ocrx_word' id='word_1_155' title='bbox 603 1663 682 1707; x_wconf 91' lang='lat' dir='ltr'>fiat</span> <span class='ocrx_word' id='word_1_156' title='bbox 714 1665 770 1708; x_wconf 91' lang='lat' dir='ltr'>de</span> <span class='ocrx_word' id='word_1_157' title='bbox 804 1664 1058 1707; x_wconf 89' lang='lat' dir='ltr'>orationum</span> <span class='ocrx_word' id='word_1_158' title='bbox 1091 1664 1352 1720; x_wconf 91' lang='lat' dir='ltr'>quotidiana</span> <span class='ocrx_word' id='word_1_159' title='bbox 1384 1664 1699 1721; x_wconf 84' lang='lat' dir='ltr'>applicatione,</span> <span class='ocrx_word' id='word_1_160' title='bbox 1735 1670 1780 1709; x_wconf 92' lang='lat' dir='ltr'>et</span> <span class='ocrx_word' id='word_1_161' title='bbox 1811 1663 1858 1705; x_wconf 91' lang='lat' dir='ltr'>in</span> 
     </span>
     <span class='ocr_line' id='line_1_20' title="bbox 229 1739 1860 1785; baseline 0.002 -4"><span class='ocrx_word' id='word_1_162' title='bbox 229 1739 442 1783; x_wconf 89' lang='lat' dir='ltr'>omnibus</span> <span class='ocrx_word' id='word_1_163' title='bbox 464 1747 616 1784; x_wconf 91' lang='lat' dir='ltr'>tamen</span> <span class='ocrx_word' id='word_1_164' title='bbox 638 1740 786 1784; x_wconf 88' lang='lat' dir='ltr'>missis</span> <span class='ocrx_word' id='word_1_165' title='bbox 808 1741 834 1783; x_wconf 91' lang='lat'>5</span> <span class='ocrx_word' id='word_1_166' title='bbox 857 1749 902 1785; x_wconf 91' lang='lat' dir='ltr'>et</span> <span class='ocrx_word' id='word_1_167' title='bbox 925 1741 1206 1784; x_wconf 90' lang='lat' dir='ltr'>orationibus</span> <span class='ocrx_word' id='word_1_168' title='bbox 1228 1741 1326 1785; x_wconf 88' lang='lat' dir='ltr'>aliis</span> <span class='ocrx_word' id='word_1_169' title='bbox 1347 1742 1403 1785; x_wconf 89' lang='lat' dir='ltr'>de</span> <span class='ocrx_word' id='word_1_170' title='bbox 1425 1742 1582 1784; x_wconf 90' lang='lat' dir='ltr'>eadem</span> <span class='ocrx_word' id='word_1_171' title='bbox 1606 1756 1653 1784; x_wconf 89' lang='lat' dir='ltr'>re</span> <span class='ocrx_word' id='word_1_172' title='bbox 1670 1742 1749 1784; x_wconf 89' lang='lat' dir='ltr'>fiat</span> <span class='ocrx_word' id='word_1_173' title='bbox 1765 1755 1860 1785; x_wconf 90' lang='lat' dir='ltr'>me-</span> 
     </span>
     <span class='ocr_line' id='line_1_21' title="bbox 230 1816 1107 1871; baseline 0.002 -12"><span class='ocrx_word' id='word_1_174' title='bbox 230 1816 388 1871; x_wconf 90' lang='lat' dir='ltr'>moria,</span> <span class='ocrx_word' id='word_1_175' title='bbox 414 1817 563 1862; x_wconf 91' lang='lat' dir='ltr'>donec</span> <span class='ocrx_word' id='word_1_176' title='bbox 585 1817 643 1860; x_wconf 89' lang='lat' dir='ltr'>sit</span> <span class='ocrx_word' id='word_1_177' title='bbox 666 1818 871 1861; x_wconf 88' lang='lat' dir='ltr'>absoluta</span> <span class='ocrx_word' id='word_1_178' title='bbox 893 1818 1107 1862; x_wconf 89' lang='lat' dir='ltr'>visitatio.</span> 
     </span>
    </p>

    <p class='ocr_par' dir='ltr' id='par_1_6' title="bbox 230 1893 1863 2260">
     <span class='ocr_line' id='line_1_22' title="bbox 318 1893 1861 1952; baseline 0 -15"><span class='ocrx_word' id='word_1_179' title='bbox 318 1893 497 1938; x_wconf 90' lang='lat' dir='ltr'>Deinde</span> <span class='ocrx_word' id='word_1_180' title='bbox 534 1894 678 1950; x_wconf 88' lang='lat' dir='ltr'>primo</span> <span class='ocrx_word' id='word_1_181' title='bbox 715 1909 894 1950; x_wconf 87' lang='lat' dir='ltr'>quoque</span> <span class='ocrx_word' id='word_1_182' title='bbox 927 1903 1132 1952; x_wconf 87' lang='lat' dir='ltr'>tempore</span> <span class='ocrx_word' id='word_1_183' title='bbox 1163 1897 1327 1940; x_wconf 90' lang='lat' dir='ltr'>habeat</span> <span class='ocrx_word' id='word_1_184' title='bbox 1358 1895 1735 1948; x_wconf 84' lang='lat' dir='ltr'>exhortationem,</span> <span class='ocrx_word' id='word_1_185' title='bbox 1772 1909 1861 1950; x_wconf 93' lang='lat' dir='ltr'>qua</span> 
     </span>
     <span class='ocr_line' id='line_1_23' title="bbox 230 1970 1862 2029; baseline 0.001 -16"><span class='ocrx_word' id='word_1_186' title='bbox 230 1970 461 2027; x_wconf 88' lang='lat' dir='ltr'>significet</span> <span class='ocrx_word' id='word_1_187' title='bbox 493 1971 713 2015; x_wconf 91' lang='lat' dir='ltr'>rationem</span> <span class='ocrx_word' id='word_1_188' title='bbox 746 1987 855 2029; x_wconf 87' lang='lat' dir='ltr'>suae</span> <span class='ocrx_word' id='word_1_189' title='bbox 889 1972 1130 2026; x_wconf 87' lang='lat' dir='ltr'>missionis,</span> <span class='ocrx_word' id='word_1_190' title='bbox 1154 1980 1200 2016; x_wconf 92' lang='lat' dir='ltr'>et</span> <span class='ocrx_word' id='word_1_191' title='bbox 1231 1972 1278 2015; x_wconf 93' lang='lat' dir='ltr'>in</span> <span class='ocrx_word' id='word_1_192' title='bbox 1311 1972 1564 2028; x_wconf 84' lang='lat' dir='ltr'>frequentia</span> <span class='ocrx_word' id='word_1_193' title='bbox 1598 1974 1785 2015; x_wconf 89' lang='lat' dir='ltr'>Patrum</span> <span class='ocrx_word' id='word_1_194' title='bbox 1815 1978 1862 2015; x_wconf 92' lang='lat' dir='ltr'>et</span> 
     </span>
     <span class='ocr_line' id='line_1_24' title="bbox 232 2048 1861 2106; baseline 0 -16"><span class='ocrx_word' id='word_1_195' title='bbox 232 2048 422 2091; x_wconf 87' lang='lat' dir='ltr'>fratrum</span> <span class='ocrx_word' id='word_1_196' title='bbox 445 2055 574 2093; x_wconf 90' lang='lat' dir='ltr'>curet</span> <span class='ocrx_word' id='word_1_197' title='bbox 597 2048 690 2106; x_wconf 90' lang='lat' dir='ltr'>legi</span> <span class='ocrx_word' id='word_1_198' title='bbox 711 2049 862 2092; x_wconf 90' lang='lat' dir='ltr'>literas</span> <span class='ocrx_word' id='word_1_199' title='bbox 884 2056 1092 2105; x_wconf 85' lang='lat' dir='ltr'>patentes</span> <span class='ocrx_word' id='word_1_200' title='bbox 1115 2049 1184 2093; x_wconf 90' lang='lat' dir='ltr'>sui</span> <span class='ocrx_word' id='word_1_201' title='bbox 1206 2049 1357 2102; x_wconf 81' lang='lat' dir='ltr'>officii,</span> <span class='ocrx_word' id='word_1_202' title='bbox 1382 2057 1428 2093; x_wconf 93' lang='lat' dir='ltr'>et</span> <span class='ocrx_word' id='word_1_203' title='bbox 1455 2049 1590 2092; x_wconf 90' lang='lat' dir='ltr'>simul</span> <span class='ocrx_word' id='word_1_204' title='bbox 1617 2049 1663 2091; x_wconf 91' lang='lat' dir='ltr'>in</span> <span class='ocrx_word' id='word_1_205' title='bbox 1693 2049 1861 2092; x_wconf 89' lang='lat' dir='ltr'>exhor-</span> 
     </span>
     <span class='ocr_line' id='line_1_25' title="bbox 234 2124 1863 2182; baseline 0 -15"><span class='ocrx_word' id='word_1_206' title='bbox 234 2125 405 2169; x_wconf 88' lang='lat' dir='ltr'>tatione</span> <span class='ocrx_word' id='word_1_207' title='bbox 427 2133 560 2170; x_wconf 90' lang='lat' dir='ltr'>curet</span> <span class='ocrx_word' id='word_1_208' title='bbox 581 2133 631 2168; x_wconf 94' lang='lat' dir='ltr'>vt</span> <span class='ocrx_word' id='word_1_209' title='bbox 653 2126 853 2169; x_wconf 90' lang='lat' dir='ltr'>omnium</span> <span class='ocrx_word' id='word_1_210' title='bbox 877 2127 1012 2170; x_wconf 90' lang='lat' dir='ltr'>animi</span> <span class='ocrx_word' id='word_1_211' title='bbox 1034 2127 1290 2170; x_wconf 84' lang='lat' dir='ltr'>excitentur</span> <span class='ocrx_word' id='word_1_212' title='bbox 1319 2127 1377 2169; x_wconf 88' lang='lat' dir='ltr'>ad</span> <span class='ocrx_word' id='word_1_213' title='bbox 1398 2125 1740 2170; x_wconf 89' lang='lat' dir='ltr'>renouationem</span> <span class='ocrx_word' id='word_1_214' title='bbox 1768 2124 1863 2182; x_wconf 90' lang='lat' dir='ltr'>spi-</span> 
     </span>
     <span class='ocr_line' id='line_1_26' title="bbox 232 2201 1596 2260; baseline 0.001 -15"><span class='ocrx_word' id='word_1_215' title='bbox 232 2201 362 2254; x_wconf 88' lang='lat' dir='ltr'>ritus,</span> <span class='ocrx_word' id='word_1_216' title='bbox 387 2209 433 2245; x_wconf 92' lang='lat' dir='ltr'>et</span> <span class='ocrx_word' id='word_1_217' title='bbox 455 2203 594 2246; x_wconf 91' lang='lat' dir='ltr'>totius</span> <span class='ocrx_word' id='word_1_218' title='bbox 616 2203 973 2247; x_wconf 88' lang='lat' dir='ltr'>conuersationis</span> <span class='ocrx_word' id='word_1_219' title='bbox 996 2203 1234 2260; x_wconf 85' lang='lat' dir='ltr'>religiosae</span> <span class='ocrx_word' id='word_1_220' title='bbox 1256 2203 1596 2260; x_wconf 85' lang='lat' dir='ltr'>perfectionem.</span> 
     </span>
    </p>

    <p class='ocr_par' dir='ltr' id='par_1_7' title="bbox 232 2278 1862 2490">
     <span class='ocr_line' id='line_1_27' title="bbox 321 2278 1861 2336; baseline 0.001 -15"><span class='ocrx_word' id='word_1_221' title='bbox 321 2279 532 2335; x_wconf 91' lang='lat' dir='ltr'>Accipiat</span> <span class='ocrx_word' id='word_1_222' title='bbox 554 2279 717 2323; x_wconf 90' lang='lat' dir='ltr'>deinde</span> <span class='ocrx_word' id='word_1_223' title='bbox 738 2280 998 2336; x_wconf 82' lang='lat' dir='ltr'>catalogum</span> <span class='ocrx_word' id='word_1_224' title='bbox 1021 2279 1238 2332; x_wconf 89' lang='lat' dir='ltr'>omnium,</span> <span class='ocrx_word' id='word_1_225' title='bbox 1263 2287 1487 2335; x_wconf 89' lang='lat' dir='ltr'>quotquot</span> <span class='ocrx_word' id='word_1_226' title='bbox 1514 2286 1622 2322; x_wconf 89' lang='lat' dir='ltr'>sunt</span> <span class='ocrx_word' id='word_1_227' title='bbox 1650 2278 1694 2321; x_wconf 91' lang='lat' dir='ltr'>in</span> <span class='ocrx_word' id='word_1_228' title='bbox 1725 2279 1861 2323; x_wconf 89' lang='lat' dir='ltr'>colle-</span> 
     </span>
     <span class='ocr_line' id='line_1_28' title="bbox 233 2355 1862 2412; baseline 0 -14"><span class='ocrx_word' id='word_1_229' title='bbox 233 2356 326 2412; x_wconf 86' lang='lat' dir='ltr'>gio,</span> <span class='ocrx_word' id='word_1_230' title='bbox 351 2356 546 2412; x_wconf 90' lang='lat' dir='ltr'>primum</span> <span class='ocrx_word' id='word_1_231' title='bbox 570 2356 751 2412; x_wconf 91' lang='lat' dir='ltr'>quidem</span> <span class='ocrx_word' id='word_1_232' title='bbox 774 2356 820 2399; x_wconf 94' lang='lat' dir='ltr'>in</span> <span class='ocrx_word' id='word_1_233' title='bbox 843 2371 933 2412; x_wconf 91' lang='lat' dir='ltr'>quo</span> <span class='ocrx_word' id='word_1_234' title='bbox 955 2357 1138 2400; x_wconf 91' lang='lat' dir='ltr'>nomina</span> <span class='ocrx_word' id='word_1_235' title='bbox 1160 2357 1378 2408; x_wconf 90' lang='lat' dir='ltr'>omnium,</span> <span class='ocrx_word' id='word_1_236' title='bbox 1411 2355 1559 2399; x_wconf 85' lang='lat' dir='ltr'>officia</span> <span class='ocrx_word' id='word_1_237' title='bbox 1586 2363 1632 2399; x_wconf 92' lang='lat' dir='ltr'>et</span> <span class='ocrx_word' id='word_1_238' title='bbox 1654 2355 1862 2400; x_wconf 89' lang='lat' dir='ltr'>nationes</span> 
     </span>
     <span class='ocr_line' id='line_1_29' title="bbox 232 2433 532 2490; baseline -0.003 -13"><span class='ocrx_word' id='word_1_239' title='bbox 232 2433 532 2490; x_wconf 86' lang='lat' dir='ltr'>explicentur.</span> 
     </span>
    </p>

    <p class='ocr_par' dir='ltr' id='par_1_8' title="bbox 232 2510 1860 2722">
     <span class='ocr_line' id='line_1_30' title="bbox 323 2510 1860 2567; baseline -0.002 -13"><span class='ocrx_word' id='word_1_240' title='bbox 323 2513 563 2555; x_wconf 87' lang='lat' dir='ltr'>Praeterea</span> <span class='ocrx_word' id='word_1_241' title='bbox 586 2511 722 2554; x_wconf 91' lang='lat' dir='ltr'>alium</span> <span class='ocrx_word' id='word_1_242' title='bbox 745 2510 935 2566; x_wconf 89' lang='lat' dir='ltr'>accipiat</span> <span class='ocrx_word' id='word_1_243' title='bbox 958 2511 1167 2564; x_wconf 91' lang='lat' dir='ltr'>indicem,</span> <span class='ocrx_word' id='word_1_244' title='bbox 1194 2511 1239 2554; x_wconf 93' lang='lat' dir='ltr'>in</span> <span class='ocrx_word' id='word_1_245' title='bbox 1262 2525 1352 2566; x_wconf 90' lang='lat' dir='ltr'>quo</span> <span class='ocrx_word' id='word_1_246' title='bbox 1369 2510 1652 2567; x_wconf 87' lang='lat' dir='ltr'>explicentur</span> <span class='ocrx_word' id='word_1_247' title='bbox 1669 2510 1860 2552; x_wconf 87' lang='lat' dir='ltr'>faculta-</span> 
     </span>
     <span class='ocr_line' id='line_1_31' title="bbox 233 2585 1860 2644; baseline -0.002 -13"><span class='ocrx_word' id='word_1_248' title='bbox 233 2595 317 2641; x_wconf 90' lang='lat' dir='ltr'>tes,</span> <span class='ocrx_word' id='word_1_249' title='bbox 342 2588 415 2631; x_wconf 91' lang='lat' dir='ltr'>vel</span> <span class='ocrx_word' id='word_1_250' title='bbox 437 2589 682 2642; x_wconf 89' lang='lat' dir='ltr'>naturales,</span> <span class='ocrx_word' id='word_1_251' title='bbox 707 2589 779 2631; x_wconf 90' lang='lat' dir='ltr'>vel</span> <span class='ocrx_word' id='word_1_252' title='bbox 801 2587 936 2632; x_wconf 89' lang='lat' dir='ltr'>etiam</span> <span class='ocrx_word' id='word_1_253' title='bbox 959 2588 1223 2644; x_wconf 90' lang='lat' dir='ltr'>acquisitae,</span> <span class='ocrx_word' id='word_1_254' title='bbox 1248 2589 1321 2631; x_wconf 90' lang='lat' dir='ltr'>vel</span> <span class='ocrx_word' id='word_1_255' title='bbox 1342 2587 1674 2640; x_wconf 87' lang='lat' dir='ltr'>inclinationes,</span> <span class='ocrx_word' id='word_1_256' title='bbox 1694 2585 1860 2642; x_wconf 86' lang='lat' dir='ltr'>quibus</span> 
     </span>
     <span class='ocr_line' id='line_1_32' title="bbox 232 2665 1549 2722; baseline -0.002 -14"><span class='ocrx_word' id='word_1_257' title='bbox 232 2672 341 2708; x_wconf 85' lang='lat' dir='ltr'>sunt</span> <span class='ocrx_word' id='word_1_258' title='bbox 362 2665 554 2721; x_wconf 87' lang='lat' dir='ltr'>praediti</span> <span class='ocrx_word' id='word_1_259' title='bbox 578 2667 736 2708; x_wconf 89' lang='lat' dir='ltr'>Patres</span> <span class='ocrx_word' id='word_1_260' title='bbox 759 2665 830 2708; x_wconf 92' lang='lat' dir='ltr'>vel</span> <span class='ocrx_word' id='word_1_261' title='bbox 852 2666 1028 2717; x_wconf 88' lang='lat' dir='ltr'>fratres,</span> <span class='ocrx_word' id='word_1_262' title='bbox 1055 2680 1146 2721; x_wconf 91' lang='lat' dir='ltr'>quo</span> <span class='ocrx_word' id='word_1_263' title='bbox 1168 2665 1213 2708; x_wconf 91' lang='lat' dir='ltr'>in</span> <span class='ocrx_word' id='word_1_264' title='bbox 1237 2679 1406 2722; x_wconf 86' lang='lat' dir='ltr'>genere</span> <span class='ocrx_word' id='word_1_265' title='bbox 1428 2671 1549 2707; x_wconf 90' lang='lat' dir='ltr'>sunt:</span> 
     </span>
    </p>

    <p class='ocr_par' dir='ltr' id='par_1_9' title="bbox 232 2740 1864 3032">
     <span class='ocr_line' id='line_1_33' title="bbox 321 2740 1856 2797; baseline -0.003 -11"><span class='ocrx_word' id='word_1_266' title='bbox 321 2743 532 2786; x_wconf 87' lang='lat' dir='ltr'>Facultas</span> <span class='ocrx_word' id='word_1_267' title='bbox 560 2743 632 2785; x_wconf 93' lang='lat' dir='ltr'>vel</span> <span class='ocrx_word' id='word_1_268' title='bbox 660 2742 907 2786; x_wconf 89' lang='lat' dir='ltr'>inclinatio:</span> <span class='ocrx_word' id='word_1_269' title='bbox 948 2744 1023 2786; x_wconf 88' lang='lat' dir='ltr'>Ad</span> <span class='ocrx_word' id='word_1_270' title='bbox 1060 2743 1439 2786; x_wconf 87' lang='lat' dir='ltr'>concionandum.</span> <span class='ocrx_word' id='word_1_271' title='bbox 1479 2741 1552 2783; x_wconf 85' lang='lat' dir='ltr'>Ad</span> <span class='ocrx_word' id='word_1_272' title='bbox 1592 2740 1856 2797; x_wconf 90' lang='lat' dir='ltr'>legendum.</span> 
     </span>
     <span class='ocr_line' id='line_1_34' title="bbox 233 2816 1855 2875; baseline -0.002 -13"><span class='ocrx_word' id='word_1_273' title='bbox 233 2820 308 2862; x_wconf 86' lang='lat' dir='ltr'>Ad</span> <span class='ocrx_word' id='word_1_274' title='bbox 331 2820 697 2875; x_wconf 92' lang='lat' dir='ltr'>gubernandum.</span> <span class='ocrx_word' id='word_1_275' title='bbox 730 2820 756 2864; x_wconf 83' lang='grc' dir='ltr'>Β</span> <span class='ocrx_word' id='word_1_276' title='bbox 779 2819 852 2862; x_wconf 92' lang='lat' dir='ltr'>Ad</span> <span class='ocrx_word' id='word_1_277' title='bbox 874 2819 1119 2863; x_wconf 84' lang='lat' dir='ltr'>exteriores</span> <span class='ocrx_word' id='word_1_278' title='bbox 1142 2819 1343 2863; x_wconf 90' lang='lat' dir='ltr'>actiones</span> <span class='ocrx_word' id='word_1_279' title='bbox 1365 2826 1409 2861; x_wconf 91' lang='lat' dir='ltr'>et</span> <span class='ocrx_word' id='word_1_280' title='bbox 1432 2817 1617 2874; x_wconf 85' lang='lat' dir='ltr'>negotia</span> <span class='ocrx_word' id='word_1_281' title='bbox 1639 2816 1855 2873; x_wconf 88' lang='lat' dir='ltr'>gerenda.</span> 
     </span>
     <span class='ocr_line' id='line_1_35' title="bbox 232 2892 1864 2949; baseline -0.002 -12"><span class='ocrx_word' id='word_1_282' title='bbox 232 2895 306 2938; x_wconf 89' lang='lat' dir='ltr'>Ad</span> <span class='ocrx_word' id='word_1_283' title='bbox 329 2895 638 2941; x_wconf 91' lang='lat' dir='ltr'>confessiones</span> <span class='ocrx_word' id='word_1_284' title='bbox 660 2896 923 2939; x_wconf 85' lang='lat' dir='ltr'>audiendas.</span> <span class='ocrx_word' id='word_1_285' title='bbox 961 2897 1036 2939; x_wconf 83' lang='lat' dir='ltr'>Ad</span> <span class='ocrx_word' id='word_1_286' title='bbox 1064 2895 1280 2939; x_wconf 85' lang='lat' dir='ltr'>exercitia</span> <span class='ocrx_word' id='word_1_287' title='bbox 1306 2896 1472 2938; x_wconf 92' lang='lat' dir='ltr'>danda.</span> <span class='ocrx_word' id='word_1_288' title='bbox 1505 2895 1580 2938; x_wconf 94' lang='lat' dir='ltr'>Ad</span> <span class='ocrx_word' id='word_1_289' title='bbox 1602 2892 1864 2949; x_wconf 87' lang='lat' dir='ltr'>spirituales</span> 
     </span>
     <span class='ocr_line' id='line_1_36' title="bbox 233 2971 1754 3032; baseline -0.001 -16"><span class='ocrx_word' id='word_1_290' title='bbox 233 2972 636 3032; x_wconf 87' lang='lat' dir='ltr'>conuersatione[s]</span> <span class='ocrx_word' id='word_1_291' title='bbox 658 2974 908 3018; x_wconf 85' lang='lat' dir='ltr'>habendas.</span> <span class='ocrx_word' id='word_1_292' title='bbox 933 2973 1007 3014; x_wconf 86' lang='lat' dir='ltr'>Ad</span> <span class='ocrx_word' id='word_1_293' title='bbox 1029 2973 1249 3016; x_wconf 90' lang='lat' dir='ltr'>orandum</span> <span class='ocrx_word' id='word_1_294' title='bbox 1271 2979 1316 3015; x_wconf 92' lang='lat' dir='ltr'>et</span> <span class='ocrx_word' id='word_1_295' title='bbox 1339 2971 1754 3027; x_wconf 73' lang='lat' dir='ltr'>contemplandum,</span> 
     </span>
    </p>
   </div>
  </div>
 </body>
</html>
