2098 3470
291 280 361 327 344
761 282 915 319 PATms
942 283 1186 320 Hmnonnn
1214 283 1364 319 NADAL

244 398 351 426 num
381 386 389 405 ¹
413 398 469 427 ex
491 385 602 427 vrbe
623 399 678 428 ex
701 385 1019 430 commissione
1043 387 1095 428 P.
1123 385 1305 439 Lainez,
1331 392 1379 427 vt
1401 384 1576 442 possint
1597 385 1704 428 dare
1727 386 1874 429 facul-

243 466 381 505 tatem
403 467 602 505 rectores
624 468 670 504 et
692 461 985 517 prouintiales
1010 477 1180 505 nouum
1205 461 1403 505 officium
1420 461 1641 505 recitandi
1658 461 1873 515 externis,

244 552 300 581 ne
321 543 508 581 vtantur
529 538 674 581 donec
698 540 834 583 Pater
855 539 1080 596 generalis
1104 539 1232 582 aliter
1253 538 1447 592 ordinet;
1482 553 1571 581 non
1593 538 1714 583 enim
1745 538 1874 583 vide-

244 621 318 657 tur
339 615 504 658 debere
527 615 738 659 omnibus
760 615 856 659 dari
879 616 1062 672 passim.

333 693 470 748 Quod
494 693 663 735 factum
685 699 755 738 est
775 693 909 737 etiam
932 693 979 735 in
1002 695 1087 736 hac
1110 692 1351 748 prouintia,
1373 699 1420 735 vt
1443 707 1547 736 cum
1571 691 1656 745 his,
1683 691 1761 748 qui
1781 706 1875 735 non

242 769 532 822 confitentur,
550 769 815 831 dispensent
838 770 883 813 in
906 769 1169 814 recitatione
1191 769 1326 812 officii
1349 769 1473 822 noui;
1494 769 1540 812 id
1557 769 1754 814 retinere
1770 783 1876 826 pos-

242 853 350 889 sunt
371 846 516 890 donec
540 848 676 890 Pater
697 847 924 903 generalis
947 847 1183 889 consultus
1205 847 1492 902 respondeat.
1520 847 1575 889 Et
1600 853 1751 890 tamen
1771 859 1875 903 pro-

242 924 375 966 batur
403 923 515 966 mihi
543 924 665 979 quod
695 924 852 966 dicunt
879 938 928 968 se
957 923 1054 966 aliis
1083 923 1374 967 facultatibus
1396 923 1532 966 nullis
1554 926 1636 976 vti,
1661 923 1748 966 nisi
1770 938 1875 967 cum

242 1000 329 1053 his,
360 1015 474 1057 quos
501 1001 692 1044 audiunt
720 1001 766 1044 in
794 990 1093 1045 confessione.
1126 1002 1243 1044 Cum
1277 1002 1387 1044 dant
1425 1008 1574 1044 tamen
1612 1002 1874 1045 facultatem

242 1077 425 1134 legendi
452 1079 586 1122 horas
613 1078 854 1122 canonicas
886 1093 941 1121 ex
971 1093 1093 1120 nouo
1124 1077 1371 1130 breuiario,
1398 1092 1489 1120 non
1522 1078 1632 1122 dent
1669 1077 1791 1121 illam
1830 1077 1875 1121 in

242 1154 423 1210 scriptis
445 1155 705 1198 facultatem
728 1162 773 1199 et
795 1154 1089 1199 autenticam.

332 1231 425 1287 Qui
456 1246 547 1275 non
578 1233 785 1275 fecerunt
817 1231 1045 1284 exercitia,
1087 1233 1159 1276 vel
1195 1231 1282 1274 illis
1319 1238 1474 1288 egent,
1510 1231 1656 1288 primo
1694 1216 1886 1288 quoque*

244 1314 446 1365 tempore
483 1317 796 1362 exerceantur3
837 1310 917 1353 sed
954 1308 1014 1351 ita
1054 1316 1222 1361 tamen,
1259 1315 1307 1351 vt
1344 1303 1507 1352 eodem
1546 1315 1749 1365 tempore
1786 1323 1874 1352 non

243 1393 540 1429 exerceantur
569 1393 660 1429 tres
688 1386 844 1438 simul,
879 1386 970 1428 imo
1001 1400 1058 1428 ne
1091 1386 1183 1428 duo
1212 1385 1417 1441 quidem,
1450 1385 1537 1429 nisi
1573 1385 1632 1428 sit
1668 1399 1877 1430 necessa-

244 1461 416 1505 rium...

334 1541 383 1582 ln
415 1539 683 1583 ceremoniis
712 1527 877 1584 missae
905 1540 995 1582 sint
1025 1554 1182 1583 omnes
1203 1540 1476 1592 conformes,
1501 1547 1547 1582 et
1569 1540 1625 1583 ad
1654 1555 1752 1584 eam
1781 1555 1876 1584 rem

246 1616 459 1660 adhibeat
483 1617 535 1659 P.
556 1618 803 1674 Jordanum
831 1618 1183 1660 obseruatorem.
1209 1618 1392 1661 Decret.
1426 1616 1515 1676 [93]
1538 1630 1766 1673 congreg.
1800 1625 1878 1660 1³²⁶

335 1694 569 1737 Lauentur
598 1694 940 1750 peregrinorum
975 1695 1162 1737 fratrum
1191 1694 1345 1750 pedes:
1378 1693 1415 1737 si
1452 1709 1560 1738 vero
1592 1709 1648 1738 ex
1677 1693 1765 1748 his,
1800 1693 1878 1750 qui

246 1770 368 1813 domi
392 1778 515 1823 sunt,
541 1770 599 1813 sit
619 1771 729 1815 vtile
749 1771 901 1814 lauare
923 1772 1077 1827 pedes,
1102 1770 1187 1828 ipsi
1209 1770 1293 1813 sibi
1316 1771 1594 1816 lauabunt...

335 1849 385 1890 ln
402 1847 672 1904 sepeliendis
695 1848 875 1900 nostris,
897 1862 999 1890 cum
1023 1862 1259 1891 necessum
1277 1847 1334 1890 sit
1351 1849 1439 1890 hoc
1457 1855 1674 1904 tempore,
1694 1848 1878 1903 quando

249 1925 467 1980 templum
493 1939 587 1967 non
609 1925 846 1977 habemus,
874 1924 937 1966 vti
959 1939 1094 1981 opera
1111 1924 1316 1981 parochi,
1337 1924 1422 1968 erit
1438 1939 1601 1980 operae
1617 1923 1819 1980 precium
1841 1923 1879 1967 si

247 2001 492 2046 conueniat
514 2008 663 2044 rector
686 2002 909 2045 decanum
931 2010 976 2044 et
994 2002 1261 2057 parochum,
1281 2015 1385 2044 cum
1401 2000 1597 2060 primum
1616 2000 1779 2056 aliquis
1796 2001 1878 2044 de-

246 2079 432 2121 cumbet
461 2078 730 2134 periculose,
756 2086 801 2122 et
831 2080 1064 2135 rogandus
1096 2078 1181 2122 erit
1208 2085 1414 2140 vterque,
1445 2085 1495 2120 vt
1531 2077 1673 2121 velint
1701 2084 1878 2121 nostros

247 2155 438 2211 sepelire
461 2155 792 2212 simplicissime
809 2162 854 2198 et
877 2170 980 2198 cum
1004 2155 1189 2198 minima
1210 2155 1432 2211 impensa,
1458 2162 1504 2198 et
1526 2163 1574 2197 vt
1603 2169 1695 2198 non
1717 2154 1775 2197 sit
1797 2169 1878 2197 ne-

246 2245 427 2275 cessum
443 2231 580 2288 'ipsos
616 2232 846 2276 celebrare
883 2233 1064 2276 missam
1103 2239 1352 2285 cantatam,
1388 2233 1467 2275 sed
1504 2246 1619 2276 voce
1655 2231 1879 2274 submissa

247 2324 401 2363 Vnam,
428 2309 807 2365 quemadmodum
830 2309 925 2353 fieri
955 2310 1069 2354 solet
1100 2324 1181 2366 pro
1209 2309 1501 2366 pauperibus;
1527 2308 1878 2365 significandum

247 2401 359 2431 vero
382 2386 470 2429 illis
493 2386 594 2440 erit,
615 2393 725 2442 quot
746 2386 908 2430 missae
930 2401 1010 2442 pro
1032 2386 1224 2442 singulis
1247 2385 1412 2429 nostris
1429 2386 1715 2430 celebrentur
1731 2384 1776 2427 in
1794 2385 1878 2429 So-

246 2463 430 2516 cietate,
452 2471 539 2508 etc.

338 2542 559 2585 Seruetur
581 2541 863 2584 consuetudo
886 2540 1140 2592 Societatis,
1160 2547 1208 2582 vt
1226 2554 1329 2583 cum
1347 2539 1527 2582 leuatur
1543 2538 1878 2582 sanctissimum

252 2625 607 2670 sacramentum,
629 2617 902 2660 accendatur
924 2632 1098 2661 cereus:
1124 2631 1208 2671 nec
1231 2617 1526 2673 extinguatur
1553 2616 1697 2659 donec
1719 2614 1878 2659 venia-

250 2702 324 2738 tur
346 2696 403 2737 ad
429 2709 533 2750 «per
555 2694 707 2737 omnia
728 2695 881 2738 secula
902 2695 1205 2746 seculorum»,
1231 2701 1336 2737 ante
1362 2695 1525 2737 «Pater
1549 2698 1747 2735 noster».

340 2773 481 2816 Curet
504 2770 800 2827 prouintialis‚
826 2778 874 2813 vt
905 2786 1060 2814 omnes
1089 2771 1347 2838 sacerdotes
1377 2771 1560 2813 easdem
1598 2767 1879 2813 ceremonias

250 2850 511 2901 obseruent,
537 2850 594 2893 de
617 2848 782 2904 quibus
803 2847 1011 2903 superius
1033 2847 1207 2891 dictum
1227 2855 1311 2891 est:
1333 2853 1378 2891 et
1395 2847 1505 2889 illud
1527 2852 1776 2902 praeterea,
1801 2859 1875 2896 ne,

321 2974 332 2995 ¹
383 2974 427 3009 P.
452 2973 647 3008 Adrianus
672 2971 833 3007 Adriani
855 2972 1188 3018 (Adriaenssens),
1213 2972 1279 3019 qui
1302 2971 1404 3007 eirea
1429 2972 1503 3006 hoc
1535 2975 1688 3016 tempus
1717 2979 1880 3004 munere

250 3032 609 3079 superintendentis
637 3031 795 3078 collegii
824 3031 1062 3067 lovaniensis
1092 3033 1294 3068 absolutus
1328 3030 1415 3066 fuit.
1451 3029 1513 3065 Cf.
1550 3029 1680 3076 Epist.
1712 3028 1760 3064 P.
1798 3026 1880 3063 Na-

249 3092 419 3136 da2,111,
440 3091 522 3138 488,
544 3101 631 3136 504.
