2098 3470
631 249 867 288 Onu-roms
888 255 1336 294 onsmzvnionns—7o
1679 248 1751 294 685

249 351 434 408 Triplex
462 352 535 397 via
572 367 751 410 semper
784 352 1039 397 exercenda
1075 349 1306 408 religioso,
1347 357 1485 406 atque
1521 352 1636 396 adeo
1673 351 1797 395 omni

159 420 364 485 xpiano.;
388 432 476 473 hoc
497 429 600 474 dico
627 424 762 476 etiam
793 437 1033 486 postquam
1063 443 1144 485 per
1171 435 1456 472 sacramenta
1484 436 1530 472 et
1558 429 1797 472 contritio-

157 519 263 550 nem
283 515 508 564 purgatus
528 515 615 553 est.
640 508 948 565 Pugnandum
969 506 1092 550 enim
1114 513 1183 551 est
1204 506 1251 549 in
1269 504 1536 549 fortitudine
1553 507 1731 562 gratiae
1748 506 1795 549 in

116 567 119 570 .
157 585 278 640 Xpo.
298 585 520 628 aduersus
540 584 833 629 obuenientia
853 590 1040 641 peccata
1055 597 1110 627 ac
1132 583 1486 634 tenta29tiones‚
1512 583 1687 626 radices
1715 599 1797 627 ex-

158 659 408 717 tirpandae,
433 662 545 705 nulli
568 661 896 718 imperfectioni
918 676 975 706 ex
996 660 1220 705 electione
1240 659 1638 711 consentiendum,
1675 662 1795 704 acci-

156 736 368 794 piendae,
391 753 483 782 non
506 739 654 785 solum
675 738 915 796 patienter,
946 739 1028 782 sed
1049 751 1155 780 cum
1177 736 1348 794 gaudio
1375 736 1528 789 etiam,
1554 736 1791 781 infirmita-

159 821 245 867 tes,
264 814 580 860 tribulationes
600 830 774 868 omnes,
797 815 897 860 siue
916 815 1179 866 exteriores,
1205 814 1305 858 siue
1324 813 1567 858 interiores
1589 814 1696 867 sint3
1723 830 1793 858 re—

157 890 372 936 ferendae
393 893 451 935 ad
486 892 805 949 purgationem
833 891 1027 937 animae.
1069 893 1127 935 Et
1148 893 1236 935 hac
1259 892 1307 934 in
1323 899 1451 947 parte
1478 890 1566 934 erit
1588 891 1669 933 tibi
1690 906 1792 934 ora-

157 968 282 1014 tione
308 970 694 1022 contendendum,
725 978 775 1013 vt
803 983 960 1026 pacem
988 969 1126 1013 etiam
1148 969 1195 1012 in
1224 969 1517 1012 tribulatione
1539 968 1792 1025 possideas,

156 1060 237 1102 per
254 1059 391 1101 quam
412 1045 695 1103 distinguere
711 1046 856 1103 possis
877 1046 1031 1103 quiete
1047 1046 1157 1102 quid
1178 1045 1224 1089 in
1249 1045 1545 1090 tribulatione
1566 1053 1637 1090 est
1658 1054 1793 1088 natu-

94 1110 101 1114 ·
157 1123 269 1175 rale,
287 1122 398 1178 quid
419 1123 742 1177 voluntarium,
767 1124 876 1179 quid
898 1139 955 1168 ex
982 1123 1273 1166 inclinatione
1294 1123 1640 1179 praeteritorum
1664 1122 1774 1165 vitio

157 1214 275 1253 rum,
299 1200 409 1256 quid
429 1215 486 1243 ex
509 1201 737 1256 praesenti
757 1200 1116 1257 imperfectione,
1140 1201 1252 1256 quid
1267 1202 1456 1252 bonum,
1477 1199 1587 1255 quid
1605 1200 1791 1252 malum,

155 1276 267 1332 quid
286 1276 580 1321 indifferens..
598 1277 663 1320 Ita
701 1278 796 1330 fiet,
820 1285 870 1320 vt
901 1277 947 1320 in
968 1278 1071 1322 luce
1107 1278 1314 1321 ambules
1335 1284 1382 1322 et
1418 1277 1649 1320 diabolum
1687 1291 1791 1319 cum

123 1386 128 1394 .
155 1352 251 1397 suis
273 1353 473 1398 tenebris
489 1354 747 1397 conculces.
775 1356 841 1397 Ex
864 1355 951 1398 hac
973 1354 1047 1398 via
1066 1354 1353 1411 comparabis
1375 1355 1591 1399 affectum
1614 1354 1793 1396 humili·

158 1430 282 1483 tatis,
306 1430 405 1474 sine
426 1445 518 1485 quo
534 1430 649 1473 nihil
664 1445 791 1487 ages.

243 1507 595 1551 Illuminatiuam
632 1508 767 1551 simul
804 1508 1038 1553 exercebis
1074 1508 1296 1564 quotidie,
1330 1523 1466 1564 quam
1503 1508 1740 1552 inchoabis
1767 1525 1794 1552 a

154 1584 404 1640 gratiarum
420 1584 599 1628 actione
621 1585 805 1628 vltimae
827 1585 1142 1630 illustrationis
1157 1594 1204 1629 et
1225 1585 1417 1643 gratiae.
1444 1587 1549 1629 Hoc
1577 1600 1666 1642 ego
1688 1596 1792 1629 cum

154 1661 369 1714 dicerem,
402 1663 455 1704 P.
494 1662 700 1718 Ignatius
737 1662 968 1719 respondit
1006 1678 1106 1708 esse
1138 1662 1468 1720 incipientium3
1500 1662 1599 1707 aliis
1627 1663 1713 1706 alia
1735 1665 1793 1707 ad

153 1738 278 1783 varia
299 1738 517 1795 principia
537 1754 638 1783 esse
661 1741 892 1784 tentanda.
920 1742 1020 1797 Ego
1042 1755 1174 1796 spero
1189 1755 1349 1785 omnes
1368 1741 1555 1784 doctum
1579 1740 1634 1783 iri
1656 1757 1681 1784 a
1699 1741 1792 1797 spi-

155 1814 247 1858 ritu
273 1829 452 1860 omnem
485 1816 543 1860 30
570 1816 827 1870 veritatem,
859 1818 994 1860 modo
1025 1817 1110 1860 sibi
1140 1817 1453 1874 vnusquisque
1482 1832 1573 1860 non
1601 1818 1717 1862 desit
1747 1827 1792 1861 et

155 1891 340 1937 diuinae
359 1893 551 1950 gratiae.

241 1969 427 2012 Vnitiua
447 1965 582 2013 simul
605 1980 653 2013 vt
674 1972 921 2027 plurimum
944 1986 1050 2015 cum
1073 1971 1373 2016 illuminatiua
1404 1954 1659 2025 exercetur;
1686 1988 1790 2016 nam

154 2046 202 2089 in
223 2046 524 2092 illustratione
550 2056 570 2073 ²
590 2048 772 2102 mentis,
796 2050 895 2093 siue
915 2049 1145 2093 obiectum
1170 2049 1251 2092 tibi
1282 2058 1667 2106 repraesentetur,
1692 2050 1791 2094 siue

154 2124 249 2167 sola
269 2123 329 2167 sit
349 2124 591 2168 illustratio
612 2125 657 2167 in
680 2125 867 2178 lumine,
892 2127 1103 2169 voluntas
1124 2126 1335 2180 afficitur,
1354 2126 1597 2170 attrahitur
1621 2135 1666 2172 et
1687 2128 1790 2170 vni-

154 2208 228 2243 tur
248 2215 327 2256 per
343 2215 557 2245 amorem:
584 2210 629 2246 et
650 2204 737 2244 hoc
759 2203 895 2246 etiam
918 2202 1110 2258 mystice
1131 2202 1335 2261 intellige
1357 2203 1392 2256 ¹³,
1412 2219 1554 2260 quum
1586 2205 1790 2260 potentia

153 2291 232 2332 per
252 2292 451 2322 amorem
473 2280 804 2335 comprehensa
821 2279 866 2321 in
889 2294 1043 2323 amore
1063 2295 1114 2323 se
1135 2281 1294 2334 exerit,
1314 2290 1407 2326 etc.
1436 2283 1518 2326 Sta
1539 2281 1585 2324 in
1603 2281 1787 2324 humili-

154 2362 263 2398 tate:
288 2369 373 2398 nec
396 2355 508 2399 velis
529 2356 671 2398 altum
694 2370 870 2412 sapere,
896 2357 976 2400 sed
1000 2356 1107 2401 time
1133 2359 1162 2401 ¹.

241 2432 514 2476 Intercessio
530 2434 587 2476 D.
611 2433 743 2476 Pauli
761 2434 986 2477 feruorem
1009 2434 1196 2490 spiritus
1212 2443 1258 2480 et
1279 2436 1584 2480 eleuationem
1605 2435 1784 2488 mentis;

151 2508 246 2551 divi
267 2523 377 2552 vero
399 2509 524 2553 Petri
545 2510 749 2555 ordinem
771 2510 891 2554 vitae
912 2510 1160 2568 spiritualis
1181 2520 1318 2569 atque
1340 2513 1642 2556 constantiam
1665 2513 1786 2568 apud

153 2586 303 2629 Deum
325 2585 555 2640 conciliat;
580 2587 846 2630 intercessio
883 2602 989 2632 vero
1010 2589 1162 2646 angeli
1200 2590 1422 2642 custodis,
1464 2605 1544 2634 seu
1567 2588 1787 2645 praesidis

153 2662 410 2716 Societatis,
434 2663 773 2709 inclinationem
794 2666 852 2708 ad
878 2666 1070 2711 salutem
1100 2667 1297 2723 proximi
1325 2667 1673 2724 procurandam,
1699 2680 1784 2709 nec

153 2742 239 2783 hac
259 2741 472 2796 neglecta
492 2741 566 2783 vel
587 2741 918 2797 praetermissa,
959 2757 1178 2798 quaerere
1210 2743 1635 2800 contemplationes,
1668 2756 1786 2797 quae

153 2831 236 2873 per
253 2819 372 2861 hanc
393 2817 512 2861 viam
535 2826 581 2861 et
602 2818 869 2862 exercitium
898 2833 981 2863 suo
1011 2828 1213 2877 tempore
1244 2821 1475 2878 copiosius
1508 2821 1712 2871 affluent,
1738 2828 1783 2863 et

221 2963 240 2980 a
265 2953 584 2990 illustrationem
605 2967 674 2991 ms.
729 2957 794 2983 —b
821 2956 1050 3003 intelligere
1070 2969 1141 2993 ms.

229 3063 237 3082 ¹
287 3061 414 3108 Rom.¹
433 3061 503 3105 x1,
523 3071 589 3097 20.
