2098 3470
0 1163 14 1355 ,ναὝι-““.’

610 244 962 276 ΑυιιοιῑτΑ-τιοκιε
986 236 1064 272 6.ae
1089 236 1415 280 moenem—67
1715 235 1787 281 653

188 357 243 386 ac
262 343 479 395 declarat,
505 348 601 385 tum
623 338 917 398 experientia3
942 337 1254 381 austeritatem
1277 336 1399 379 enim
1429 336 1552 380 uitae
1575 337 1613 380 si
1636 351 1830 393 quaera—

50 461 60 468 .
103 407 107 410 ι
153 434 308 477 χωιιε,
328 420 490 463 fratres
511 418 616 470 mei,
639 418 762 461 illam
783 431 840 459 ex
859 415 1072 458 instituto
1095 413 1412 470 accepimus...

968 528 1051 571 6²

845 618 1179 662 EXCERPTA

617 730 679 759 Ex
700 727 908 759 NATALIS
929 725 1312 757 ADHORTATIONE
1334 711 1407 756 6?

714 872 772 899 nn
789 870 1032 905 mmsrssmo
1054 871 1182 898 vnum
1204 870 1276 897 nm
1296 861 1306 883 ¹

359 950 466 992 Non
494 947 655 991 dubito
675 947 787 1003 quin
818 954 864 991 et
894 961 990 999 vos,
1020 953 1067 989 et
1087 960 1246 989 omnes
1274 953 1502 1001 quotquot
1524 945 1570 987 in
1603 945 1832 990 Societate

190 1026 378 1078 viuum,
412 1039 632 1081 magnum
665 1025 998 1068 incrementum
1033 1022 1251 1068 Societati
1284 1022 1376 1066 sint
1408 1022 1611 1073 allaturi,
1643 1024 1729 1065 hoc
1762 1031 1830 1065 est

190 1102 443 1146 vberiorem
468 1103 666 1145 fructum
699 1101 746 1144 in
773 1100 1013 1144 animabus
1039 1101 1098 1143 ad
1125 1099 1342 1144 maiorem
1374 1099 1460 1143 Dei
1490 1099 1702 1155 gloriam.
1729 1101 1831 1142 Hoc

190 1164 343 1224 tamen
372 1180 535 1223 addam
566 1180 624 1223 de
656 1180 746 1223 hac
777 1193 843 1231 re,
868 1179 991 1234 quod
1022 1178 1152 1221 vobis
1182 1168 1384 1220 animum
1418 1184 1604 1233 augeat,
1630 1191 1755 1232 spem
1786 1186 1831 1219 et

190 1257 470 1302 alacritatem
491 1256 539 1299 in
561 1255 648 1300 X.⁰
670 1255 843 1300 Audiui
864 1270 971 1312 ego,
990 1253 1235 1300 audierunt
1255 1254 1364 1298 item
1388 1251 1480 1307 alii,
1504 1256 1556 1298 P.
1582 1254 1826 1310 Ignafium,

192 1348 334 1391 quum
355 1335 601 1378 affirmaret
622 1333 832 1378 meliores
853 1334 1032 1376 futuros
1051 1332 1099 1375 in
1122 1332 1368 1383 Societate,
1389 1332 1467 1387 qui
1485 1339 1590 1388 post
1607 1331 1683 1374 illa
1702 1331 1830 1375 initia

190 1418 322 1455 erant
342 1411 503 1456 futuri.
529 1410 739 1454 Meliores
766 1410 863 1465 ipse
891 1409 1074 1466 quidem
1101 1409 1283 1454 dicebat
1310 1410 1368 1453 de
1397 1423 1478 1452 sua
1507 1417 1525 1434 ³
1555 1409 1825 1452 humilitate.

187 1489 294 1545 'Ego
316 1495 468 1532 tamen
492 1501 672 1543 semper
692 1486 894 1531 intellexi
916 1486 1135 1542 ampliora
1162 1493 1209 1530 et
1229 1485 1441 1530 vberiora
1462 1485 1480 1511 b
1503 1487 1600 1530 fore
1626 1485 1834 1530 Societa-

193 1565 251 1608 tis
273 1564 522 1608 ministeria
539 1574 585 1609 et
607 1565 800 1615 sructus;
826 1564 906 1607 sed
927 1562 990 1606 ita
1012 1571 1181 1616 tamen,
1205 1562 1244 1606 si
1266 1571 1448 1607 nostrae
1471 1563 1662 1620 gratiae,
1682 1563 1720 1606 si
1743 1578 1827 1605 no-

191 1649 311 1686 strae
333 1641 560 1685 vocationi
589 1656 682 1684 non
704 1640 921 1684 desimus:
946 1648 992 1684 et
1011 1641 1193 1684 confido
1213 1655 1304 1697 ego
1326 1640 1508 1696 quidem
1538 1655 1630 1684 non
1658 1647 1675 1666 0
1696 1641 1828 1685 defu-

194 1726 322 1762 turos
342 1726 390 1762 et
410 1718 811 1762 animaduersuros
832 1717 1109 1761 inflammata
1130 1731 1230 1762 esse
1252 1717 1503 1762 ministeria
1533 1725 1689 1761 nostra
1711 1717 1831 1760 diui-

193 1810 254 1839 na
275 1795 351 1839 illa
372 1795 611 1846 charitate,
637 1808 755 1850 quae
777 1795 834 1836 ad
855 1794 1184 1850 perfectissima
1204 1809 1414 1850 quaeque
1434 1794 1595 1838 nititur
1613 1803 1659 1837 et
1677 1803 1832 1838 nostra

192 1871 398 1916 omnium
419 1872 559 1915 corda
581 1872 832 1914 inflammat
853 1871 1057 1914 suauiter
1078 1885 1260 1927 semper
1281 1862 1540 1915 et'feruide.

283 1948 372 1992 His
386 1948 664 2005 praelibatis,
684 1947 838 1992 audite
854 1961 979 1991 nunc
995 1948 1053 1990 de
1069 1947 1264 2004 singulis
1286 1948 1563 2001 ministeriis,
1584 1956 1630 1992 et
1647 1949 1829 2004 quidem

195 2026 254 2070 ad
274 2025 501 2083 propriam
533 2025 676 2068 nostri
712 2023 910 2067 instituti
938 2023 1159 2074 rationem
1188 2026 1549 2078 accommodate3
1581 2027 1638 2069 ad
1672 2028 1831 2071 Patres

196 2102 318 2147 enim
340 2110 387 2148 et
409 2104 571 2147 fratres
591 2101 833 2147 Societatis
854 2103 967 2144 haec
989 2100 1199 2154 dicimus,
1223 2116 1315 2145 non
1338 2103 1397 2145 ad
1418 2102 1545 2146 alios.

283 2179 410 2236 Quid
433 2179 575 2236 igitur
595 2193 696 2223 esse
723 2178 1085 2235 praedicationes
1113 2178 1432 2236 intelligimus?
1460 2181 1583 2223 Illam
1615 2180 1831 2223 rationem

197 2256 498 2301 concionandi
520 2256 718 2312 publice,
744 2270 834 2312 qua
857 2270 946 2298 non
967 2255 1114 2298 solum
1137 2257 1328 2300 docetur
1350 2258 1547 2313 populus
1569 2259 1708 2301 verba
1726 2258 1826 2305 Dei,

196 2348 420 2390 quaenam
443 2333 687 2385 credenda,
707 2332 945 2388 speranda,
965 2339 1012 2376 et
1027 2333 1209 2388 agenda
1226 2333 1333 2385 sint,
1353 2348 1469 2388 quae
1495 2335 1728 2390 fugienda3
1749 2335 1829 2376 sed

195 2410 470 2454 adhibentur
491 2410 744 2453 animorum
767 2409 1008 2461 motiones,
1039 2416 1136 2452 tum
1168 2423 1337 2454 suaues
1367 2418 1413 2454 et
1434 2412 1490 2453 ad
1519 2411 1733 2453 virtutem
1766 2413 1833 2452 al-

194 2487 407 2539 lectiuae,
433 2494 528 2530 tum
551 2486 655 2530 illae
676 2485 830 2538 etiam,
855 2500 971 2541 quae
994 2501 1020 2529 a
1042 2485 1163 2529 vitiis
1184 2487 1435 2539 deterrent,
1461 2488 1750 2532 concitatius
1774 2490 1830 2530 Et

196 2571 365 2616 tamen,
389 2563 526 2608 etiam
558 2578 698 2619 quum
731 2563 1020 2606 solummodo
1046 2563 1266 2607 docemus
1290 2564 1335 2606 in
1366 2564 1607 2616 concione,
1634 2564 1695 2606 ita
1734 2578 1834 2607 esse

264 2677 273 2697 ¹
327 2677 385 2712 Ex
402 2676 656 2724 autographo,
681 2675 722 2711 in
734 2675 871 2711 codice
885 2674 1053 2711 Miscell.
1068 2676 1116 2711 de
1130 2676 1302 2718 constit„
1319 2677 1357 2712 in
1372 2676 1695 2723 quaternionibus
1708 2675 1841 2721 6.⁰-9.‘*

193 2734 296 2771 Vide
311 2734 415 2772 dicta
433 2735 483 2771 de
500 2736 573 2771 hoc
590 2734 742 2778 codice,
762 2745 894 2781 supra,
913 2745 1031 2781 pagg.
1050 2733 1112 2780 32,
1129 2733 1190 2776 33.
1209 2735 1353 2782 Incipit
1378 2737 1449 2770 hoc
1473 2741 1764 2770 monumentum
1786 2746 1833 2769 ex

192 2793 463 2831 adhortatione
483 2794 535 2830 ad
561 2794 667 2830 vitae
692 2793 975 2841 perfectionem
1000 2795 1316 2839 consectandam‚
1338 2796 1559 2841 uberesque
1590 2795 1628 2829 in
1659 2795 1835 2829 Ecclesia

191 2853 343 2890 fructus
360 2853 646 2901 producendos⁸
667 2853 894 2900 Sequuntur
912 2853 961 2888 ad
973 2853 1121 2888 calcem
1139 2853 1190 2888 6.i
1207 2854 1489 2901 quaternionis,
1509 2865 1608 2900 quae
1627 2853 1701 2893 hic.
1726 2860 1840 2899 utpo-

194 2918 236 2949 te
252 2912 302 2957 ad
318 2913 522 2949 historiam
541 2913 667 2958 utilia,
682 2913 929 2948 exhibemus.

264 3053 283 3071 ⁸
330 3054 403 3079 suo
421 3055 494 3079 ms.
545 3045 613 3071 -b
633 3043 773 3079 uberia
792 3055 864 3081 ms.
915 3053 980 3070 -c
1000 3042 1074 3077 Hic
1101 3043 1177 3078 inc.
1203 3043 1407 3089 quaternio
1431 3051 1512 3086 ’pus
