2098 3470
818 247 1249 286 Iusraucrionsss-ffl
1735 247 1804 294 569

306 352 551 409 Quomodo
573 351 709 396 etiam
731 365 781 395 se
802 349 1046 395 habuerint
1073 349 1120 393 in
1148 348 1470 393 obseruatione
1499 350 1779 406 regularum,
1805 358 1851 395 et

210 429 411 473 ‘maxime
430 428 776 486 praecipuarum
798 426 919 485 (licet
939 425 1107 482 alioqui
1128 439 1286 469 omnes
1313 425 1557 482 praecipue
1594 427 1850 471 censendae

209 505 340 563 sint),
363 512 413 548 vt
434 521 479 549 v.
505 520 554 562 g.
577 520 670 549 non
701 503 879 561 ingredi
899 503 948 546 in
969 502 1231 546 cubiculum
1264 501 1467 555 alterius,
1502 502 1614 545 nihil
1642 503 1848 560 accipere

215 595 301 626 nec
325 581 460 626 etiam
489 581 724 625 minimum
752 581 864 624 citra
891 580 1172 632 facultatem,
1207 594 1302 622 non
1334 586 1526 636 tangere
1561 579 1715 632 alium,
1756 595 1848 622 non

209 659 420 703 amittere
443 666 638 716 tempus,
663 672 756 702 non
776 657 974 702 scribere
994 657 1068 701 vel
1096 656 1297 713 recipere
1324 655 1478 700 literas
1505 657 1677 712 absque
1706 658 1848 700 facul-

210 743 325 789 tate,
341 736 527 779 'etiamsi
547 750 682 780 casus
717 750 809 780 non
844 741 965 778 esset
990 740 1268 786 reseruatuS‚
1298 733 1338 776 si
1368 748 1460 790 qua
1487 734 1775 778 conuersatio
1806 735 1849 778 ei

209 813 286 856 *vel
307 813 429 856 domi
450 813 522 856 vel
544 812 652 856 foris
673 811 896 864 nocuerit,
921 818 967 854 et
987 810 1253 855 nominatim
1275 811 1333 855 de
1354 810 1677 854 obseruatione
1706 826 1846 868 regu-

213 890 374 943 larum,
398 905 515 946 quae
541 891 599 934 ad
620 889 900 946 spiritualem
922 889 1120 932 fructum
1142 887 1401 932 immediate
1423 888 1634 940 attinent,
1659 897 1708 930 vt
1735 903 1845 931 num

207 967 445 1012 omiserint
466 967 734 1019 orationem,
765 981 973 1020 examen,
997 970 1084 1013 543
1112 965 1315 1020 missam,
1339 965 1563 1018 confiteri,
1594 966 1846 1008 communi-

208 1057 332 1097 care,
355 1043 514 1088 audire
534 1043 794 1095 concioneS,
819 1042 1157 1088 exhortationes
1184 1041 1458 1098 spiritualeS‚
1482 1049 1528 1087 et
1555 1042 1613 1087 de
1634 1042 1846 1085 omnibus

207 1120 392 1165 casibus
422 1119 680 1173 reseruatis3
716 1128 760 1164 et
782 1120 820 1163 si
842 1119 1037 1164 dixerint
1063 1118 1302 1164 veritatem
1325 1119 1508 1175 quando
1531 1120 1718 1164 fuerunt
1739 1135 1843 1164 exa-

212 1197 384 1242 minati.
1510 1197 1513 1199 ’

299 1274 505 1331 Quilibet
526 1275 584 1319 de
605 1273 755 1318 officio
777 1288 878 1327 suo,
902 1289 993 1331 quo
1015 1275 1149 1318 modo
1176 1274 1223 1317 id
1253 1273 1434 1327 obierit,
1468 1273 1515 1316 in
1543 1275 1681 1319 rebus
1704 1275 1844 1331 parti-

208 1351 457 1404 cularibuS,
488 1366 606 1407 quae
633 1350 782 1394 cuiuis
812 1352 929 1396 male
955 1342 1247 1409 contigerint:
1278 1351 1584 1408 Interrogabit
1611 1358 1845 1408 praeterea

208 1428 535 1481 confessarius,
558 1425 605 1471 'si
641 1429 751 1484 quid
787 1427 873 1471 sibi
910 1435 1143 1485 praeterea
1178 1435 1411 1481 occurrat,
1446 1435 1492 1471 et
1529 1429 1586 1472 de
1622 1429 1693 1482 iis,
1725 1444 1842 1485 quae

203 1505 470 1550 coniectura
506 1505 670 1562 poterit
712 1504 915 1561 assequi,
956 1505 1034 1562 qui
1070 1504 1292 1549 rationem
1335 1505 1502 1566 accipit
1537 1506 1842 1551 conscientiae

206 1581 453 1639 contigisse
489 1582 574 1635 illi,
615 1597 750 1638 quem
786 1581 934 1635 audit,
969 1582 1097 1626 iuxta
1134 1583 1257 1640 quod
1293 1582 1437 1639 ipsam
1474 1582 1605 1626 nouit
1641 1584 1843 1640 particu-

207 1657 377 1704 lariter.
1196 1697 1214 1712 ,

293 1737 363 1779 Ex
382 1735 470 1790 his,
494 1750 612 1791 quae
638 1735 835 1779 diximus
859 1738 1095 1790 hactenus,
1119 1744 1227 1783 sunt
1248 1738 1406 1790 multa,
1433 1752 1549 1793 quae
1571 1738 1628 1781 ad
1657 1738 1842 1782 confes-

201 1811 378 1858 sionem
405 1812 601 1858 attinent
631 1813 1026 1867 sacramentalem3
1067 1814 1147 1860 sed
1182 1822 1423 1871 propterea
1458 1829 1539 1871 pro
1571 1814 1839 1871 acceptione

203 1888 399 1934 noticiae
420 1889 726 1933 conscientiae
748 1889 925 1933 illorum
954 1891 1290 1944 admonuimus,
1314 1899 1364 1934 vt
1391 1891 1482 1936 sint
1510 1899 1667 1948 parata
1698 1892 1840 1948 siquis

205 1972 380 2009 tanturn
403 1966 623 2010 rationem
646 1966 838 2023 accipiat
861 1967 1184 2021 conscientiae,
1209 1983 1301 2012 non
1329 1968 1463 2013 etiarn
1486 1968 1641 2012 audiat
1663 1969 1840 2012 confes-

199 2041 391 2096 sionem,
417 2044 613 2096 tametsi,
637 2051 686 2086 vt
708 2043 755 2086 in
777 2059 887 2088 vera
909 2044 1198 2088 confessione
1220 2044 1432 2089 audiatur
1455 2046 1568 2089 ratio
1596 2046 1837 2089 conscien-

203 2117 307 2172 tiae,
327 2134 506 2177 semper
520 2120 806 2177 particularis
823 2121 1048 2166 confessio
1065 2137 1092 2165 a
1107 2127 1198 2170 544
1215 2122 1419 2178 proxima
1441 2130 1511 2167 est
1527 2123 1832 2179 adiungenda.

201 2196 295 2239 Iam
315 2197 435 2241 enim
457 2212 567 2240 vsus
589 2205 659 2242 est
679 2197 920 2242 Societatis
947 2206 996 2241 vt
1019 2199 1193 2255 apertio
1215 2199 1521 2244 conscientiae
1550 2201 1630 2243 fiat
1657 2200 1703 2242 in
1727 2215 1835 2243 con-

202 2273 399 2318 fessione
428 2275 759 2327 sacramentali,
794 2275 970 2320 etiamsi
1000 2291 1070 2329 ea,
1102 2291 1219 2333 quae
1245 2285 1433 2334 peccata
1461 2292 1552 2320 non
1582 2285 1704 2329 sunt,
1730 2292 1836 2333 pos—

199 2349 294 2393 sint
313 2358 442 2394 extra
462 2351 793 2396 confessionem
814 2352 904 2396 dici
926 2360 972 2396 et
994 2368 1323 2410 nonnunquam
1345 2355 1557 2398 debeant.

203 2492 206 2494 -
289 2427 396 2471 Alia
417 2442 538 2485 pars,
562 2428 620 2472 de
641 2443 732 2484 qua
760 2429 904 2486 accipi
932 2430 1069 2474 debet
1097 2430 1212 2474 ratio
1240 2431 1563 2484 conscientiae,
1594 2439 1662 2476 est
1691 2432 1835 2475 deuo-

199 2503 392 2557 tionum,
417 2512 654 2561 gustuum,
680 2513 726 2550 et
748 2507 971 2550 bonorum
989 2522 1286 2552 successuum
1304 2508 1351 2551 in
1370 2510 1507 2553 rebus
1525 2508 1834 2565 spiritualibus

195 2586 245 2624 et
265 2581 442 2625 fructus
462 2581 657 2627 animae.
682 2584 751 2627 De
773 2583 846 2627 his
867 2584 1011 2640 igitur
1032 2594 1100 2629 est
1130 2585 1519 2642 interrogandum,
1546 2583 1833 2641 peculiariter

198 2671 308 2701 vero
327 2658 385 2702 de
407 2660 542 2702 modo
564 2667 611 2703 et
634 2674 717 2703 vsu
739 2661 975 2715 orationiS,
1000 2669 1139 2718 atque
1160 2663 1218 2706 de
1239 2662 1338 2707 eius
1362 2664 1529 2714 fructu,
1557 2662 1627 2706 vel
1647 2661 1831 2704 ordina-

199 2732 282 2788 rio,
307 2735 380 2777 vel
401 2735 777 2783 extraordinario.

841 2865 904 2897 DE
938 2865 1186 2896 ORATIONE

285 2965 377 3022 Qui
416 2968 620 3012 secundo
654 2970 790 3025 pulsu
822 2979 1021 3027 surgunt
1059 2972 1117 3014 ob
1156 2971 1491 3022 necessitatem,
1533 2984 1623 3013 non
1661 2970 1829 3012 debent
1869 3013 1871 3015 ,

195 3041 408 3088 omittere
430 3051 608 3102 tempus
629 3060 740 3089 suae
758 3047 994 3091 orationiS.
