2098 3470
602 225 878 262 Momm
900 231 1161 261 Pnovmcmn
1186 222 1500 269 Ans-rmss—49
1748 231 1814 269 291

325 328 376 371 In
397 325 694 371 instructione
709 325 1055 384 prouincialium
1078 325 1252 368 dietum
1273 332 1342 368 est
1358 325 1416 368 de
1432 325 1711 382 obligatione
1728 340 1866 383 regu-

228 404 404 456 larum.
1528 388 1533 393 Χ

169 466 173 471 ’
325 481 675 525 Admoneantur
709 480 982 532 sacerdotes,
1022 486 1089 533 ut,
1128 479 1336 522 absoluto
1373 493 1520 532 sacro,
1546 480 1779 535 paululum
1816 495 1867 524 se

226 557 456 614 -colligant
478 559 536 602 ad
556 557 806 602 orationem
827 564 872 601 et
888 556 1137 614 gratiarum
1154 556 1394 609 actionem,
1415 557 1798 612 quemadmodum
1815 557 1867 599 fit

238 634 288 679 in
305 642 401 678 tota
422 635 669 680 Societate.

328 711 379 757 Si
400 711 502 767 quis
524 711 800 756 circunferat
834 711 1058 763 cultellos,
1082 711 1348 754 auferantur
1369 712 1426 753 ab
1447 725 1518 763 eo;
1550 711 1673 766 quod
1700 710 1739 753 si
1761 718 1868 767 eget

240 803 323 846 pro
343 803 428 832 suo
447 787 601 832 officio
622 789 785 841 cultro,
809 787 936 831 illum
957 788 1094 832 debet
1115 788 1286 832 habere
1316 787 1392 830 ubi
1413 787 1499 831 erit
1521 787 1745 831 officium.

329 867 496 922 Quoad
521 865 619 910 eius
646 865 745 908 fieri
771 865 952 922 poterit,
997 864 1167 926 singuli
1194 867 1393 910 habeant
1421 879 1556 908 suum
1585 865 1866 918 cubiculum;

228 944 363 999 quod
384 942 423 986 si
444 943 543 986 fieri
564 957 654 986 non
675 942 858 1000 poterit,
889 942 1111 986 habeatur
1134 957 1330 999 magnus
1357 943 1562 986 delectus
1590 957 1765 995 eorum,
1791 942 1866 998 qui

230 1019 376 1063 simul
391 1020 616 1072 habitant,
641 1027 687 1062 et
708 1019 958 1062 intercedat
979 1025 1129 1063 storea
1149 1019 1268 1062 inter
1288 1020 1448 1071 lectos,
1472 1034 1530 1063 ne
1553 1018 1726 1075 possint
1753 1019 1870 1062 iuui-

229 1110 341 1140 cem
362 1111 412 1141 se
433 1095 702 1153 conspicere
721 1110 779 1140 ex
798 1096 944 1148 lectis,
969 1097 1044 1139 uel
1065 1097 1248 1151 quando
1269 1104 1379 1140 eunt
1400 1096 1624 1139 cubitum.

327 1173 641 1230 Expediantur
667 1187 826 1217 omnes
851 1172 1048 1216 rationes
1075 1172 1192 1216 inter
1220 1172 1413 1230 collegia
1441 1173 1577 1216 huius
1607 1172 1872 1229 prouinciae

226 1257 286 1294 ·et
307 1238 495 1294 aliarum
512 1249 801 1295 Germaniae.

328 1313 497 1372 Pulsus
532 1328 591 1370 ad
627 1328 764 1372 finem
800 1319 1063 1384 quadrantis
1099 1335 1205 1372 ante
1242 1327 1483 1384 prandium
1512 1335 1558 1372 et
1595 1342 1784 1372 coenam
1815 1327 1872 1370 sit

169 1399 175 1404 ’
231 1424 234 1425 ⁷
238 1405 398 1463 pulsus
419 1405 476 1447 ad
497 1387 804 1461 prandium¹et
818 1405 1022 1457 coenam,
1042 1419 1126 1449 nec
1143 1405 1394 1448 intercedat
1411 1412 1590 1461 tempus
1606 1405 1726 1448 inter
1743 1404 1868 1447 illum

229 1482 421 1539 *pulsum
443 1488 490 1526 et
516 1481 786 1537 principium
815 1481 1007 1538 prandii,
1038 1483 1112 1526 uel
1145 1496 1305 1534 coene,
1337 1482 1719 1537 quemadmodum
1748 1495 1871 1524 nunc

234 1559 306 1612 fit;
330 1565 376 1604 et
397 1573 453 1603 eo
474 1557 738 1614 diligentius
759 1566 961 1610 curetur,
986 1565 1037 1602 ut
1058 1573 1113 1602 eo
1135 1566 1338 1618 tempore
1358 1559 1416 1602 ad
1438 1558 1564 1602 illum
1583 1559 1764 1615 pulsum
1782 1558 1873 1601 sint

239 1635 391 1680 omnia
413 1642 569 1692 parata
590 1634 638 1677 in
660 1622 813 1678 culina
834 1642 880 1678 et
902 1635 948 1678 in
977 1635 1232 1689 refectori03
1262 1643 1310 1680 et
1332 1635 1470 1679 huius
1502 1636 1567 1679 rei
1589 1637 1868 1681 admonean-

235 1719 315 1756 tur
333 1712 484 1769 coqui,
509 1719 556 1755 et
577 1712 880 1765 credentiarii,
905 1719 951 1757 et
977 1713 1278 1770 dispensator,
1309 1713 1388 1769 qui
1416 1713 1503 1757 alio
1532 1721 1736 1770 tempore
1762 1728 1870 1756 exa·
1934 1723 1940 1727 ·

239 1804 345 1834 men
367 1789 442 1833 uel
461 1789 713 1833 orationem
735 1803 864 1832 suam
887 1797 1103 1846 poterunt
1122 1789 1327 1846 implere.

327 1865 531 1918 Etiamsi,
556 1866 683 1909 iuxta
705 1866 964 1910 facultatem
986 1866 1094 1909 anni
1121 1867 1249 1922 1564,
1268 1867 1392 1910 nulla
1413 1867 1471 1910 sit
1493 1867 1623 1910 nobis
1648 1866 1872 1912 restrictio

226 1933 444 2000 apposita
465 1957 492 1986 a
512 1957 691 1986 summo
711 1941 941 1999 pontifice,
965 1943 1077 1999 quin
1098 1943 1323 2000 possimus
1345 1945 1586 1989 absoluere
1611 1944 1658 1988 in
1683 1945 1780 1987 soro
1803 1944 1871 1987 in-

231 2019 393 2065 teriori
413 2019 682 2072 haereticos,
707 2027 858 2063 tamen
886 2034 990 2063 cum
1012 2019 1071 2063 sit
1099 2021 1406 2065 necessarium
1436 2036 1493 2065 ex
1521 2021 1619 2066 iure
1641 2022 1870 2065 communi

238 2096 494 2142 haereticos
515 2082 725 2140 abiurare'
743 2098 971 2149 haereses,
995 2104 1237 2153 antequam
1260 2099 1572 2151 absoluantur,
1598 2098 1795 2154 primum
1813 2099 1870 2140 ab

227 2173 620 2219 <excommunione
642 2180 688 2216 et
708 2172 873 2218 deinde
894 2189 920 2217 a
937 2174 1151 2230 peccatis,
1170 2175 1398 2218 curabunt
1419 2175 1580 2227 nostri,
1602 2183 1652 2217 ut
1669 2190 1723 2219 ea
1740 2174 1868 2218 abiu-

238 2250 356 2307 ratio
383 2251 462 2295 fiat
490 2251 564 2294 uel
594 2251 774 2307 publice
801 2251 876 2295 uel
904 2251 1134 2308 priuatim;
1164 2253 1288 2308 quod
1316 2251 1354 2295 si
1389 2253 1514 2295 nulla
1542 2252 1715 2296 'ratione
1744 2260 1870 2296 extra

239 2328 388 2371 forum
404 2327 703 2371 confessionis
720 2328 979 2384 persuaderi
996 2337 1198 2384 possent,
1218 2329 1370 2385 potins
1387 2343 1523 2384 quam
1541 2330 1744 2373 discedat
1762 2343 1869 2372 con-

239 2405 376 2450 fitens
397 2406 570 2461 absque
597 2405 898 2459 absolutione,
928 2413 974 2448 et
1003 2406 1194 2451 fortasse
1215 2415 1388 2462 pereat,
1429 2407 1547 2449 facta
1587 2406 1868 2448 abiuratione

229 2480 288 2525 in
305 2482 614 2535 confessione,
641 2490 859 2538 poterunt
880 2484 1073 2537 absolui,
1098 2471 1359 2540 praesertim
1377 2484 1415 2526 si
1438 2498 1527 2533 non
1546 2484 1602 2526 sit
1622 2485 1694 2525 uel
1711 2485 1868 2527 haere-

239 2557 383 2603 siarca
404 2560 479 2604 uel
500 2559 705 2604 notorius
725 2560 997 2604 haereticus.

328 2636 391 2679 Vt
412 2634 536 2680 litem
561 2636 735 2692 possint
762 2636 999 2682 intendere
1026 2637 1167 2681 nostri
1195 2652 1278 2694 pro
1305 2638 1436 2680 bonis
1466 2636 1670 2693 magistri
1703 2635 1865 2679 Adami

229 2717 287 2755 -et
313 2711 583 2764 Alexandri,
616 2714 855 2758 consulant
876 2716 1064 2776 ‘Patrem
1092 2721 1298 2757 nostrum
1328 2714 1603 2770 generalem,
1636 2713 1763 2755 iuxta
1790 2713 1868 2756 de-

230 2795 414 2832 cretum
434 2786 523 2847 [55]
548 2789 919 2846 congregationis
941 2790 1126 2834 ultimae
1148 2789 1227 2848 [sc.
1250 2790 1547 2849 secundaeJ...

256 2852 259 2854 ⁴
330 2867 386 2910 P.
410 2865 604 2910 Scherer
633 2881 724 2909 non
761 2866 975 2910 conuenit
996 2881 1096 2910 esse
1133 2866 1385 2910 auditorem
1416 2865 1671 2922 theologiae
1694 2865 1738 2907 in
1762 2866 1863 2907 vni—

235 2940 471 2986 uersitate.
498 2938 800 2986 Com'mitetur
821 2951 973 2987 autem
995 2943 1279 3000 prouinciali,
1304 2959 1362 2986 an
1380 2944 1541 2986 debeat
1564 2943 1659 2998 ipse
1683 2940 1857 2998 promo>

167 3066 170 3068 v
235 3017 400 3062 -ueriin
421 3019 784 3069 baccalaureum.
