2098 3470
347 299 410 334 118
813 300 968 335 PA‘rms
993 300 1236 336 HIERONYffl
1263 300 1412 336 NADAL

294 407 523 444 mamente
546 400 711 444 mande>
735 400 1058 456 prohibitione,
1086 415 1177 444 non
1201 408 1379 444 ostante
1407 402 1495 446 che
1532 416 1614 445 sua
1645 402 1925 446 beatitudine
1982 421 1986 429 »

293 477 447 520 auanti
469 477 499 519 li
524 477 683 521 hauesi
706 477 822 521 assai
846 477 1102 534 significata
1125 493 1207 521 sua
1232 469 1434 531 uolonta,
1459 479 1594 533 quale
1622 492 1699 522 era
1727 481 1811 523 che
1833 494 1924 522 non

292 554 538 597 andassino
556 554 601 596 in
627 555 828 610 Spagna.

382 631 552 684 Tertio,
578 631 679 674 dico
703 632 790 674 che
814 632 966 675 fecero
989 634 1048 688 (et
1070 633 1206 688 dopoi
1228 634 1312 675 che
1339 632 1385 674 in
1407 632 1767 688 congregatione
1787 633 1825 676 si
1847 647 1925 677 era

293 707 593 752 determinato
616 709 701 752 che
723 707 878 752 niente
900 708 937 751 si
960 716 1160 753 mutasse
1182 709 1255 752 dal
1278 710 1413 751 modo
1437 710 1510 753 nel
1538 710 1671 764 quale
1698 710 1790 766 era)
1818 724 1922 766 pra-

294 785 383 828 tica
415 786 532 828 della
562 784 864 841 intelligentia
892 793 937 829 et
965 785 1160 830 autorita
1197 786 1270 829 del
1309 785 1476 829 uicario
1498 794 1531 838 ³,
1573 787 1690 831 nelle
1727 800 1920 841 camere,

294 861 524 906 uolendoli
548 863 655 905 dare
678 861 872 905 autorita
896 861 941 904 di
963 863 1193 919 preposito
1216 863 1445 919 generale,
1477 870 1522 905 et
1551 877 1717 906 ancora
1744 863 1782 907 si
1804 865 1923 907 sfor-

292 953 434 982 zorno
456 939 706 994 persuader
727 952 813 981 con
845 954 935 982 una
961 939 1124 982 dilema
1155 955 1181 982 a
1209 947 1407 995 quattr0‚
1445 939 1569 982 accio
1600 939 1781 984 dessino
1814 949 1923 984 uoto

291 1029 371 1071 per
408 1016 565 1058 andar'
604 1014 650 1058 in
687 1016 874 1071 Spagna
917 1030 942 1058 a
981 1016 1064 1057 far’
1103 1016 1132 1058 il
1171 1016 1389 1072 capitolo,
1431 1030 1560 1058 como
1603 1016 1635 1058 i‘l
1677 1017 1924 1060 medesimo

293 1094 392 1136 ΜΡ
431 1093 610 1147 Laynes
647 1080 985 1148 pnblicamente
1023 1093 1247 1136 confesso.
1289 1094 1324 1136 Il
1362 1094 1466 1148 qual
1498 1093 1731 1146 dilemma,
1772 1094 1810 1137 si
1846 1109 1923 1138 era

291 1170 460 1221 buono,
487 1169 525 1211 si
547 1169 728 1212 doueua
750 1183 1003 1225 proponere
1026 1169 1071 1212 in
1095 1169 1470 1226 congregatione.
1500 1172 1637 1213 Basta
1663 1173 1748 1214 che
1773 1171 1924 1214 uerbis
1953 1166 1956 1169 ’

291 1254 337 1290 et
360 1246 491 1289 factis
513 1253 838 1289 mostrauanno
861 1247 948 1289 che
971 1253 1092 1289 tutto
1115 1245 1146 1288 il
1167 1247 1262 1289 loro
1285 1246 1463 1290 intento
1493 1262 1568 1290 era
1600 1247 1645 1289 di
1677 1249 1845 1292 andare
1876 1249 1922 1292 in

287 1324 489 1380 Spagna3
515 1331 560 1366 et
584 1331 710 1367 tanta
731 1338 806 1367 era
828 1324 871 1366 la
893 1324 989 1367 loro
1011 1323 1239 1379 passione,
1264 1325 1348 1366 che
1377 1324 1451 1366 alli
1483 1324 1810 1368 contradicenti
1831 1339 1923 1368 non

288 1402 440 1443 hanno
469 1400 559 1443 mai
587 1407 806 1443 mostrato
835 1408 997 1456 troppo
1033 1401 1154 1443 bono
1192 1400 1304 1443 uiso.
1343 1400 1503 1444 Lascio
1537 1402 1674 1444 molte
1710 1415 1830 1454 cose,
1866 1403 1923 1446 de

288 1477 456 1533 quibus
479 1492 570 1520 non
594 1477 699 1521 licet
721 1477 861 1532 loqui.

377 1540 570 1610 Quarto,
596 1554 698 1596 dico
721 1556 804 1597 che
827 1569 1004 1610 sempre
1033 1555 1361 1597 affirmauanno
1390 1557 1473 1597 che
1504 1562 1623 1597 tutto
1650 1556 1692 1598 el
1715 1570 1921 1612 gouerno

286 1638 333 1674 et
355 1632 398 1674 la
420 1630 635 1674 elettione
657 1647 716 1676 ne
736 1632 915 1675 doueua
939 1646 1061 1675 esser
1083 1630 1212 1674 iuxta
1233 1631 1599 1684 constitutiones,
1625 1640 1670 1674 et
1687 1633 1773 1676 che
1790 1647 1920 1676 eran-

286 1722 346 1751 no
378 1707 471 1751 asai
506 1707 752 1764 publicate,
783 1715 829 1751 et
859 1710 1133 1752 haueuanno
1171 1707 1263 1750 asai
1301 1708 1495 1751 autorita
1524 1708 1796 1763 sufficiente,
1831 1723 1921 1752 non

285 1786 497 1829 obstante
525 1786 613 1830 che
635 1799 726 1828 non
759 1800 904 1828 sonno
926 1789 1044 1829 state
1066 1785 1235 1830 reuiste
1256 1786 1314 1828 da
1337 1792 1452 1828 tutta
1474 1786 1516 1828 la
1534 1785 1834 1842 Compagnia‚
1859 1786 1916 1829 ne

286 1863 506 1918 aprobate
534 1863 652 1906 dalla
673 1862 782 1906 sede
822 1861 1092 1917 apostolica,
1133 1861 1234 1904 anzi
1266 1876 1357 1904 non
1394 1861 1431 1904 si
1469 1876 1518 1904 sa
1556 1861 1642 1905 nisi
1680 1876 1736 1905 ex
1773 1863 1918 1907 relatu

289 1953 445 1982 eorum
470 1954 520 1984 se
542 1940 689 1982 sonno'
710 1939 859 1994 quelle
882 1940 967 1982 che
988 1939 1031 1981 la
1059 1939 1180 1981 bona
1207 1938 1422 1982 memoria
1450 1939 1523 1982 del
1551 1945 1708 1982 nostro
1730 1939 1879 1984 Padre
1900 1938 1918 1964 b

291 2017 469 2074 Ignatio
493 2017 606 2070 fece,
633 2030 659 2059 ο
682 2030 790 2069 n0n;
816 2023 860 2060 et
888 2015 933 2057 in
970 2022 1134 2072 questo
1163 2022 1347 2068 stetero,
1379 2015 1477 2059 sine
1499 2030 1524 2058 a
1552 2022 1679 2059 tanto
1710 2016 1798 2060 che
1835 2016 1918 2059 do-

291 2095 458 2138 mando
481 2095 527 2138 S.
556 2094 649 2138 SA&
678 2094 721 2136 le
743 2092 1034 2146 institutioni3
1060 2100 1104 2136 et
1127 2092 1184 2135 al'
1209 2094 1319 2135 hora
1341 2106 1425 2135 con
1449 2107 1539 2135 una
1561 2092 1722 2135 cedula
1743 2093 1919 2135 confes—
1952 2081 1956 2084 i

286 2186 425 2215 sorno
464 2172 551 2215 che
589 2183 758 2214 eranno
797 2183 963 2211 ancora
999 2168 1243 2224 inperfete‚
1284 2176 1330 2212 et
1367 2183 1457 2211 non
1499 2182 1665 2212 ancora
1706 2168 1752 2211 in
1790 2168 1921 2224 piena

286 2250 583 2299 obseruanza,
610 2261 690 2302 per
712 2261 803 2289 non
833 2259 956 2290 esser
986 2245 1195 2290 riuedute
1217 2252 1233 2270 0
1261 2245 1378 2288 dalla
1402 2245 1685 2301 Compagnia
1708 2247 1765 2288 ne
1787 2260 1920 2302 apro-

287 2327 391 2368 bate
412 2325 470 2368 da
493 2325 540 2368 S.
568 2324 680 2367 Ssta.

377 2400 571 2458 Quinto,
597 2399 699 2442 dico
722 2400 809 2441 che
832 2414 923 2441 non
948 2400 1102 2441 hanno
1127 2390 1241 2441 fatto
1265 2396 1399 2441 conto
1420 2398 1523 2442 deli
1541 2393 1672 2454 piimi
1693 2399 1921 2442 fondatori

288 2481 345 2523 de
367 2480 410 2522 la
436 2475 736 2533 Compagnia,
763 2476 820 2518 ne
844 2477 998 2527 fanno,
1025 2476 1190 2531 perche
1214 2475 1287 2517 fan
1311 2482 1427 2518 tutte
1449 2475 1492 2519 le
1514 2489 1619 2519 cose
1636 2474 1681 2517 di
1702 2475 1770 2518 lor
1788 2489 1918 2532 capo,

288 2571 426 2599 senza
448 2553 683 2609 conseglio
706 2551 725 2577 d
747 2553 842 2594 loro
865 2552 920 2594 ne
945 2559 1123 2607 saputa,
1148 2551 1178 2593 il
1201 2553 1286 2595 che
1308 2566 1398 2594 non
1422 2566 1501 2610 par
1523 2551 1560 2594 si
1582 2552 1784 2596 dourebe
1808 2553 1918 2605 fare,

287 2643 332 2677 et
355 2639 484 2675 tanto
505 2630 583 2687 pisi
605 2635 777 2685 quanto
801 2630 886 2671 che
908 2629 950 2672 le
972 2627 1284 2670 constitutioni
1301 2643 1391 2671 non
1410 2630 1500 2671 han
1519 2628 1694 2685 uigore,
1719 2643 1800 2685 per
1822 2643 1922 2673 eser

287 2711 545 2766 imperfette
583 2714 628 2752 et
665 2721 759 2749 non
787 2706 1050 2761 approbate,
1076 2719 1206 2749 come
1243 2706 1267 2748 e
1304 2705 1430 2749 detto
1453 2713 1484 2758 ’ἢ
1525 2720 1550 2748 e
1587 2706 1728 2762 perho
1764 2712 1922 2749 nostro

289 2789 469 2842 Laynes
492 2800 583 2828 non
605 2786 664 2828 ha
686 2783 763 2839 pin
786 2781 1002 2825 auttorita
1024 2783 1109 2825 che
1131 2782 1392 2838 qualunque
1414 2783 1530 2825 altro
1547 2782 1653 2826 delli
1669 2781 1801 2838 primi
1819 2783 1919 2826 fon—

287 2863 450 2916 datori,
477 2877 568 2905 non
592 2862 804 2904 obstante
827 2860 915 2902 che
937 2873 1018 2914 pro
1055 2859 1174 2901 bono
1205 2858 1329 2914 pacis
1352 2874 1401 2902 se
1428 2859 1458 2901 li
1486 2859 1604 2902 lassa
1633 2860 1700 2903 far
1722 2860 1750 2902 l’
1777 2859 1917 2902 offitio

286 2942 345 2984 de
368 2939 554 2983 uicario.

356 3057 374 3075 a
422 3045 524 3081 delle
542 3042 821 3080 constitutioni
838 3044 875 3076 et
893 3042 957 3076 del
982 3042 1138 3077 vicario
1156 3042 1225 3078 alt.
1251 3052 1389 3088 apogr,
1414 3050 1416 3052 ’
1451 3044 1516 3069 —b
1545 3044 1679 3077 nostro
1698 3042 1835 3078 Padre
1853 3054 1920 3078 no-

286 3109 369 3141 stro
388 3116 459 3141 ms.
511 3112 575 3130 —c
602 3114 686 3138 eser
705 3101 884 3137 riveduti
909 3112 979 3141 ms.
1034 3121 1066 3127 -—
1081 3102 1098 3127 d
1125 3099 1322 3148 conteglio
1338 3112 1409 3136 ms.
1463 3111 1524 3128 -e
1551 3112 1656 3136 come
1674 3101 1780 3137 detto
1798 3112 1870 3136 ms.
