2098 3470
768 245 1195 283 INSTRUC'nomzs—61
1685 255 1755 292 525

167 347 485 392 confitentium
511 348 734 400 defectus,
760 356 809 391 vt
845 363 900 392 eo
938 347 1115 391 facilius
1150 347 1250 390 illos
1286 361 1366 403 per
1390 347 1572 403 regulas
1609 347 1804 391 interro·

169 439 280 484 gare
301 424 476 482 possint
495 431 543 468 et
559 424 743 474 iuuare.

257 501 307 548 Si
323 501 426 558 quis
446 501 492 544 in
513 501 798 545 confessione
820 500 1082 558 praeteriret
1107 499 1293 556 aliquid,
1318 500 1441 555 quod
1462 513 1699 544 necessum
1723 517 1794 545 es-

169 586 239 623 set
259 577 482 630 confiteri,
507 584 553 622 et
573 577 620 619 id
641 578 776 621 sciret
798 576 1117 630 confessarius,
1141 577 1278 621 debet
1299 575 1484 619 omnino
1505 577 1801 621 confitentem

171 657 434 706 admonere,
458 654 497 698 si
518 654 629 698 illud
650 663 778 698 extra
800 653 1130 699 confessionem
1153 653 1282 707 sciat;
1302 653 1340 697 si
1361 667 1472 697 vero
1488 653 1600 697 sciat
1624 653 1669 696 in
1693 668 1801 697 con-

171 731 382 784 fessione,
402 746 537 788 quam
560 747 618 776 ex
638 731 859 788 complice
879 731 999 774 illius
1014 730 1224 782 audierit,
1249 738 1429 787 praeter
1449 744 1519 782 ea,
1540 745 1658 786 quae
1675 745 1802 774 com-

171 808 371 853 muniter
386 808 551 852 adduci
572 817 779 864 possunt,
803 809 931 852 saluo
952 807 1118 865 sigillo,
1143 807 1309 863 poterit
1330 807 1467 850 etiam
1485 807 1561 850 illa
1579 807 1804 850 industria

169 885 253 938 vti,
275 892 328 928 vt
347 885 531 941 quando
540 885 668 928 audit
685 884 1017 930 confessionem
1034 884 1282 941 complicis,
1303 883 1495 940 accipiat
1511 885 1568 927 ab
1586 898 1642 927 eo
1658 884 1802 928 licen-

173 962 298 1015 tiam,
321 971 371 1006 vt
391 961 467 1005 illa
487 962 659 1006 noticia
686 963 831 1018 possit
858 963 906 1005 in
927 962 1212 1006 confessione
1232 966 1316 1008 439
1348 961 1534 1005 alterius
1555 961 1637 1013 vti,
1663 962 1700 1004 si
1725 976 1805 1005 ne-

173 1053 303 1084 cesse
323 1039 398 1092 sit;
422 1039 575 1095 itaque
595 1039 634 1083 si
656 1047 814 1095 postea
833 1039 946 1082 illud
965 1046 1203 1096 peccatum
1227 1039 1342 1083 alius
1360 1046 1530 1082 taceret
1555 1038 1603 1082 in
1621 1039 1805 1082 confes·

173 1116 316 1169 sione,
340 1116 507 1172 poterit
526 1116 654 1159 illum
677 1116 723 1159 in
745 1118 902 1161 eadem
925 1116 1214 1160 confessione
1235 1117 1496 1170 admonere;
1522 1117 1644 1171 quod
1667 1116 1703 1158 si
1724 1129 1806 1158 no—

174 1193 239 1237 let
261 1193 475 1238 confiteri
495 1193 597 1247 rite,
620 1208 715 1236 non
738 1193 905 1250 poterit
926 1193 1050 1236 illum
1072 1194 1328 1238 absoluere.

262 1271 326 1314 Vt
347 1270 395 1313 in
418 1270 606 1314 aliarum
627 1270 847 1313 virtutum
869 1269 1086 1314 exercitio
1102 1270 1158 1312 ad
1176 1269 1502 1326 perfectionem
1520 1271 1807 1313 contenden-

173 1347 283 1389 dum
305 1346 438 1390 nobis
457 1354 527 1391 est
549 1361 655 1389 cum
678 1347 825 1402 gratia
847 1346 1048 1399 Domini,
1072 1345 1136 1389 ita
1156 1346 1203 1389 in
1226 1345 1377 1402 sigillo
1398 1345 1698 1390 confessionis
1722 1361 1799 1390 ne-

174 1438 354 1468 cessum
375 1423 423 1466 in
444 1423 601 1479 primis
622 1432 708 1476 est,
733 1432 782 1465 vt
805 1423 1004 1467 nitamur
1033 1425 1089 1466 ad
1116 1423 1415 1467 excellentem
1444 1423 1672 1478 quandam
1706 1438 1812 1480 per-

174 1499 437 1552 fectionem,
477 1514 561 1543 nec
598 1501 910 1555 quaerendum
946 1500 1080 1544 nobis
1115 1500 1163 1543 in
1199 1502 1284 1543 hac
1323 1515 1372 1544 re
1398 1501 1544 1543 solum
1573 1508 1666 1552 est,
1700 1499 1810 1555 quid

178 1578 353 1633 absque
381 1584 569 1633 peccato
598 1577 838 1633 possimus,
870 1578 950 1620 sed
971 1577 1082 1620 illud
1101 1576 1237 1620 etiam
1269 1577 1377 1632 quid
1401 1570 1669 1633 perfectius,
1702 1576 1810 1632 quid

177 1653 358 1707 melius,
382 1654 493 1709 quid
530 1654 707 1707 vtilius,
747 1654 856 1710 quid
892 1654 1105 1698 maiorem
1145 1655 1342 1698 fructum
1374 1663 1420 1698 et
1447 1654 1809 1698 aedificationem

179 1730 331 1774 faciat.
574 1775 577 1778 ,

263 1808 440 1851 Curent
461 1807 706 1863 diligenter
727 1808 1007 1861 confessarii,
1027 1815 1076 1851 vt
1096 1808 1144 1863 ii,
1163 1808 1330 1864 quibus
1351 1809 1637 1853 interdicitur
1660 1811 1805 1853 collo-

177 1884 335 1940 quium
371 1899 477 1928 cum
513 1884 740 1940 aliquibus
763 1899 843 1941 per
879 1886 1159 1938 schedulam,
1193 1900 1283 1942 qua
1310 1901 1467 1929 eorum
1492 1894 1669 1930 tantum
1692 1887 1811 1930 acci-

178 1961 305 2017 piant
326 1961 525 2013 nomina,
550 1976 654 2005 cum
678 1961 844 2016 quibus
872 1961 994 2017 loqui
1018 1970 1223 2018 possunt,
1255 1963 1366 2006 illud
1393 1963 1620 2006 silentium
1652 1965 1812 2007 obser-

179 2046 306 2082 uent:
330 2053 488 2082 verum
510 2038 656 2082 sciant
678 2039 941 2083 confessarii
965 2039 1051 2082 illis
1073 2055 1172 2084 esse
1192 2039 1383 2084 liberum
1402 2042 1597 2096 colloqui
1620 2056 1724 2084 cum
1743 2041 1811 2084 in—

180 2114 401 2168 terdictis,
426 2116 562 2158 modo
598 2116 748 2159 adsint
769 2116 860 2158 duo
897 2115 970 2158 alii
993 2131 1048 2160 ex
1085 2116 1155 2169 iis,
1180 2131 1298 2172 quos
1319 2127 1510 2173 possunt
1538 2118 1722 2172 alloqui;
1749 2118 1810 2161 si-

180 2192 272 2234 mul
295 2199 455 2235 curent
476 2199 527 2235 vt
547 2197 638 2239 440
659 2193 812 2235 nullus
835 2192 1111 2236 familiariter
1132 2202 1239 2249 agat
1261 2208 1366 2237 cum
1388 2194 1458 2246 iis,
1484 2210 1539 2238 ex
1553 2196 1719 2250 quibus
1738 2195 1802 2236 vi-

178 2269 289 2312 dent
310 2267 436 2310 illum
459 2283 551 2312 non
573 2268 719 2312 iuuari
742 2269 787 2311 in
811 2269 987 2324 spiritu,
1012 2270 1092 2312 sed
1120 2269 1270 2326 potius
1291 2271 1427 2316 laedi.
1459 2271 1571 2314 Item
1602 2287 1659 2316 ne
1682 2273 1738 2314 de
1758 2271 1813 2313 ii<

180 2345 317 2388 rebus
339 2352 495 2401 agant,
518 2359 635 2400 quae
656 2345 765 2401 ipsis
786 2354 994 2388 noceant.
1017 2347 1133 2390 Tum
1149 2346 1188 2389 si
1209 2348 1266 2390 de
1287 2348 1439 2404 aliquo
1461 2348 1710 2392 domestico
1733 2349 1811 2390 ali-

179 2435 315 2476 quem
337 2422 566 2466 defectum
589 2421 750 2473 sciant,
776 2437 910 2477 quem
941 2422 1054 2465 tanti
1091 2424 1306 2468 momenti
1334 2439 1434 2469 esse
1463 2434 1677 2468 censeant
1701 2440 1810 2467 con-

182 2498 354 2542 fessarii
372 2533 384 2551 ,
422 2506 473 2540 vt
499 2498 700 2543 iudicent
728 2498 852 2540 illum
881 2512 981 2542 esse
1007 2499 1238 2543 defectum
1265 2501 1561 2545 deferendum
1591 2503 1647 2543 ad
1676 2517 1813 2557 supe-

182 2574 361 2627 riorem,
380 2574 568 2619 iubeant
584 2575 764 2619 deferri.
788 2577 877 2618 Pro
895 2577 1053 2618 harum
1072 2591 1222 2621 rerum
1246 2579 1609 2634 transgressione
1627 2593 1812 2621 seueras

181 2651 481 2707 poenitentias
516 2651 749 2708 imponent
790 2652 1073 2705 confessarii,
1113 2661 1163 2697 vt
1203 2655 1553 2716 flagellationes,
1596 2654 1809 2707 cilicium,

181 2727 365 2780 ieiunia,
390 2728 585 2784 prolixas
606 2729 848 2782 orationes,
876 2730 947 2774 vel
967 2730 1128 2774 saltem
1145 2731 1309 2777 breues
1326 2733 1465 2787 longo
1492 2740 1708 2787 tempore,
1735 2732 1809 2774 vbi

183 2804 444 2860 praesertim
481 2805 732 2861 periculum
754 2821 811 2850 ex
842 2806 930 2849 illis
950 2808 1086 2851 rebus
1115 2807 1364 2860 timeretur;
1392 2810 1479 2860 vel,
1505 2809 1541 2850 si
1573 2808 1813 2863 aliquoties

181 2881 400 2924 admoniti
437 2890 483 2926 et
519 2882 705 2938 polliciti
742 2897 791 2925 se
829 2883 1043 2936 facturos,
1083 2899 1175 2928 non
1214 2885 1385 2928 faciunt
1415 2893 1579 2929 tamen.
1614 2886 1751 2939 Quod
1774 2885 1810 2928 si

182 2958 353 3002 nollent
390 2973 443 3002 ea
478 2960 644 3012 facere,
684 2973 800 3014 quae
839 2960 1222 3015 praescribuntur,
1263 2963 1333 3005 vel
1371 2962 1407 3004 si
1446 2962 1615 3004 nollent
1652 2961 1811 3016 poeni-

183 3033 370 3078 tentiam
412 3034 639 3091 accipere,
679 3050 736 3078 ne
778 3036 1020 3080 audiantur
1061 3052 1218 3081 eorum
1262 3038 1592 3090 confessiones,
1633 3039 1712 3082 sed
1756 3039 1813 3080 ad
