2098 3470
291 232 359 269 492
759 225 914 262 PATms
939 226 1182 262 Hmnoxvm
1207 225 1359 263 NADAL

243 332 288 368 et
305 324 520 387 quamdiu
538 326 794 370 obedientia
810 326 1111 380 constituerit,
1126 327 1397 370 confidendo
1411 341 1515 371 cum
1533 327 1688 371 diuina
1704 328 1867 385 gratia,

243 401 499 458 superiores
521 402 567 445 in
589 402 816 456 omnibus,
842 417 958 459 quae
987 403 1322 456 constituerint,
1353 403 1577 447 directum
1608 403 1661 447 iri
1693 419 1720 447 a
1750 406 1870 448 Deo?

330 477 404 521 An
426 478 666 522 videantur
687 479 771 523 sibi
794 479 943 523 idonei
967 494 1067 524 esse
1084 480 1140 523 ad
1158 481 1415 524 docendum
1433 480 1478 523 in
1497 480 1664 524 scholis
1681 481 1865 536 nostris,

241 562 287 598 et
309 555 355 598 in
377 570 484 610 qua;
509 564 556 599 et
577 570 634 598 an
656 571 909 612 propensus
932 556 989 599 sit
1012 557 1068 599 ad
1090 557 1365 600 docendum?

329 633 406 675 An
427 633 580 676 studia
602 632 701 677 eius
723 633 993 676 imminuant
1015 633 1325 678 deuotionem?

332 709 511 764 Reliqui
533 709 913 754 examinabuntur
934 725 989 753 ex
1007 710 1101 753 suis
1119 710 1306 766 regulis,
1326 711 1398 755 vel
1416 711 1714 767 conficientur
1730 725 1866 768 pecu·-

241 785 366 828 liaria
388 785 610 839 examina,
636 801 692 831 ex
714 787 879 843 quibus
902 786 1174 830 examinatio
1196 787 1292 839 fiat,
1318 788 1440 842 quod
1461 787 1570 830 mihi
1598 803 1688 832 non
1717 796 1863 832 vacat.

237 943 318 985 366
554 954 616 984 DE
649 954 730 995 ns,
765 955 894 993 QUAE
929 956 990 985 AD
1023 955 1255 985 TEMPLUM
1289 953 1535 986 SPECTANT

326 1096 650 1152 Eleemosynae
671 1104 706 1149 ³,
726 1111 842 1151 quae
863 1097 1028 1139 dantur
1045 1110 1126 1152 pro
1147 1095 1338 1140 ecclesia
1358 1103 1437 1139 aut
1459 1096 1673 1150 sacrario,
1698 1098 1867 1142 habere

237 1172 350 1215 solet
377 1173 636 1228 praefectus
663 1173 882 1218 ecclesiae
910 1187 1012 1215 cum
1042 1186 1267 1216 consensu
1296 1173 1504 1216 rectoris:
1537 1173 1610 1216 hic
1637 1188 1746 1218 vero
1772 1180 1865 1218 sta-

238 1255 349 1305 tuet,
375 1249 484 1304 quid
505 1249 562 1294 de
583 1249 646 1298 iis.
660 1250 889 1306 agendum
913 1249 986 1302 sit,
1012 1263 1159 1305 neque
1182 1249 1227 1292 in
1250 1249 1387 1302 aliud,
1420 1264 1555 1306 quam
1585 1251 1717 1295 datae
1738 1257 1863 1303 sunt,

234 1326 566 1381 expendantur,
592 1333 637 1370 et
660 1340 962 1383 expensorum
986 1325 1183 1369 rationes
1205 1325 1463 1382 exigantur.

323 1402 500 1446 Canere
524 1403 706 1447 missam
727 1410 772 1446 et
795 1417 1018 1458 vesperas,
1043 1402 1120 1445 vbi
1148 1402 1251 1444 cani
1279 1401 1463 1445 solitum
1491 1410 1560 1446 est
1588 1403 1749 1447 diebus
1778 1403 1864 1446 do-

234 1479 412 1522 minicis
433 1487 478 1524 et
501 1479 642 1532 festis,
668 1487 804 1535 atque
826 1481 1023 1523 officium
1048 1480 1359 1524 hebdomadae
1387 1487 1588 1533 sanctae,
1613 1480 1658 1522 id
1680 1486 1765 1533 est,
1790 1480 1864 1525 die

234 1556 463 1613 mercurii,
483 1557 621 1612 jouis,
646 1556 840 1609 veneris,
867 1564 912 1600 et
939 1556 1117 1600 sabbati
1144 1557 1308 1609 sancti,
1338 1556 1399 1600 ita
1423 1557 1709 1614 intelligitur,
1741 1565 1789 1600 vt
1817 1557 1863 1600 id

235 1634 331 1686 fiat,
356 1633 394 1676 si
416 1633 527 1677 satis
549 1633 679 1676 multi
701 1633 791 1677 sint
814 1648 870 1677 ex
891 1633 1073 1685 nostris,
1105 1642 1151 1677 et
1178 1648 1270 1677 non
1297 1634 1446 1677 desint
1473 1635 1730 1679 sacerdotes
1752 1648 1864 1678 con-

237 1710 512 1755 fessionibus
541 1710 778 1754 audiendis
806 1719 851 1754 et
878 1710 1100 1754 habendis
1127 1710 1442 1764 concionibus,
1472 1718 1551 1754 aut
1575 1710 1863 1764 lectionibus,

235 1788 309 1832 vel
338 1787 436 1831 aliis
469 1787 728 1831 ministeriis
759 1787 905 1844 magis
938 1787 1129 1844 propriis
1160 1787 1400 1832 Societatis
1431 1787 1712 1840 exercendis,
1748 1801 1866 1844 quae

233 1863 484 1908 ministeria
502 1872 683 1920 propter
701 1864 961 1907 huiusmodi
978 1864 1128 1908 officia
1145 1863 1290 1907 omitti
1308 1879 1398 1908 non
1417 1864 1597 1907 debent.
1616 1863 1861 1920 Quocirca,

233 1941 310 1983 vbi
342 1956 433 1984 non
466 1949 616 1994 erunt,
653 1940 730 1996 qui
762 1940 838 1984 illa
870 1948 1116 1997 praestent,
1149 1940 1296 1984 omitti
1327 1940 1478 1997 potius
1510 1942 1694 1994 debent,
1726 1955 1862 1996 quam

234 2017 408 2075 negligi
437 2018 616 2074 propria
643 2016 884 2071 Societatis
912 2017 1175 2071 ministeria;
1201 2018 1281 2061 sed
1304 2024 1455 2060 tamen
1476 2018 1609 2062 detur
1630 2032 1782 2074 opera,
1813 2024 1864 2061 vt

233 2096 347 2139 haec
370 2094 484 2138 ratio
506 2095 705 2139 externis
727 2079 958 2151 probetur.

322 2173 392 2216 Ne
414 2171 733 2228 permittantur
755 2171 955 2216 extranei
974 2172 1195 2216 fenestras
1211 2155 1293 2218 367
1310 2171 1498 2228 aperire,
1518 2186 1635 2227 quae
1655 2178 1862 2228 spectant

232 2249 290 2292 ad
311 2248 548 2292 ecclesiam
572 2248 867 2304 collegiorum
891 2249 962 2291 vel
983 2248 1235 2300 domorum,
1266 2261 1350 2291 nec
1378 2249 1599 2291 habeatur
1626 2248 1861 2304 speculum

232 2325 280 2367 in
302 2325 521 2368 sacristia.
693 2314 695 2318 Α
1418 2329 1424 2332 “

321 2402 409 2446 Die
426 2401 605 2446 veneris
622 2409 796 2454 sancto,
816 2402 923 2444 dum
941 2415 1054 2444 crux
1071 2402 1301 2453 adoratur,
1322 2401 1433 2449 nihil
1451 2407 1711 2458 reponatur,
1731 2401 1860 2456 quasi

231 2480 289 2523 ad
311 2478 598 2535 accipiendas
620 2479 945 2542 eleemosynas;
973 2479 1094 2533 quod
1115 2478 1154 2521 si
1177 2477 1285 2533 quid
1306 2478 1622 2534 eleemosynae
1643 2477 1858 2521 iactatum

233 2555 386 2608 fuerit,
420 2555 465 2598 id
499 2563 644 2599 totum
677 2555 951 2611 pauperibus
984 2555 1280 2598 distribuatur
1311 2554 1492 2611 publice
1523 2555 1682 2599 eodem
1711 2554 1784 2598 die
1811 2553 1856 2597 in

231 2633 330 2689 ipsa
351 2631 554 2677 ecclesia.

321 2711 411 2752 Pro
433 2708 580 2752 missis
601 2716 647 2752 et
670 2708 1065 2752 communionibus
1087 2709 1221 2752 detur
1247 2723 1426 2765 Semper
1447 2723 1503 2752 ex
1530 2707 1702 2751 meliori
1731 2707 1854 2760 vino,

231 2787 353 2843 quod
380 2786 501 2830 dorni
530 2787 766 2838 habeatur3
797 2786 918 2840 quod
947 2785 984 2828 si
1012 2799 1103 2828 non
1127 2785 1348 2830 habeatur
1369 2784 1493 2828 domi
1515 2785 1702 2837 bonum,
1727 2797 1857 2828 cure-

222 2870 306 2907 'tur
327 2879 407 2920 pro
430 2863 576 2907 missis
598 2863 796 2907 aliunde.

300 3043 317 3059 a
366 3031 610 3077 eleemosyna
629 3041 700 3068 ms,
