2098 3470
329 238 400 275 828
907 239 1045 276 Emsr.
1074 238 1118 274 P.
1145 239 1296 275 NAmr.

283 355 420 393 mors,
445 339 543 383 siue
562 339 833 397 praesentia,
853 339 951 385 siue
969 340 1136 384 futura.
1160 339 1328 384 Omnia
1346 348 1497 385 vestra
1514 349 1636 394 sunt3
1659 356 1740 385 vos
1762 350 1914 387 autem
1934 344 1942 351 ”

284 417 405 473 Xpi.,
431 419 575 474 Xpus.
604 423 756 460 autem
779 416 910 462 Dei.»
937 417 1059 460 Hinc
1077 418 1133 460 D.
1157 418 1356 460 Thomas
1378 417 1487 460 dicit
1509 418 1661 461 omnia
1682 433 1781 463 esse
1800 419 1918 463 facta

286 493 358 539 167
398 500 580 550 propter
617 493 870 546 hominem,
911 508 1002 536 non
1040 501 1088 535 vt
1127 492 1434 549 principaliter
1469 494 1718 547 intentum,
1752 496 1832 540 sed
1869 503 1917 539 vt

286 571 438 614 omnia
467 570 558 614 sint
584 570 628 615 ei
654 570 781 614 vtilia
808 571 866 614 ad
886 570 990 613 finis
1012 571 1083 614 sui
1105 570 1492 614 consecutionem.
1521 583 1563 616 2.
1587 571 1632 614 di
1676 571 1703 615 i.
1731 586 1775 627 q.
1802 585 1845 617 2.
1872 586 1913 628 3,

286 658 333 692 et
370 647 477 691 alibi
509 662 661 704 saepe3
695 648 817 703 quod
847 647 991 690 voluit
1025 647 1295 691 Aristoteles
1328 662 1509 704 quoque
1541 647 1707 701 dicere,
1742 649 1818 692 vbi
1855 649 1918 692 ait

286 725 516 768 hominem
535 739 635 769 esse
653 724 989 780 quodammodo
1006 725 1143 768 finem
1163 723 1381 768 omnium.
1406 725 1538 768 Vnus
1555 740 1666 782 ergo
1683 733 1752 770 est
1773 727 1915 780 Deus,

287 817 378 858 quo
402 803 643 845 fruendum
666 808 750 854 est,
776 801 874 845 aliis
896 801 1106 844 omnibus
1129 801 1364 844 Vtendum.
1392 801 1632 846 Inferimus
1654 802 1796 859 igitur
1826 803 1919 859 pri·

287 894 411 922 mum
435 880 652 922 Vtendum
677 879 895 922 creaturis
917 879 990 922 vel
1013 878 1349 931 abstinendum,
1381 887 1515 935 prout
1543 880 1600 922 ad
1632 882 1754 923 hunc
1781 881 1917 924 finem

222 980 226 983 -
287 957 532 999 conferunt
556 956 625 998 vel
648 956 833 1008 obsunt,
858 970 961 998 nam
985 957 1098 998 haec
1121 962 1190 998 est
1212 955 1326 998 ratio
1347 970 1455 1001 vsus
1478 963 1524 1000 et
1546 956 1840 1000 ordinationis
1862 957 1919 1000 ad

286 1034 441 1087 finem3
469 1032 669 1088 alioquin
691 1032 975 1075 inordinatus
998 1040 1118 1076 esset
1143 1047 1266 1075 vsus.

378 1109 464 1153 His
492 1109 738 1163 stantibus,
769 1109 833 1152 sic
862 1116 1174 1165 argumentor,
1199 1110 1274 1152 Ad
1297 1111 1443 1153 Deum
1469 1118 1682 1165 tanquam
1704 1111 1762 1154 ad
1783 1110 1917 1154 finem

288 1187 497 1230 vltimum
520 1188 658 1229 homo
680 1193 860 1230 creatus
883 1193 968 1238 est,
999 1194 1004 1243 Ι
1033 1185 1205 1241 reliqua
1226 1201 1336 1231 vero
1357 1194 1405 1229 vt
1427 1186 1654 1231 hominem
1677 1187 1837 1232 iuuent
1863 1189 1920 1230 ad

288 1264 414 1307 illum
447 1264 585 1306 finem
619 1263 1007 1318 consequendum.
1035 1262 1181 1324 Igitur
1202 1263 1266 1306 vti
1288 1263 1422 1306 debet
1446 1270 1622 1306 tantum
1645 1263 1750 1316 illis,
1774 1279 1919 1320 quan-

290 1349 386 1384 tum
421 1341 477 1383 ad
509 1340 636 1384 illum
669 1341 806 1384 finem
841 1340 1122 1402 conducunt.
1160 1339 1282 1384 Hinc
1304 1340 1537 1398 subinfero
1560 1340 1916 1392 conclusionem,

289 1419 347 1463 de
370 1433 459 1474 qua
481 1424 551 1461 est
572 1417 830 1460 difficultas.
858 1418 980 1474 Ergo
1002 1418 1239 1468 debemus,
1265 1418 1415 1472 quoad
1436 1417 1482 1460 in
1505 1417 1635 1460 nobis
1652 1417 1920 1473 relinquitur

290 1496 500 1547 liberum,
536 1496 623 1538 hoc
654 1502 740 1546 est,
776 1501 1001 1549 quatenus
1031 1494 1142 1536 illud
1176 1508 1267 1537 non
1298 1494 1506 1550 prohibet
1538 1495 1669 1537 nobis
1700 1496 1842 1547 Deus,
1876 1502 1922 1538 et

288 1581 516 1628 quatenus
538 1571 660 1615 licite
690 1585 949 1628 possumus,
983 1570 1293 1616 indifferenter
1315 1572 1360 1614 in
1389 1580 1406 1597 ³
1428 1579 1659 1616 creaturas
1679 1571 1803 1626 ferri,
1836 1585 1920 1616 nec

288 1649 436 1706 magis
458 1664 593 1692 vnam
615 1663 767 1693 amare
789 1649 861 1692 vel
885 1648 1056 1706 eligere
1078 1663 1213 1704 quam
1238 1648 1386 1702 aliam3
1407 1656 1456 1691 vt
1472 1648 1642 1692 scilicet
1657 1649 1742 1692 >soli
1761 1650 1920 1692 volun·
1984 1633 1987 1635 .

289 1726 371 1769 tati
392 1726 575 1771 diuinae
596 1727 883 1778 haereamus,
910 1732 955 1769 et
978 1741 1034 1770 ex
1056 1725 1132 1768 illa
1154 1732 1292 1781 atque
1314 1725 1414 1769 eius
1435 1740 1587 1770 amore
1610 1726 1922 1782 concipiamus

283 1813 330 1847 et
351 1818 552 1848 amorem
589 1810 634 1848 et
670 1803 941 1847 electionem
974 1809 1302 1846 creaturarum.
1343 1804 1413 1857 Et,
1438 1810 1488 1845 vt
1520 1817 1678 1859 puram
1711 1803 1834 1846 omni
1866 1817 1922 1847 ex

288 1887 416 1936 parte
447 1879 787 1923 conclusionem
817 1885 1228 1935 repraesentemus,
1264 1880 1595 1924 aduertendum
1628 1887 1698 1923 est
1726 1894 1809 1924 nos
1830 1895 1922 1924 non

286 1958 544 2014 intelligere
576 1957 743 2001 debere
775 1971 859 2000 nos
891 1971 992 2001 esse
1028 1956 1102 2001 168
1133 1956 1444 2001 indifferentes
1466 1957 1513 2000 in
1534 1957 1780 2001 Vniuersali
1802 1964 1849 2002 et
1869 1958 1922 2015 (si

289 2034 414 2090 velis)
444 2034 490 2077 in
522 2033 660 2078 animi
692 2033 1036 2090 praeparatione
1068 2035 1126 2077 ad
1158 2048 1232 2077 res
1265 2048 1424 2077 omnes
1455 2042 1646 2087 creatas,
1681 2049 1799 2090 quae
1829 2049 1920 2078 non

285 2107 396 2155 sunt⁴
414 2110 688 2168 prohibitae,
714 2126 817 2154 nam
841 2110 888 2153 in
912 2110 1156 2154 vniuersali
1179 2125 1354 2167 semper
1384 2111 1533 2168 magis
1561 2111 1846 2155 laudabimus
1876 2119 1922 2155 et

286 2188 578 2232 censebimus
598 2187 746 2245 magis
767 2187 996 2244 eligenda,
1020 2203 1138 2242 quae
1158 2195 1267 2231 sunt
1289 2188 1709 2245 supererogationis
1736 2196 1782 2233 et
1809 2202 1920 2232 con-

285 2264 389 2317 silii,
426 2280 562 2321 quam
594 2264 835 2317 contraria,
872 2265 993 2320 quod
1025 2279 1239 2321 expresse
1271 2265 1463 2308 facimus
1490 2265 1537 2308 in
1559 2265 1730 2322 regulis
1751 2265 1922 2308 vltimis

285 2342 622 2396 exercitiorum3
658 2343 738 2386 sed
771 2342 816 2384 in
840 2341 1100 2398 particulari
1122 2341 1316 2385 dicimus
1339 2350 1476 2398 atque
1499 2342 1545 2384 in
1568 2357 1616 2386 re
1637 2342 1750 2399 ipsa,
1775 2357 1920 2399 quan-

287 2427 384 2463 tum
406 2419 570 2463 attinet
591 2426 641 2463 vt
662 2421 776 2464 haec
799 2420 872 2463 vel
894 2419 970 2462 illa
992 2419 1233 2476 eligamus,
1258 2419 1419 2462 melius
1436 2434 1536 2463 esse
1553 2426 1601 2462 vt
1618 2420 1674 2462 ad
1691 2426 1920 2463 creaturas

288 2496 600 2541 indifferenter
623 2497 835 2548 feramur,
870 2510 923 2540 ac
956 2496 1068 2538 nihil
1101 2497 1158 2540 de
1189 2503 1343 2539 nostra
1366 2497 1601 2541 voluntate
1623 2496 1917 2548 adducamus,

288 2587 373 2617 nec
395 2588 452 2617 ex
484 2573 572 2616 illis
594 2573 866 2630 principium
890 2587 1140 2626 sumamus,
1166 2580 1215 2615 vt
1236 2572 1335 2617 illas
1356 2572 1580 2629 eligamus
1602 2573 1673 2616 vel
1695 2587 1916 2627 amemus,

286 2651 368 2695 sed
388 2666 446 2695 ex
468 2650 555 2694 illis
587 2649 836 2707 principiis,
877 2665 995 2706 quae
1031 2650 1242 2706 superius
1275 2649 1510 2706 posuimus
1530 2664 1583 2693 ac
1606 2640 1914 2706 probauimus.

288 2729 423 2771 Hanc
445 2727 800 2776 conclusionem,
823 2727 1034 2782 quamuis
1055 2727 1166 2770 satis
1185 2727 1438 2784 probatam,
1468 2726 1475 2784 Ι
1503 2726 1742 2783 intelliget,
1763 2725 1839 2782 qui
1861 2726 1918 2770 ad

287 2820 357 2857 ea,
381 2819 499 2860 quae
518 2804 732 2856 diximus,
757 2803 1015 2847 attenderit.
1042 2803 1142 2860 Ego
1164 2812 1316 2847 tamen
1338 2804 1632 2862 confirmabo,
1664 2811 1713 2846 vt
1735 2802 1918 2860 promisi

287 2895 359 2925 me
380 2894 481 2924 esse
505 2881 748 2926 facturum.

357 3056 375 3074 ²
427 3047 468 3082 in
488 3046 532 3082 in
553 3058 625 3082 ms.
