2098 3470
285 249 355 287 424
758 242 912 279 Plu-ms
938 240 1185 278 Huznonym
1212 243 1362 280 NADAL

241 360 347 390 vero
370 346 637 392 scribendae
659 355 782 402 sunt,
808 349 853 392 in
876 349 1041 406 quibus
1063 350 1256 392 multum
1276 355 1346 394 est
1367 350 1600 404 momenti,
1620 351 1692 395 vel
1713 366 1870 396 emen·

240 422 436 466 dationis
458 439 562 480 spes
591 439 685 468 non
711 434 911 482 apparet,
936 427 1008 471 vel
1031 427 1151 469 vnde
1175 426 1249 470 ¹45
1272 426 1520 483 periculum
1545 429 1742 472 timetur.
1778 429 1870 474 Sed

238 500 295 543 ad
316 501 404 543 hoc
426 508 602 544 secreto
624 503 870 558 agendum,
902 504 1119 546 Vtendum
1148 502 1283 547 etiarn
1311 502 1396 546 erit
1423 502 1649 559 aliquibus
1678 504 1865 561 ciphris‚

239 583 289 619 vt
311 577 485 620 dicunt.

329 695 403 741 145
539 689 602 741 DE
636 712 918 743 SUFFRAGns
957 713 1084 750 QUAE
1123 713 1377 743 PRAECIPIT
1407 713 1640 745 soon-:TAS

328 811 434 865 Quo
457 810 530 853 die
558 818 576 836 ³
596 811 729 854 datur
755 810 935 867 collegii
960 810 1203 866 possessio,
1230 811 1448 855 celebrari
1469 813 1604 856 debet
1628 827 1718 858 una
1750 814 1870 859 sole-

239 886 357 930 mnis
394 886 530 930 missa
562 900 687 932 more
719 895 872 931 nostro
905 903 984 943 pro
1017 888 1257 931 fundatore
1288 887 1395 931 viuo
1427 895 1473 932 et
1503 889 1869 934 benefactoribus

238 963 371 1006 viuis.

328 1041 500 1083 Eodem
525 1042 597 1084 die
620 1041 780 1097 reliqui
802 1041 981 1097 collegii
1005 1041 1263 1085 sacerdotes
1285 1055 1368 1097 pro
1385 1041 1552 1085 eisdem
1577 1056 1683 1085 suas
1710 1042 1870 1087 missas

239 1117 553 1171 celebrabunt,
578 1117 742 1163 deinde
763 1118 833 1162 bis
856 1117 1167 1174 vnusquisque
1188 1118 1404 1174 proximis
1433 1118 1593 1162 diebus
1625 1119 1870 1164 celebrabit

240 1208 322 1250 pro
344 1194 531 1239 eisdem.

329 1271 535 1329 Singulis
557 1279 787 1328 praeterea
813 1271 1107 1316 hebdomadis
1129 1273 1269 1316 semel
1291 1287 1380 1315 vna
1396 1272 1533 1316 missa
1549 1273 1767 1316 celebrari
1785 1274 1870 1318 de·

239 1348 316 1392 bet
340 1363 419 1404 pro
444 1349 684 1407 fundatore
706 1356 751 1394 et
773 1348 1140 1393 benefactoribus
1163 1348 1279 1391 viuis
1302 1355 1347 1392 et
1369 1348 1609 1392 defunctis.

326 1425 459 1469 Initio
480 1421 702 1470 mensium
731 1426 1016 1482 singulorum
1044 1426 1186 1470 semel
1213 1425 1382 1482 singuli
1420 1426 1679 1470 sacerdotes
1709 1426 1869 1470 missas

237 1502 534 1546 celebrabunt
555 1517 638 1560 pro
660 1503 845 1547 eisdem.

331 1579 539 1636 Singulis
566 1579 701 1624 etiam
730 1580 876 1632 annis,
911 1594 1002 1635 quo
1030 1579 1102 1623 die
1131 1579 1297 1623 tradita
1327 1587 1396 1623 est
1433 1580 1658 1636 possessio
1685 1579 1870 1637 collegii

236 1656 470 1711 Societati,
496 1656 799 1701 celebrabitur
821 1672 910 1699 vna
932 1656 1070 1700 missa
1087 1656 1317 1709 solemnis,
1343 1664 1389 1701 et
1411 1672 1436 1699 a
1457 1657 1642 1712 reliquis
1663 1658 1867 1701 sacerdo-

236 1735 357 1778 tibus
380 1748 490 1777 suae
513 1748 594 1790 pro
618 1734 858 1777 fundatore
876 1741 921 1777 et
943 1733 1329 1777 benefactoribus.

323 1807 430 1861 Quo
452 1804 524 1848 die
563 1804 814 1848 fundatoris
842 1819 966 1847 mors
994 1803 1291 1860 intelligetur,
1318 1803 1391 1849 147
1415 1819 1575 1848 omnes
1608 1805 1868 1850 sacerdotes

234 1882 415 1937 collegii
452 1896 533 1938 pro
562 1881 682 1924 illius
711 1881 860 1924 anima
884 1881 1215 1934 -celebrabunt3
1250 1882 1417 1926 addent
1455 1881 1625 1938 singuli
1653 1881 1869 1938 proximis

236 1958 398 2003 diebus
421 1959 534 2001 duas
558 1957 719 2001 missas
740 1958 797 2002 ad
827 1958 960 2001 idem.

325 2038 382 2079 Et
404 2037 519 2080 haec
541 2035 724 2091 quidem
748 2034 871 2077 dicta
894 2042 1001 2077 sunt
1031 2050 1113 2091 pro
1141 2035 1335 2091 singulis
1360 2035 1581 2092 collegiis,
1608 2036 1732 2091 quod
1758 2036 1868 2079 atti—

236 2121 314 2157 net
336 2114 394 2156 ad
417 2128 545 2156 suam
569 2112 899 2174 fundationem.

323 2192 373 2233 In
396 2190 495 2234 aliis
518 2189 852 2245 verocollegiis
873 2197 918 2233 et
940 2189 1152 2233 domibus
1173 2189 1400 2243 omnibus,
1427 2205 1518 2245 quo
1539 2190 1611 2234 die
1638 2189 1867 2247 intellige-

235 2275 309 2310 tur
330 2282 387 2310 ex
411 2269 547 2310 Patre
569 2265 786 2323 generali,
805 2267 879 2308 vel
901 2281 955 2309 ex
978 2281 1061 2309 suo
1084 2266 1366 2322 prouinciali,
1387 2281 1488 2311 esse
1510 2268 1663 2310 datam
1686 2281 1865 2323 posses-

233 2344 406 2387 sionem
436 2343 628 2387 alicuius
659 2343 839 2399 collegii
877 2343 1118 2397 Societati,
1152 2343 1370 2399 incipient
1408 2343 1578 2400 singuli
1609 2344 1868 2388 sacerdotes

234 2422 463 2465 celebrare
486 2428 576 2464 tres
608 2420 768 2464 missas
789 2434 869 2476 pro
893 2421 1134 2464 fundatore
1155 2427 1200 2464 et
1228 2420 1595 2464 benefactoribus
1626 2420 1747 2463 illius
1776 2422 1867 2463 col-

234 2498 360 2555 llegii
382 2498 501 2541 viuis
523 2505 568 2542 et
590 2496 820 2542 defunctis
842 2495 875 2539 b.
1270 2545 1271 2556 γ

322 2576 446 2620 Idem
480 2575 708 2618 curabunt
743 2573 841 2617 fieri
878 2574 1131 2630 superiores
1168 2575 1224 2616 ab
1263 2574 1317 2617 iis
1338 2607 1347 2627 ,
1383 2573 1459 2629 qui
1503 2580 1630 2618 extra
1672 2574 1866 2630 collegia

237 2663 372 2698 erunt
393 2653 466 2695 vel
488 2653 662 2695 domos.
1676 2707 1681 2711 .

325 2731 431 2785 Quo
455 2728 589 2773 etiam
614 2728 688 2772 die
709 2727 954 2771 resciscent
976 2734 1207 2771 mortuum
1230 2742 1331 2772 esse
1363 2728 1648 2772 fundatorem
1673 2727 1867 2771 alicuius

233 2805 430 2862 collegii,
455 2805 673 2860 incipient
690 2803 860 2860 singuli
882 2805 1142 2848 sacerdotes
1165 2803 1305 2847 totius
1326 2803 1568 2848 Societatis
1592 2811 1683 2848 tres
1705 2803 1866 2847 missas

233 2883 465 2928 celebrare
488 2896 568 2938 pro
591 2881 740 2924 anima
759 2880 1027 2923 fundatoris.

303 3001 320 3017 a
370 2991 413 3025 ln
433 2988 620 3034 margine:
645 2988 706 3023 Ex
725 2988 778 3026 I.⁰
795 2990 882 3034 cap.
908 2994 996 3031 40¹2
1017 2987 1152 3034 partis
1165 2987 1319 3025 constit.
1374 2989 1439 3015 —b
1467 2987 1574 3023 viuis
1591 2990 1628 3023 et
1647 2986 1865 3033 benefacto,-

237 3049 349 3084 ribus
368 3059 439 3083 ms.
