2098 3470
0 659 18 687 'e-
0 611 23 653 vezr
0 482 25 602 §svare

0 382 28 431 'w
0 245 26 365 *rw-‘v
19 196 22 198 .
24 49 26 52 .

29 335 34 337 ¹
37 292 41 293 1
32 114 44 121 γ
39 88 41 90 .
35 31 41 48 .-
45 4 47 6 Ι

0 939 11 964 -τ
8 926 14 931 ¹„
0 910 7 919 v
0 766 30 903 *³25⁴*ss
19 752 22 753 Ἰ
0 720 16 741 ,Γ
5 692 15 716 «Α.

1077 223 1101 231 κ.

733 286 1014 323 -Momnumu
1038 286 1306 332 rmum—17
1727 295 1793 332 159

207 387 371 444 gratia.
397 389 594 431 Tantum
615 388 745 432 abest
765 394 817 430 ut
837 394 1022 444 propter
1042 386 1337 443 cupiditatem
1361 386 1564 430 dicamus
1594 402 1684 430 non
1707 402 1840 443 posse

206 465 373 509 saluari
395 465 578 518 diuites,
600 463 687 508 nisi
709 463 841 508 nobis
862 464 1050 507 donent.
1076 465 1209 520 Quae
1230 465 1394 508 acerba
1411 464 1599 506 nimium
1616 472 1685 508 est
1702 478 1839 507 accu-

208 541 339 594 satio,
364 549 412 585 et
438 543 444 598 Ι
471 541 697 586 0311101100
717 541 892 584 1101111111
914 541 1098 586 minime
1121 542 1307 585 ferenda
1329 541 1568 596 patienter,
1593 541 1701 584 diuo
1724 542 1837 584 Hie-

206 617 383 661 ronimo
408 619 618 662 authore.
644 619 816 663 Verum
836 618 949 661 nihil
969 625 1040 662 est
1061 619 1184 675 quod
1204 620 1291 660 hac
1313 633 1370 662 ex
1387 632 1436 662 re
1450 631 1834 661 commoneamur:

206 708 312 738 nam
344 696 534 740 dubium
566 710 659 740 non
690 703 760 740 est
790 695 1124 739 dominationes
1155 703 1332 740 uestras
1362 696 1528 738 Illmas.
1569 694 1838 751 grauissime

206 770 347 815 fuisse
369 772 780 825 animaduersuras,
803 761 846 815 si·
865 772 975 828 quid
995 771 1127 816 vobis
1149 772 1285 815 huius
1312 772 1514 815 criminis
1541 786 1701 816 reuera
1728 773 1837 814 obo-

206 847 380 893 luisset.
417 851 662 893 Precamur
691 849 834 906 igitur
863 849 1035 892 homini
1065 850 1263 902 veniam,
1297 849 1374 904 qui
1406 851 1518 892 11300
1546 849 1767 892 confinxit
1799 857 1831 891 ³.

206 926 362 981 Quare
383 941 564 970 oramus
584 933 722 982 atque
737 927 1019 971 obtestamur
1035 927 1369 971 dominationes
1386 934 1561 969 uestras
1578 927 1761 978 Illmas.,
1790 933 1837 968 ut

204 988 460 1060 intelligere
486 1003 728 1060 possimus,
759 1003 862 1060 quis
890 1003 937 1046 id
963 1019 991 1048 e
1017 1004 1186 1047 nostris
1215 1003 1389 1056 fecerit,
1415 1003 1517 1059 quis
1539 1003 1718 1048 dixerit:
1746 1011 1835 1046 tam

202 1079 478 1135 flagitiosum
499 1080 729 1125 hominem
749 1094 808 1124 ne
838 1081 1049 1137 punitum
1084 1081 1267 1136 quidem
1306 1081 1428 1137 apud
1466 1095 1549 1124 nos
1587 1080 1836 1123 consistere

152 1179 156 1181 >
202 1156 443 1211 patiemur.
475 1157 617 1200 Aliud
648 1165 718 1202 est
739 1157 777 1201 si
799 1158 902 1213 quis
933 1173 1109 1211 eorum,
1143 1158 1222 1214 qui
1246 1160 1304 1202 ad
1333 1173 1417 1201 nos
1441 1158 1646 1209 ueniunt,
1682 1165 1732 1199 ut
1762 1171 1837 1199 so-

203 1232 299 1276 lent
323 1246 424 1276 esse
445 1233 583 1289 aliqui
605 1234 920 1288 feruentiores,
944 1235 991 1277 id
1018 1236 1211 1279 fortasse
1231 1235 1410 1291 dixerit,
1437 1249 1529 1277 non
1557 1249 1690 1290 posse
1711 1248 1761 1278 se
1790 1233 1835 1274 in

200 1297 385 1353 saeculo
405 1311 582 1354 saluum
605 1325 722 1364 esse,
747 1311 834 1355 nisi
855 1312 913 1355 ad
934 1312 1201 1369 religionem
1227 1313 1426 1356 ueniant.
1449 1313 1556 1368 Qua
1576 1311 1622 1353 in
1641 1326 1690 1355 re
1706 1325 1835 1354 men-

202 1385 261 1429 tis
282 1387 508 1431 feruorem
531 1389 790 1444 probamUS,
815 1390 956 1433 verba
977 1397 1029 1433 et.
1046 1391 1291 1433 uerborum
1313 1404 1498 1434 sensum
1527 1389 1824 1444 castigamus.

289 1465 506 1508 Proxima
526 1472 597 1509 est
618 1465 727 1509 huie
748 1467 1036 1511 denuntiatio
1057 1467 1157 1510 siue
1178 1468 1451 1524 figmentum
1483 1466 1540 1509 ad
1572 1465 1834 1509 alliciendos

199 1539 382 1594 diuites,
415 1548 466 1584 ut
493 1541 624 1585 nobis
649 1556 751 1586 sese
780 1543 1050 1600 adiungant,
1075 1551 1127 1586 ut
1149 1545 1268 1587 bona
1295 1543 1430 1586 nobis
1452 1544 1639 1595 donent,
1671 1543 1834 1584 offerre

199 1630 283 1660 nos
309 1617 564 1662 libertatem
594 1618 782 1663 uiuendi
807 1620 854 1662 in
882 1620 1104 1676 religione
1128 1628 1176 1663 ut
1209 1621 1370 1674 uelint,
1402 1621 1491 1663 hoc
1519 1627 1588 1663 est
1609 1618 1707 1662 sine
1731 1617 1832 1661 reli-

198 1693 354 1749 gione:
393 1694 456 1738 ita
492 1695 634 1739 enim'
650 1710 735 1739 nos
772 1697 978 1754 accipere
1015 1697 1324 1741 necessarium
1359 1705 1429 1740 est
1461 1697 1506 1739 in
1546 1696 1828 1746 uniuersum,

198 1769 375 1814 etiamsi
394 1772 452 1814 de
472 1771 611 1815 unico
633 1772 745 1816 illud
766 1775 959 1817 relatum
976 1775 1050 1827 sit,
1070 1774 1156 1818 nisi
1175 1774 1405 1819 indicetur
1422 1773 1524 1830 quis
1541 1773 1668 1815 illum
1687 1785 1827 1814 unum

197 1854 288 1891 13111
310 1862 526 1904 peruerse
546 1849 860 1903 solicitauerit,
887 1860 932 1895 et
953 1851 999 1894 in
1023 1851 1234 1907 quoeius
1261 1851 1325 1895 rei
1354 1851 1412 1894 sit
1434 1851 1568 1906 culpa
1596 1849 1831 1905 explorare

196 1924 421 1980 possimus
442 1932 489 1970 et
509 1926 782 1971 Societatem
806 1927 825 1954 b
846 1930 903 1972 ab
926 1930 1013 1972 hac
1036 1937 1143 1972 nota
1164 1936 1181 1954 ⁰
1202 1928 1450 1972 uindicare.

283 2001 393 2048 270.
446 2007 695 2047 obiectio.
741 2007 813 2050 De
833 2005 1029 2049 diuitum
1052 2005 1410 2049 transmissione.

223 2106 226 2114 ·
267 2085 577 2131 neopum-to.
638 2083 719 2126 Est
740 2083 973 2139 legitimus
994 2098 1105 2126 usus
1127 2091 1173 2126 et
1195 2084 1409 2138 frequens
1437 2083 1484 2124 in
1514 2079 1725 2123 omnibus
1754 2094 1828 2122 re·

195 2151 442 2213 ligionibus
463 2173 648 2202 suorum
673 2159 972 2213 transmissio;
999 2167 1044 2204 et
1066 2175 1121 2203 ea
1144 2159 1326 2215 quidem
1350 2158 1607 2202 necessario
1630 2156 1823 2199 coniun-

194 2239 269 2276 cta
294 2247 399 2277 cum
427 2234 665 2292 disciplina
686 2237 886 2292 regulari
915 2245 1053 2292 atque
1074 2236 1382 2279 obseruantia:
1414 2249 1564 2290 neque
1592 2234 1638 2277 in
1665 2235 1751 2275 hac
1783 2247 1828 2275 re

194 2310 332 2365 (quod
353 2312 564 2367 sciamus)
587 2314 792 2369 acceptio
813 2314 965 2369 aliqua
987 2328 1282 2370 personarum
1305 2320 1375 2357 est
1396 2312 1442 2354 in
1465 2311 1695 2356 Societate
1716 2324 1827 2364 vper-

194 2385 345 2431 missa.
378 2389 498 2430 Tum
528 2388 640 2432 illud
666 2389 801 2433 etiam
830 2391 1100 2434 confirmare
1128 2404 1386 2445 possumus,
1419 2387 1571 2432 necin
1600 2386 1717 2437 cibo,
1744 2399 1827 2427 nec

194 2461 243 2505 in
269 2463 492 2517 uestibus,
518 2479 605 2509 nee
627 2465 671 2508 in
701 2466 939 2519 cubiculis,
971 2481 1057 2510 nec
1078 2466 1125 2508 in
1147 2466 1236 2509 alio
1263 2466 1427 2521 quouis
1455 2478 1607 2508 rerum
1640 2476 1723 2505 usu
1748 2462 1826 2503 ali-

194 2552 329 2594 quam
351 2541 427 2584 uel
447 2555 547 2585 esse
568 2541 686 2587 inter
706 2557 806 2595 nos,
831 2544 905 2586 1101
928 2557 1027 2587 0550
1049 2556 1183 2599 posse
1200 2541 1582 2598 praerogatiuam,
1604 2539 1688 2580 nisi
1707 2553 1821 2587 eam,

195 2615 253 2658 ad
278 2630 412 2671 quam
443 2618 516 2663 uel
543 2618 701 2675 adigat
729 2619 991 2671 necessitas,
1023 2620 1097 2662 uel
1126 2633 1261 2674 quam
1295 2618 1496 2661 medicus
1527 2614 1818 2671 praescribat.

193 2691 407 2736 Similiter
428 2694 570 2751 igitur
591 2695 638 2738 in
660 2695 967 2748 missionibus,
994 2696 1040 2738 in
1062 2695 1247 2751 reliquis
1269 2695 1403 2738 etiarn
1429 2695 1563 2736 rebus
1593 2690 1820 2739 omnibus,

194 2762 444 2826 accipimus
464 2786 687 2828 pauperes
709 2781 846 2828 atque
873 2773 1054 2824 diuites,
1080 2787 1197 2827 quae
1226 2787 1375 2816 rerum
1407 2768 1702 2824 aequabilitas
1733 2766 1819 2808 sci-

194 2859 296 2888 mus
315 2861 527 2903 magnam
549 2849 715 2891 nostris
737 2849 899 2897 animis
921 2849 1273 2892 consolationem
1299 2849 1472 2891 afferre.

265 2926 514 2966 obiectio.
575 2927 646 2969 De
667 2925 803 2968 unius
825 2925 1107 2981 expulsione,
1134 2925 1228 2967 suis
1251 2924 1382 2966 bonis
1407 2921 1610 2965 retentis.

264 3099 282 3116 a
329 3091 526 3126 continxit
545 3102 620 3126 ms.
677 3093 742 3119 -b
770 3091 965 3127 Societate
985 3102 1057 3126 ms·
1108 3100 1173 3118 -ο
1193 3091 1279 3125 uita
1301 3101 1371 3123 ms.
