2098 3470
319 291 389 329 254
791 283 945 321 Purus
971 285 1215 322 Hmnommi
1240 285 1390 323 NADAL

1054 423 1126 467 41

270 511 447 566 QUAE
469 511 652 556 RDUS.
678 512 884 556 PATER
907 513 1372 558 COMMISSARIUS
1400 514 1570 557 DIXIT
1598 515 1901 572 (NATALIS)

726 602 776 632 IN
807 603 1048 634 COLLEGIO
1076 602 1372 634 -AUGUSTANO
1410 591 1438 632 ¹.
1889 598 1892 600 ·

359 694 526 737 Nullus
547 693 670 737 domi
691 695 930 750 habitabit,
956 695 1032 750 qui
1055 709 1146 738 non
1169 695 1227 738 sit
1248 696 1305 739 de
1327 696 1571 741 Societate.

358 771 495 814 Nulla
517 771 680 816 mulier
700 771 748 815 in
770 773 954 815 domum
978 772 1256 817 admittatur.

359 847 408 892 Si
430 862 670 893 necessum
692 849 778 893 erit
799 850 856 892 ad
879 857 1058 905 tempus
1080 849 1287 906 accipere
1309 849 1504 906 aliquem
1527 851 1584 894 ad
1601 851 1899 895 domesticum

268 924 524 977 seruitium,
550 925 628 980 qui
649 940 740 969 non
763 925 822 969 sit
843 927 899 970 de
923 926 1170 978 Societate,
1196 927 1576 982 quemadmodum
1600 930 1653 972 P.
1687 928 1899 972 Canisius

269 1001 405 1044 habet
426 1016 637 1057 puerum,
663 1002 910 1059 accipiatur
931 1017 984 1046 ea
1005 1003 1125 1059 lege,
1152 1009 1202 1046 ut
1228 1003 1343 1047 sciat
1370 1004 1553 1060 regulas
1575 1005 1756 1058 domus;
1788 1019 1902 1048 con-

267 1074 450 1122 fiteatur
471 1078 665 1135 singulis
687 1079 995 1123 hebdomadis.

357 1155 432 1198 Ad
450 1170 582 1199 casus
600 1156 844 1208 usurarios,
865 1156 942 1212 qui
959 1157 1106 1200 solent
1122 1171 1378 1212 occurrere,
1400 1156 1588 1209 scilicet,
1609 1171 1714 1201 curn
1732 1158 1900 1203 Socra-

268 1239 337 1276 tes
359 1234 437 1276 dat
458 1233 697 1289 pecuniam
733 1233 928 1286 Platoni,
953 1241 1021 1287 ut,
1051 1235 1180 1277 saluo
1209 1233 1406 1290 capitali,
1439 1234 1628 1290 accipiat
1657 1234 1901 1290 quotannis

267 1308 471 1364 quinque
498 1310 574 1353 uel
601 1311 629 1352 6
658 1324 736 1366 per
765 1317 966 1361 centum,
998 1311 1364 1367 respondendum
1392 1317 1462 1353 est
1490 1317 1649 1353 contra
1679 1310 1750 1354 ius
1779 1310 1900 1354 diui-

269 1400 380 1428 num
403 1393 449 1429 et
470 1387 676 1430 naturale
697 1400 812 1438 esse,
838 1401 922 1429 nec
947 1387 1081 1430 ullam
1105 1401 1238 1443 posse
1259 1379 1502 1443 expectari⁸
1517 1387 1896 1443 dispensationem

267 1463 354 1505 hac
376 1462 423 1505 in
446 1477 510 1507 re:
536 1469 606 1506 est
634 1470 784 1507 tamen
807 1463 979 1506 licitum
1002 1463 1120 1508 idem
1148 1464 1324 1507 lucrum
1353 1463 1572 1520 accipere,
1603 1464 1692 1517 vel,
1721 1463 1759 1507 si
1787 1463 1898 1507 sim-

269 1538 447 1595 pliciter
469 1546 515 1583 et
537 1554 695 1584 revera
717 1540 814 1584 sine
837 1541 942 1583 fuco
963 1541 1035 1584 vel
1057 1541 1216 1584 fraude
1237 1541 1447 1594 donetur,
1472 1540 1626 1585 licebit
1651 1541 1770 1585 idem
1791 1555 1895 1597 pro-

269 1623 369 1672 pter
401 1617 617 1660 damnum
650 1631 888 1674 emergens
919 1618 991 1661 vel
1017 1617 1195 1661 lucrum
1217 1632 1417 1672 cessans,
1447 1617 1485 1660 si
1513 1632 1672 1661 reuera
1693 1625 1897 1677 emergat
1922 1672 1927 1676 ¹

267 1694 486 1735 damnum
509 1694 583 1738 vel
604 1694 784 1736 lucrum
807 1702 968 1738 cesset.

355 1771 431 1813 Ad
453 1785 588 1826 quam
610 1770 829 1815 rationem
854 1771 1086 1815 reducitur
1108 1786 1252 1828 poena
1274 1771 1652 1824 conuentionalis,
1675 1771 1753 1814 vbi
1774 1770 1898 1814 scili-

268 1855 343 1892 cet
376 1848 588 1892 Socrates
610 1848 827 1892 mutuarit
862 1848 1040 1892 Platoni
1071 1849 1328 1904 pecuniam,
1365 1848 1542 1891 adiecta
1576 1863 1724 1904 poena
1757 1855 1824 1901 ut,
1858 1847 1898 1891 si

264 1923 382 1966 infra
410 1925 654 1968 terminum
682 1926 817 1968 talem
840 1925 902 1967 illi
931 1940 1021 1968 non
1045 1925 1270 1978 restituat,
1295 1926 1459 1969 debeat
1487 1925 1550 1967 illi
1574 1925 1704 1968 Plato
1726 1931 1894 1968 certam

263 2015 487 2045 summam
516 2002 711 2046 soluere.
743 2002 935 2058 Signum
965 2012 1116 2047 autem
1145 2003 1267 2058 quod
1289 2002 1333 2044 in
1359 2003 1563 2045 fraudem
1587 2001 1894 2045 usurariorum

264 2092 357 2121 non
380 2086 607 2122 statuatur
628 2079 643 2099 ²

353 2156 423 2198 De
446 2155 685 2199 audiendis
707 2155 1072 2200 confessionibus
1094 2155 1356 2199 monialium
1379 2162 1588 2199 seruetur
1609 2154 1892 2207 constitutio,

263 2247 381 2288 quae
404 2239 473 2277 est
495 2232 541 2274 in
563 2239 691 2276 sexta
710 2240 841 2289 par-te
860 2233 1252 2294 Constitutionum
1275 2234 1307 2276 ⁵:
1333 2234 1419 2275 hoc
1441 2239 1591 2276 tamen
1616 2232 1892 2283 addendum,

266 2317 330 2362 ut,
357 2310 540 2366 quando
562 2309 804 2354 audientur
825 2324 981 2353 earum
1003 2309 1330 2364 confessiones,
1355 2309 1399 2352 id
1422 2324 1512 2352 non
1535 2309 1615 2352 fiat
1631 2309 1802 2364 absque
1819 2322 1894 2351 su-

264 2386 457 2443 perioris
479 2400 638 2429 earum
662 2386 972 2432 concessione.

335 2499 347 2520 ¹
397 2500 456 2535 Ex
474 2499 697 2546 apographo
714 2510 874 2542 coaevo,
893 2499 931 2534 in
951 2499 1086 2535 codice
1103 2499 1243 2537 Natat.
1266 2500 1384 2535 instr.
1409 2499 1563 2540 Germ„
1582 2497 1651 2534 fol.
1675 2496 1749 2543 3051
1772 2495 1891 2543 (383).

263 2560 372 2594 Haec
390 2558 541 2594 Natalis
561 2558 707 2594 monita
724 2558 773 2594 ad
792 2570 966 2594 mensem
986 2559 1250 2594 Novembrem
1269 2559 1360 2594 anni
1381 2558 1471 2602 1562
1495 2562 1674 2604 spectare
1697 2556 1892 2602 videntur,

262 2624 376 2665 prout
394 2629 443 2653 ex
460 2619 594 2664 rebus,
614 2619 663 2653 ab
682 2617 767 2665 ipso
785 2617 915 2653 Natali
934 2618 1123 2653 enarratis
1140 2617 1179 2653 in
1198 2618 1378 2664 epistola,
1396 2616 1460 2652 die
1479 2626 1525 2652 20
1542 2616 1778 2652 Novembris
1806 2616 1896 2660 1562

263 2677 399 2713 Lainio
417 2677 520 2723 data,
540 2677 702 2713 eruitur.
721 2676 784 2713 Cf.
805 2677 935 2723 Epist.
956 2678 1005 2713 P.
1026 2677 1179 2721 Nadal,
1197 2676 1245 2721 11,
1270 2676 1350 2722 139.

333 2739 348 2759 ³
399 2736 499 2772 Vide
524 2748 655 2783 supra,
687 2742 983 2772 monumentum
1014 2738 1087 2772 sub
1118 2749 1158 2772 n.
1188 2735 1234 2772 38
1264 2736 1448 2783 positum,
1480 2734 1547 2771 ubi
1577 2736 1674 2770 haec
1702 2734 1897 2780 completa

262 2797 469 2832 habentur.

333 2856 347 2875 ³
398 2854 521 2891 «Cum
540 2855 717 2891 homines
735 2854 870 2890 itidem
889 2854 1004 2900 hujus
1023 2854 1232 2890 Societatis
1250 2865 1404 2901 semper
1421 2853 1545 2901 parati
1563 2864 1651 2888 esse
1664 2852 1835 2888 debeant
1849 2851 1898 2887 ad

261 2914 558 2950 discurrendum
576 2926 646 2960 per
662 2913 821 2962 quasvis
840 2913 973 2949 mundi
991 2919 1135 2960 partes,
1155 2925 1232 2961 quo
1249 2913 1396 2949 fuerint
1413 2925 1435 2948 a
1454 2913 1615 2948 Summo
1629 2910 1818 2947 Pontifice
1831 2911 1897 2946 vel

261 2985 283 3008 a
301 2974 382 3008 suis
401 2973 678 3017 Superioribus
697 2972 821 3022 missi3
840 2984 918 3008 non
936 2972 1084 3008 debent
1101 2984 1234 3008 curam
1252 2972 1484 3017 animarum,
1502 2982 1629 3018 neque
1648 2970 1742 3006 item
1761 2970 1898 3005 mulie·

261 3044 346 3068 rum
365 3033 664 3079 Religiosarum,
685 3033 749 3068 vel
766 3032 926 3068 aliarum
944 3043 1276 3079 quarumcumque
1294 3031 1509 3078 suscipere,
1534 3036 1577 3066 ut
1600 3029 1793 3065 ordinarie
1817 3029 1899 3064 illa-

261 3104 347 3127 rum
365 3091 643 3127 Confessiones
662 3091 835 3136 audiant,
855 3092 918 3127 vel
937 3091 1041 3138 ipsas
1059 3097 1211 3137 regant:
1236 3090 1414 3138 quamvis
1439 3090 1534 3126 nihil
1558 3093 1752 3136 repugnet
1775 3088 1899 3124 semel
