2098 3470
0 185 47 440 sanarem}
29 62 38 73 .

58 390 62 395 .
55 358 62 363 .
46 292 75 335 '⁴
63 267 65 269 ,
44 41 77 55 s»

727 278 734 283 ”
795 275 975 312 ΝοτιτιΑ
1002 281 1194 311 comenia
1720 281 1734 308 1
1744 282 1758 309 1

174 384 254 426 tur,
270 379 349 416 nisi
367 379 555 418 consulto
574 379 790 430 generali.»
812 378 978 416 Polanci
997 378 1119 415 etiam
1136 377 1272 415 variae
1291 377 1578 415 annotationes
1603 378 1810 424 reperiun-

174 450 299 491 turin
317 452 397 488 hoc
417 450 513 488 solio
531 460 568 498 9.
592 450 675 489 Ine.
697 449 996 498 «Proponenda
1014 449 1055 486 in
1075 449 1394 498 congregatione
1415 448 1592 497 generali
1615 449 1808 496 prima.—

149 562 153 564 ,
176 521 241 560 Ρ.ο
269 521 375 560 Cum
404 523 714 560 constitutiones
743 522 944 560 dicant...»
970 521 1068 558 Des.
1096 520 1314 559 «...mentio
1342 519 1383 556 in
1411 519 1806 557 constitutionibus.»

175 593 338 632 Initium
357 594 512 632 codicis
531 598 606 640 est,
626 593 693 632 fol.
719 603 735 631 1
757 605 840 631 non
866 593 969 643 sign.
991 592 1231 641 «Proposita
1255 591 1706 640 congregationibus...»
1735 590 1807 628 Ser

21 660 36 682 ²
103 691 106 694 ι
174 664 311 712 quitur
333 664 461 702 index
486 676 632 711 rerum,
658 670 699 702 et
722 663 790 702 fol.
822 674 837 701 1
862 664 964 713 sign.
991 662 1228 700 «Memorial
1252 673 1351 710 para
1376 661 1414 699 la
1440 662 1806 711 congregacion...»

173 734 287 786 quod
320 736 487 783 quidem
512 735 750 778 memoriale
782 736 1038 784 propositum
1062 735 1136 772 suit
1161 746 1184 771 a
1210 734 1249 772 S.
1277 734 1497 771 Francisco
1524 733 1682 783 Borgia.
1710 733 1807 770 Des.

135 802 139 804 ⁷
173 808 284 844 totus
303 807 395 844 cod.
422 807 875 845 ‹...encomendando-o
894 818 946 844 ao
966 806 1009 844 P.
1034 805 1496 844 Gouuea.-Francisco
1524 804 1560 841 V
1563 805 1659 841 ieira
1684 804 1723 841 S.
1747 804 1805 852 J.»

845 905 1030 948 Codex
1062 905 1143 946 58

252 1003 422 1045 Miscell.
442 1004 490 1042 de
508 1004 634 1054 regul.
657 1004 699 1044 S.
723 1003 870 1047 J.-1n
896 1004 968 1052 4⁰,
994 1016 1018 1042 a
1044 1004 1087 1042 P.
1114 1004 1260 1050 Boero,
1287 1004 1404 1052 cujus
1430 1014 1527 1040 cura
1556 1003 1807 1050 compositus

171 1081 251 1122 est,
268 1076 347 1114 hac
361 1087 385 1114 a
397 1081 516 1126 tergo
530 1077 792 1125 inscriptione
806 1082 982 1114 notatus:
1001 1064 1288 1113 «Miscellanea
1313 1074 1318 1124 Ι
1343 1074 1406 1111 De
1423 1073 1591 1123 Regulis
1607 1073 1645 1111 S.
1659 1073 1718 1121 J.»
1736 1074 1809 1110 Est

172 1146 360 1185 collectio
373 1149 577 1186 variorum
592 1147 781 1195 codicum
795 1148 1054 1196 antiquorum
1070 1147 1188 1184 simul
1204 1151 1448 1184 assutorum.
1464 1134 1597 1193 Ipsius
1618 1145 1659 1182 P.
1676 1145 1807 1182 Boero

171 1210 296 1259 manu
324 1219 493 1257 haecvin
525 1219 577 1257 1.⁰
603 1219 670 1257 sol.
701 1219 908 1268 inscriptio
937 1220 1070 1268 posita
1096 1224 1169 1256 est:
1198 1218 1484 1256 «Miscellanea
1509 1218 1514 1265 Ι
1540 1218 1700 1254 intorno
1730 1217 1806 1254 alle

139 1277 144 1302 ἶ
171 1287 531 1328 Constituzioni.—
555 1291 562 1340 Ι
587 1290 698 1328 Sono
719 1291 854 1328 scritte
873 1290 910 1328 al
929 1295 1069 1339 tempo
1089 1290 1157 1327 del
1177 1290 1216 1328 S.
1242 1290 1311 1327 P.»
1340 1289 1386 1326 In
1413 1288 1470 1327 2.⁰
1497 1289 1578 1334 fol.‚
1604 1289 1806 1325 recentius

138 1391 142 1396 .
170 1359 324 1408 addito,
349 1361 477 1399 index
503 1362 806 1410 opusculorum,
827 1373 900 1399 seu
920 1361 1122 1408 codicum,
1141 1362 1182 1398 in
1202 1362 1282 1399 hoc
1301 1361 1508 1399 volumine
1530 1360 1805 1405 collectorum,

169 1431 300 1489 franjis
317 1431 472 1481 Araujo
491 1445 615 1470 manu
634 1439 826 1471 exaratus
846 1438 920 1471 est.

249 1501 443 1541 Continet
471 1512 519 1551 25
551 1505 730 1551 codices,
757 1510 819 1543 tot
850 1505 1028 1542 numeris
1059 1504 1273 1543 distinctos
1306 1504 1347 1540 in
1380 1503 1573 1540 chartulis
1607 1503 1659 1539 ad
1693 1514 1804 1539 oram

168 1574 286 1623 primi
310 1575 393 1613 solii
418 1578 619 1624 cujusque
647 1577 834 1625 opusculi
858 1577 1068 1626 appositis.
1096 1576 1223 1623 Folia,
1249 1576 1282 1613 si
1308 1587 1440 1624 pauca
1467 1575 1621 1620 demas,
1647 1586 1730 1611 non
1751 1575 1803 1611 si-

167 1638 355 1695 gnantur.
374 1646 436 1684 En
456 1647 583 1685 index
603 1648 806 1695 codicum,
826 1649 891 1686 cui
907 1648 1084 1701 *brevem
1104 1647 1356 1698 singulorum
1381 1647 1564 1684 notitiam
1592 1646 1803 1683 addemus.

255 1727 287 1755 1.
345 1718 565 1756 «Extraeta
589 1719 642 1757 ad
667 1719 841 1758 verbum
866 1731 922 1757 ex
950 1720 1141 1757 examine
1171 1725 1213 1757 et
1239 1719 1342 1757 libro
1372 1719 1802 1756 constitutionum.»-

170 1787 343 1827 Constat
361 1799 413 1837 24
432 1790 472 1829 ff.
493 1792 651 1840 scriptis
672 1797 712 1829 et
732 1801 755 1828 2
761 1791 816 1838 5.⁰
835 1803 951 1840 puro.
972 1791 1166 1830 Continet
1184 1796 1382 1840 excerpta
1402 1802 1457 1828 ex
1478 1791 1667 1827 examine
1687 1796 1727 1825 et
1747 1800 1801 1825 ex

126 1845 130 1889 s
169 1860 238 1907 23¹,
263 1861 335 1908 4³,
361 1867 403 1899 et
421 1862 510 1906 x10.a
539 1862 723 1911 partibus
750 1863 1099 1902 constitutionum.
1127 1863 1275 1900 Manus
1303 1862 1454 1912 ignota.
1485 1861 1567 1899 Ine.
1601 1860 1800 1897 «Nuestra

166 1931 332 1970 mInima
351 1933 717 1983 congregacion...»
738 1934 835 1972 Des.
858 1950 919 1972 ....
924 1934 1044 1972 oirlas
1062 1934 1146 1972 leer
1171 1934 1274 1971 cada
1298 1945 1398 1970 mes.
1425 1933 1547 1970 Finis.
1575 1932 1685 1969 Laus
1711 1931 1800 1968 Deo

168 2001 336 2052 Optimo
368 2005 601 2044 Maximo.»
636 2006 710 2043 Est
741 2006 851 2044 aliud
889 2007 1126 2055 exemplum
1159 2006 1281 2055 hujus
1314 2005 1549 2043 documenti
1582 2005 1622 2041 in
1657 2003 1799 2040 codice

165 2072 309 2113 Natal.
329 2071 449 2116 ihstr.
471 2076 617 2123 Lusit„
638 2077 679 2115 ff.
707 2078 893 2125 130-168,
913 2078 1026 2127 quod
1047 2090 1142 2116 cum
1161 2079 1241 2116 hoc
1262 2077 1497 2122 concordat,
1518 2075 1704 2123 exceptis
1730 2074 1799 2111 ali-

165 2146 317 2194 quibus
334 2147 585 2186 variantibus
602 2150 717 2197 parvi
737 2150 944 2188 momenti.

246 2227 285 2258 2.
344 2219 675 2258 «Declarationes
708 2221 1044 2259 constitutionum
1075 2227 1116 2258 et
1143 2220 1281 2258 nvisos
1315 2220 1582 2270 (hispanice)»
1610 2218 1663 2254 66
1696 2217 1799 2253 foliis

165 2290 325 2339 scriptis
343 2295 385 2328 et
408 2302 435 2338 4
458 2292 599 2329 vacuis
623 2292 676 2329 ad
696 2292 864 2339 calcem,
883 2292 1088 2330 coalescit.
1107 2292 1255 2331 Manus
1274 2293 1426 2341 ignota.
1449 2290 1641 2328 Continet
1661 2289 1798 2325 decla-

164 2361 342 2405 rationes
361 2363 708 2410 constitutionum,
728 2375 831 2412 quas
851 2364 1103 2413 praecedunt
1121 2364 1327 2412 quaedam
1341 2363 1494 2400 monita
1513 2362 1565 2398 de
1582 2362 1678 2409 ipsis
1698 2371 1797 2396 con-

165 2450 452 2506 stitutionibus.
478 2451 563 2491 Inc.
592 2453 696 2490 «Ihs.
718 2453 904 2491 Proemio
931 2454 983 2491 de
1003 2454 1062 2492 las
1081 2454 1378 2491 declarationes
1397 2464 1423 2500 y
1443 2452 1579 2488 auisos
1599 2450 1719 2487 sobre
1739 2449 1797 2485 las

164 2522 697 2562 constitutiones—&emo
723 2524 761 2561 el
785 2524 840 2561 fin
871 2524 924 2561 de
952 2525 1011 2562 las
1038 2525 1414 2562 constitutiones...›·>
1442 2522 1539 2559 Des.
1569 2532 1710 2559 «meon
1737 2520 1797 2556 los

163 2597 275 2631 otros
293 2605 375 2642 que
395 2606 439 2632 se
458 2595 511 2632 ha
531 2594 748 2633 hablado.»

247 2676 281 2714 3.
339 2664 427 2702 «De
445 2666 640 2704 orationis
659 2668 856 2705 exercitio
876 2669 916 2706 in
937 2668 1140 2706 Societate
1160 2666 1438 2716 (hispanice).»
1461 2665 1487 2701 6
1507 2664 1612 2700 foliis
1639 2662 1796 2714 scriptis

163 2739 206 2772 et
223 2744 248 2772 2
266 2735 378 2783 puris
397 2742 567 2775 constat.
588 2737 683 2775 Non
703 2744 798 2775 sunt
816 2739 962 2776 eadem
982 2739 1147 2784 monita,
1167 2738 1220 2774 de
1240 2736 1389 2784 quibus
1416 2737 1455 2772 in
1481 2734 1574 2772 Coa'.
1607 2734 1621 2770 1
1630 2734 1725 2771 'ntia
1757 2731 1793 2777 ό,

163 2805 216 2842 ad
233 2805 359 2844 finem
378 2807 570 2854 diximus,
585 2808 659 2846 sed
678 2809 754 2846 alia
773 2809 933 2857 plenius
952 2815 994 2846 et
1012 2809 1177 2846 uberius
1197 2808 1249 2845 de
1264 2809 1418 2845 ratione
1440 2806 1594 2846 orandi.
1614 2805 1794 2841 instituto

162 2875 376 2915 Societatis
395 2889 589 2928 congrua,
623 2880 876 2918 disserentia.
906 2881 980 2917 Est
1008 2880 1290 2930 apographum
1318 2890 1341 2915 a
1367 2878 1543 2926 Jimenez
1569 2882 1792 2919 exaratum,

161 2948 280 2997 cnjus
313 2949 551 2997 exemplum
584 2951 796 3000 originale,
830 2951 984 2988 Natalis
1017 2963 1141 2988 manu
1178 2950 1390 2998 scriptum,
1426 2954 1656 2985 asservatur
1692 2948 1795 2983 inter

162 3030 258 3057 mss,
279 3019 318 3057 S.
341 3019 375 3068 J.
403 3020 486 3058 Inc.
518 3021 650 3069 «Jhus.
677 3021 801 3072 Sigue
826 3023 864 3060 la
891 3021 1178 3070 Compafii'a...»
1210 3021 1308 3058 Des.
1342 3019 1649 3058 «...ministerios
1672 3018 1792 3055 etiam

163 3092 426 3129 exteriores.»
