2098 3470
0 2025 17 2109 *nrm*
0 1998 14 2015 «7
0 1918 10 1986 vin-ww
0 1832 8 1903 Μ-Ἶν-
0 1766 10 1820 -v-u
10 1742 15 1747 ⁵
0 1710 6 1717 ›-

809 239 1239 277 ΙΝετιιυσΠοΝκε-ὁι
1594 215 1598 221 ’
1720 250 1791 286 599

205 343 515 387 exhortandus
531 343 589 385 ad
605 342 792 385 meliora
806 341 940 393 serio,
954 347 1051 384 tum
1068 356 1095 384 a
1111 340 1410 393 confessario,
1426 350 1522 383 tum
1539 357 1566 384 a
1583 342 1831 398 superiore,

163 441 166 444 *
205 427 253 463 et
272 420 409 463 huius
430 420 619 463 consilio
639 419 775 463 etiam
802 420 860 462 ab
886 418 986 462 aliis
1013 418 1204 471 idoneis,
1235 419 1499 474 augendum
1523 428 1702 475 tempus
1731 435 1833 463 ora-

207 495 360 549 tionis,
384 497 705 541 concedendus
727 495 1003 552 frequentior
1025 509 1133 538 vsus
1148 509 1304 538 sacrae
1326 495 1673 548 communionis,
1699 496 1833 539 indu-

204 573 378 618 cendus
408 574 466 616 ad
495 573 711 616 exercitia
742 572 1007 630 spiritualia.
1035 571 1259 615 Breuiter:
1290 571 1379 614 illis
1405 572 1566 615 mediis
1595 574 1830 625 Vtendum,

205 663 400 706 quorum
421 657 491 693 est
512 665 638 703 vsus,
656 651 695 693 si
716 650 971 706 aliquorum
994 649 1285 693 conuersatio
1306 663 1398 692 non
1414 650 1563 705 placet
1586 650 1824 706 superiori-

181 742 190 746 -
205 726 306 779 bus;
329 734 376 769 et
396 741 451 770 eo
473 727 752 784 diligentius,
776 727 815 770 si
835 726 1077 782 duplicitas
1099 725 1237 770 animi
1258 727 1446 769 accedat
1467 726 1524 769 ad
1541 727 1834 782 deprauatin-

205 817 328 857 nem;
352 811 399 848 et
419 806 532 848 haec
553 804 735 861 quidem
757 805 870 848 fiant
890 805 1036 847 donec
1057 803 1381 854 constituatur,
1402 818 1459 846 an
1477 803 1553 846 ille
1570 804 1834 847 retinendus

205 879 253 923 in
275 881 506 926 Societate
522 882 596 924 sit.

294 958 571 1002 Nominatim
601 973 710 1002 vero
743 958 943 1014 proderit
978 958 1015 1000 si
1050 957 1292 1014 praedictis
1328 959 1423 1000 fere
1459 957 1688 1008 omnibus,
1729 959 1835 1000 dato

206 1044 409 1093 tempore
429 1036 580 1092 aliquo
602 1041 685 1083 622
707 1035 1248 1102 occupationibus-vacuo
1270 1049 1323 1078 ac
1344 1035 1502 1086 libero,
1528 1035 1706 1078 dicatur
1729 1049 1834 1077 cum

191 1112 430 1171 ‘industria
450 1120 495 1156 et
517 1115 654 1156 modo
676 1113 873 1165 decenti,
893 1114 1062 1155 bonum
1085 1113 1181 1156 fore
1196 1121 1246 1154 vt
1261 1112 1348 1155 alia
1364 1112 1581 1156 exercitia
1597 1112 1835 1168 experian-

168 1196 171 1197 ’
205 1197 295 1233 tur.
315 1189 456 1233 Verbi
473 1189 637 1246 gratia:
657 1190 734 1245 qui
756 1189 867 1232 dicit
888 1204 938 1233 se
958 1204 1048 1232 non
1065 1203 1207 1244 posse
1227 1178 1504 1240 concionari,
1525 1189 1835 1234 confessiones

202 1267 376 1318 audire,
402 1268 571 1329 legere,
596 1275 675 1310 aut
696 1268 896 1319 studere,
920 1274 1147 1310 statuatur
1168 1266 1214 1309 in
1236 1266 1386 1309 officio
1407 1266 1558 1321 aliquo
1580 1267 1833 1310 domestico

204 1345 451 1396 moderate,
475 1351 523 1386 vt
547 1345 664 1388 ferre
697 1352 858 1399 potest.
892 1345 1082 1387 Confert
1112 1343 1251 1386 etiam
1283 1351 1332 1385 vt
1363 1354 1550 1388 curetur
1582 1343 1669 1387 illis
1697 1344 1786 1387 dici
1810 1360 1835 1387 a

204 1421 397 1473 medico,
421 1421 499 1476 qui
522 1436 681 1465 reuera
702 1436 757 1464 ex
786 1412 1111 1476 imaginatione
1138 1421 1345 1464 laborant
1371 1420 1568 1477 propria,
1603 1422 1726 1464 nulla
1758 1437 1835 1465 eos

153 1532 158 1538 ⁴
201 1497 393 1542 detineri
412 1497 697 1554 aegritudine
718 1497 954 1553 corporali.
980 1498 1106 1548 Item,
1132 1497 1281 1540 facere
1302 1504 1351 1539 vt
1372 1497 1630 1554 intelligant
1648 1512 1835 1543 necesse

201 1587 304 1617 esse
328 1581 379 1616 vt
405 1588 455 1618 se
481 1574 715 1626 adiuuent,
749 1583 797 1616 et
822 1574 1051 1617 dimittant
1078 1582 1323 1630 conceptas
1350 1576 1751 1630 apprehensiones,
1786 1584 1835 1617 vt

199 1649 520 1696 melancholias
542 1659 588 1695 et
609 1652 887 1694 voluntarias
913 1659 947 1705 ²;
979 1651 1176 1708 proderit
1203 1660 1358 1695 autem
1384 1653 1442 1695 ad
1470 1654 1557 1695 hoc
1591 1661 1639 1694 vt
1671 1660 1835 1696 exeant

201 1727 445 1784 aliquando
465 1729 511 1770 in
534 1728 711 1773 vineam
728 1736 806 1771 aut
822 1729 991 1782 villam,
1010 1737 1090 1772 aut
1108 1728 1346 1772 mittantur
1362 1729 1409 1772 in
1427 1729 1550 1772 aliud
1568 1729 1830 1785 collegium,

204 1812 253 1848 vt
279 1817 329 1848 12
354 1806 427 1849 uel
456 1816 504 1860 15
534 1806 694 1848 diebus
724 1807 924 1850 relaxato
957 1806 1108 1848 animo
1141 1814 1320 1858 vacent,
1355 1815 1401 1849 et
1434 1807 1520 1849 alia
1553 1807 1830 1859 huiusmodi,

200 1895 317 1936 quae
339 1883 466 1925 Deus
486 1872 703 1926 indicabit
724 1882 1051 1938 superioribus.
1074 1883 1186 1936 Iam,
1204 1883 1243 1926 si
1260 1885 1429 1927 mixtae
1445 1893 1579 1926 erunt
1597 1884 1834 1926 infirmita—

202 1966 288 2010 tes,
306 1958 446 2002 mixta
466 1967 603 2003 erunt
625 1959 824 2003 remedia
845 1959 1122 2005 adhihenda.

290 2035 340 2079 Si
360 2035 462 2090 quis
483 2035 867 2079 animaduertatur
890 2037 935 2078 in
951 2041 1043 2083 823
1063 2037 1299 2081 vocatione
1316 2037 1581 2099 inconstans
1597 2039 1668 2082 vel
1687 2038 1831 2080 incer-

196 2118 272 2155 tus
291 2119 373 2155 aut
394 2112 544 2154 minus
566 2121 719 2157 rectus
740 2114 812 2157 vel
836 2128 991 2168 purus,
1017 2115 1139 2169 quod
1160 2115 1217 2157 ad
1238 2115 1375 2158 finem
1399 2114 1579 2167 attinet,
1614 2118 1831 2170 quemad-

198 2188 383 2231 modum
409 2189 550 2244 (quod
575 2190 704 2232 Deus
731 2190 922 2245 auertats'·
951 2189 988 2232 si
1021 2190 1233 2234 studendi
1265 2190 1491 2235 desiderio
1526 2193 1748 2242 trahatur,
1787 2201 1834 2234 vt

195 2264 361 2309 deinde
381 2266 439 2308 ad
458 2266 663 2308 seculum
685 2267 856 2317 redeat,
881 2274 960 2309 aut
983 2267 1243 2310 huiusmodi
1267 2267 1324 2310 sit
1346 2268 1516 2323 aliquid
1539 2268 1830 2324 impuritatis,

198 2342 494 2384 admoneatur
513 2341 612 2385 eius
633 2342 937 2386 confessarius
959 2351 1007 2385 vt
1028 2358 1133 2387 eum
1156 2344 1399 2400 diligenter
1419 2359 1473 2388 ea
1501 2346 1557 2389 de
1582 2361 1629 2389 re
1659 2346 1823 2388 exami-

197 2426 290 2470 net,
315 2418 393 2474 qui
414 2418 452 2461 si
475 2419 672 2462 notabile
694 2419 804 2474 quid
825 2419 871 2462 in
892 2435 947 2463 eo
969 2420 1212 2473 inuenerit,
1233 2421 1359 2464 illum
1382 2437 1473 2464 non
1496 2423 1718 2473 absoluat,
1741 2438 1830 2464 non

196 2496 256 2538 ob
285 2494 331 2538 id
357 2495 503 2538 solum
536 2497 658 2550 quod
685 2496 745 2538 sit
766 2496 841 2539 ille
862 2511 998 2540 casus
1017 2506 1291 2550 reseruatus,
1318 2500 1399 2541 sed
1421 2499 1556 2541 etiam
1580 2500 1701 2552 quod
1724 2513 1830 2541 cen-

184 2579 348 2617 seatur
367 2579 514 2619 status
570 2573 710 2616 eccati
731 2574 949 2624 mortalis,
973 2589 999 2616 a
1021 2589 1111 2629 quo
1133 2574 1169 2617 si
1199 2589 1287 2617 non
1322 2576 1520 2625 recedat,
1558 2590 1648 2617 non
1681 2584 1830 2630 potest

187 2649 385 2702 .absolui;
411 2657 456 2693 et
479 2659 628 2693 tamen
651 2650 690 2692 si
711 2651 970 2700 reducatur,
998 2651 1245 2695 mittendus
1266 2661 1335 2695 est
1357 2653 1414 2694 ad
1443 2653 1717 2707 superiorem
1750 2667 1829 2706 pro

195 2738 307 2768 casu
330 2734 580 2771 reseruato.

283 2801 332 2847 Si
354 2810 476 2847 esset
496 2803 616 2846 domi
639 2804 877 2859 quisquam
900 2805 1121 2849 aduersus
1142 2806 1334 2850 maiores
1357 2821 1463 2848 suos
1486 2807 1600 2849 male
1619 2806 1824 2856 affectus,

194 2892 250 2921 ac
270 2878 422 2922 animo
442 2872 699 2935 inquietiOr,
724 2880 761 2923 si
789 2881 835 2923 id
864 2896 890 2923 a
915 2882 1137 2937 superiori
1162 2897 1254 2926 non
1285 2883 1424 2939 possit
1454 2882 1746 2938 deprehendi,
1783 2882 1828 2926 id

266 3056 284 3073 a
333 3046 412 3093 Sicz,
430 3052 471 3082 at
487 3047 682 3094 superflua
701 3047 854 3083 videtur
872 3048 1060 3095 particula
1078 3053 1129 3086 et.
