2098 3470
708 282 986 319 Monmmmm
1010 282 1184 318 ΙτΑιιΑΕ
1198 303 1219 308 -
1237 290 1279 327 15
1698 291 1763 329 145

264 382 478 439 Denique
498 382 557 427 ad
576 383 748 427 calcem
779 381 851 426 sui
878 381 1035 439 scripti
1062 381 1291 425 contraria
1328 390 1600 438 argumenta
1636 384 1809 429 diluere

166 467 383 505 conatur.
402 461 468 504 At
482 473 588 517 ego,
607 456 668 505 exv
678 459 840 516 prima
856 458 1094 511 dilutione,
1112 458 1335 502 aduersus
1353 459 1501 514 ipsum
1521 460 1585 503 sic
1604 475 1709 516 ago:
1730 461 1806 517 qui

0 570 4 577 >
68 536 69 539 ’
173 550 232 581 ex
248 537 377 581 Vrbe
395 537 588 594 (inquit)
601 535 925 589 discesserunt,
945 535 1172 579 dederunt
1186 535 1503 579 auctoritatem
1522 537 1647 580 Patri
1666 540 1803 591 Igna-

135 615 138 617 ’
173 612 256 668 tio,
279 623 330 656 vt
350 627 456 657 cum
477 614 599 666 aliis,
619 612 699 668 qui
719 614 892 656 Romae
911 620 1083 664 essent,
1113 620 1267 668 posset
1295 613 1494 657 condere
1520 615 1808 658 constitutio-

172 693 272 744 nes,
295 690 376 733 hoc
395 705 503 734 vero
522 697 662 747 negat
678 689 868 742 factum3
887 704 972 732 nos
986 692 1147 732 contra
1163 689 1533 743 monstrauimus,
1555 704 1644 733 non
1662 692 1807 734 solum

130 764 138 771 ’
172 764 454 821 οωιιέοοίἰε,
477 767 556 823 qui
577 769 748 811 Romae
769 774 937 819 essent,
962 765 1221 810 condidisse
1242 767 1425 810 Patrem
1449 767 1674 823 Ignatium
1698 782 1806 810 con-

171 842 448 896 stitutiones,
473 845 554 888 sed
574 843 776 887 omnium
796 826 932 886 etiam
964 845 1151 886 Patrum
1181 843 1413 899 suffragiis
1440 850 1486 886 et
1512 844 1807 900 subscriptio-

171 921 324 974 nibus,
359 922 436 977 qui
471 921 707 964 commode
741 919 987 964 conuocari
1021 927 1248 976 poterant,
1288 934 1437 974 neque
1474 920 1596 963 aliud
1625 921 1804 976 quidem

172 997 343 1055 requiri
362 988 532 1055 potest,
556 997 683 1041 iuxta
702 997 999 1053 diplomatum
1017 996 1359 1040 authoritatem.

261 1075 401 1132 Quod
437 1089 548 1118 uero
582 1074 767 1118 eludere
807 1073 992 1118 uidetur
1031 1073 1409 1118 constitutionum
1454 1074 1803 1130 publicationem

127 1151 130 1154 ⁴
170 1158 310 1208 atque
329 1151 650 1208 receptionem,
673 1150 803 1207 quasi
824 1137 1148 1208 surreptitiam,
1173 1158 1224 1194 ut
1245 1166 1363 1207 quae
1385 1166 1441 1194 ex
1471 1151 1591 1194 bono
1622 1152 1804 1207 quidem

172 1229 273 1273 zelo
300 1235 348 1274 et
374 1228 512 1272 animi
542 1227 829 1284 simplicitate
858 1228 1190 1284 proficiscatur,
1230 1243 1323 1271 non
1359 1229 1496 1272 etiam
1533 1243 1560 1271 a
1598 1229 1803 1282 ueritate,

170 1306 300 1362 quasi
319 1306 360 1349 si
380 1305 518 1349 dicat:
541 1305 667 1349 solus
688 1306 772 1350 Bo.
798 1307 905 1348 nolo
925 1305 1074 1361 decipi
1095 1305 1387 1356 Societatem,
1413 1306 1519 1348 nolo
1542 1307 1638 1348 zelo
1661 1306 1805 1349 Patris

169 1381 350 1440 Ignatii,
369 1382 748 1426 constitutionum
769 1389 816 1427 et
836 1382 978 1439 pacis,
997 1383 1072 1426 vel
1087 1381 1376 1438 simplicitate
1390 1382 1569 1442 humili,
1590 1383 1702 1426 falsa
1723 1397 1805 1438 pro

170 1453 290 1504 veris
307 1467 328 1486 ⁸
346 1460 563 1515 recipere
578 1473 635 1502 eo
659 1459 840 1504 uidetur
859 1459 1207 1511 intolerabilius,
1228 1460 1353 1514 quod
1376 1474 1467 1502 non
1484 1460 1630 1502 solum
1651 1467 1808 1512 nostra

168 1531 555 1581 demonstratione
581 1536 764 1580 abunde
783 1537 1064 1580 declaratum
1082 1544 1176 1588 est,
1211 1545 1258 1578 et
1290 1551 1439 1588 ueras,
1475 1544 1521 1580 et
1554 1537 1722 1588 firmas,
1758 1545 1803 1578 et

167 1613 399 1670 suffragiis
420 1627 473 1656 ac
489 1612 900 1668 subscriptionibus
917 1615 1106 1656 Patrum
1124 1613 1298 1657 validas
1315 1627 1416 1657 esse
1433 1613 1800 1666 constitutiones,

167 1691 250 1735 sed
269 1691 407 1734 etiam
431 1691 513 1733 Bo.
538 1689 682 1746 ipsius
702 1689 993 1734 confessione
1015 1692 1082 1747 (ut
1101 1691 1236 1734 modo
1252 1691 1510 1746 docuimus)
1529 1690 1657 1742 nihil,
1683 1691 1802 1745 quod

167 1781 330 1813 uerum
350 1781 443 1811 non
464 1767 540 1818 sit,
562 1766 663 1810 illas
683 1767 935 1821 continere3
960 1768 1084 1823 quod
1105 1767 1143 1811 si
1166 1768 1337 1823 aliquid
1359 1767 1422 1810 illi
1448 1767 1629 1811 uidetur
1646 1769 1803 1810 deesse

167 1837 215 1888 in
234 1842 654 1895 constitutionibus,
679 1842 719 1886 si
740 1843 850 1899 quid
871 1846 1171 1900 superfluum,
1197 1844 1234 1888 si
1262 1844 1372 1900 quid
1401 1844 1486 1900 ipsi
1514 1844 1799 1890 intolerabile

115 1904 117 1909 ¹
168 1921 244 1965 uel
264 1919 466 1972 difficile,
491 1934 600 1963 num
623 1927 865 1976 propterea
885 1921 1075 1965 deberet
1096 1922 1243 1964 zelum
1272 1921 1573 1977 simplicitatis
1603 1928 1798 1971 nostrae,

166 2005 304 2055 atque
324 1996 595 2040 humilitatis
615 1997 843 2046 solicitare
864 2011 918 2041 ac
947 2000 1143 2042 tentare?
1173 2000 1295 2042 Num
1329 2006 1566 2054 propterea
1598 1997 1800 2063 authori-

166 2080 308 2120 tatem
328 2074 479 2118 Patris
500 2072 665 2130 Ignatii
687 2074 890 2118 eleuare?
909 2082 956 2118 et
978 2089 1134 2131 pacem
1157 2083 1296 2131 atque
1324 2075 1538 2119 vnionem
1562 2074 1801 2119 Societatis

165 2151 491 2196 interturbare?
512 2152 642 2195 Haec
663 2165 755 2194 non
776 2153 1158 2208 propterea-dico,
1184 2154 1307 2208 quod
1328 2152 1453 2195 illum
1476 2152 1688 2194 iudicem:
1713 2159 1798 2202 est,

165 2228 246 2285 qui
264 2227 392 2272 illum
412 2227 600 2282 iudicet,
625 2229 795 2282 Dnus.;
820 2230 917 2282 sed,
948 2243 1031 2286 pro
1058 2229 1196 2272 animi
1223 2229 1312 2273 mei
1339 2228 1600 2280 deuotione,
1631 2228 1797 2270 iustum

165 2305 367 2349 dolorem
390 2305 609 2362 exprimo.
793 2308 799 2313 ’

169 2372 173 2373 ⁷
252 2382 396 2428 Addit
421 2382 639 2427 maiorem
667 2396 769 2426 esse
794 2382 1130 2440 simplicitatem
1167 2383 1517 2426 constitutiones
1555 2380 1794 2438 publicari.

164 2472 282 2515 quae
307 2459 506 2502 debeant
532 2459 698 2516 corrigi
724 2466 772 2503 et
807 2460 1055 2504 emendari.
1098 2460 1261 2503 Erraui
1297 2474 1385 2516 ego
1424 2458 1641 2512 fortassis,
1678 2458 1798 2511 quod

163 2535 374 2592 superius
393 2534 692 2580 intellexerim
715 2535 859 2592 accipi
882 2551 908 2579 a
926 2538 1007 2580 Bo.
1029 2536 1362 2593 simplicitatem
1386 2551 1467 2592 pro
1489 2535 1673 2585 uirtute;
1694 2547 1796 2575 nam

108 2598 126 2666 *v
165 2612 379 2656 hocloco
398 2611 733 2668 simplicitatem
762 2620 917 2669 aperte
940 2613 1121 2657 uidetur
1142 2613 1429 2669 interpretari
1452 2610 1703 2661 stultitiam3
1731 2616 1797 2650 ta-

163 2702 286 2742 men,
309 2689 419 2744 quid
446 2689 691 2746 intelligat,
721 2690 819 2746 ipse
850 2689 1031 2744 uiderit3
1072 2704 1156 2734 nos
1188 2691 1300 2733 nihil
1331 2703 1568 2732 monemur
1605 2685 1792 2737 iniuriis3

164 2764 292 2823 quin,
315 2765 444 2820 iuxta
472 2765 615 2809 nostri
642 2766 1105 2823 instituti-rationem,
1130 2768 1228 2811 illas
1256 2767 1407 2824 potius
1436 2774 1481 2809 et
1503 2776 1796 2820 quascunque

163 2842 479 2896 contumelias,
518 2857 602 2898 pro
640 2841 715 2888 X.i
745 2842 930 2888 nomine
956 2852 1002 2888 et
1038 2844 1230 2888 ueritate
1268 2842 1531 2892 Societatis,
1572 2839 1794 2882 sustinere

161 2917 490 2963 desideramus.
516 2920 610 2964 Sed
630 2919 710 2975 qui
741 2919 858 2964 scire
890 2927 1039 2976 potest
1077 2923 1130 2964 P.
1173 2923 1255 2964 Bo.
1293 2919 1586 2974 corrigendas
1618 2929 1717 2959 esse
1749 2924 1794 2956 et

230 3041 250 3059 a
275 3031 385 3067 Haec
402 3042 473 3067 sex
487 3032 608 3067 verba
621 3033 954 3083 constitutionum
968 3037 1050 3072 et...
1067 3035 1175 3072 vel...
1187 3034 1303 3081 falsa
1320 3036 1396 3079 pro
1413 3032 1515 3067 veris
1531 3036 1620 3064 sunt
1639 3027 1796 3063 Polanci

163 3100 283 3126 manu
301 3096 474 3126 exarata.

343 3154 456 3185 Eunu.
478 3155 516 3184 P.
539 3155 675 3193 Nixon,
692 3164 768 3186 rou.
789 3157 854 3187 IV.
1582 3156 1611 3182 ¹¹
