2098 3470
1481 2 1485 23 ·
1636 4 1657 24 ν
1804 7 1829 18 ’-
1859 5 1862 7 “
1905 4 1915 11 ·
1939 0 2098 46 asta-m

343 299 413 345 258
814 302 970 338 PA'rms
996 303 1240 339 Hnmoiwm
1267 302 1417 340 NADAL

385 403 623 446 Habeatur
645 418 754 446 cura
774 403 970 461 diligens
994 411 1043 446 ut
1066 403 1277 460 religiose
1297 405 1408 448 fiant
1430 406 1747 452 recreationes.

383 479 671 524 Adhibeatur
692 494 802 524 cura
823 488 869 525 et
891 480 1129 537 disciplina
1152 480 1508 536 Segismundo...

384 557 541 600 Placet
563 565 614 599 ut
635 556 698 600 ita
719 557 861 600 nostri
884 559 1048 602 adeant
1069 557 1216 600 officia
1238 558 1561 612 ecclesiastica,
1588 567 1637 603 ut
1666 560 1790 604 nulla
1818 575 1925 618 pro-

294 640 450 689 pterea
473 633 684 678 uideatur
705 634 909 678 contrahi
933 633 1153 690 obligatio
1175 634 1273 678 eius
1296 635 1374 678 rei.
1401 635 1648 680 Contiones
1670 644 1822 682 tamen
1838 645 1857 664 ²

386 709 643 766 Diligenter
660 718 788 754 curet
810 717 957 755 rector
979 717 1030 752 ut
1051 724 1190 753 cocus
1211 725 1302 753 non
1324 711 1382 754 sit
1403 718 1634 766 externus,
1658 714 1738 756 sed
1758 728 1815 757 ex
1830 715 1925 758 fra—
1962 748 1965 750 -

292 786 454 830 tribus.

379 865 442 908 Vt
465 864 607 907 nostri
629 865 783 908 lauent
805 865 1018 908 scutellas
1042 872 1126 910 25³0
1147 879 1344 910 mensae.

380 941 682 985 Coadiutores
707 929 959 985 uestiantur
981 942 1133 985 colore
1155 932 1314 985 eodem
1338 955 1443 985 cum
1466 943 1681 986 fratribus
1702 943 1800 988 aliis
1827 946 1856 988 ¹.

375 1019 613 1062 Habeatur
635 1018 747 1063 ratio
769 1018 1010 1075 peculiaris
1031 1018 1363 1071 coadiutorum‚
1385 1020 1764 1075 quemadmodum
1783 1021 1919 1064 docet

285 1097 509 1150 quaedam
531 1095 772 1139 instructio
793 1097 850 1138 de
872 1095 958 1138 illis
981 1096 1100 1139 facta
1122 1096 1153 1139 ².

373 1172 630 1229 Diligenter
651 1174 727 1216 det
749 1187 930 1228 operam
949 1179 1112 1224 rector,
1140 1179 1204 1224 ut,
1238 1171 1314 1227 qui
1343 1187 1434 1215 non
1463 1172 1613 1216 sciunt
1635 1173 1914 1230 germanice,
1955 1183 1960 1188 “

283 1249 462 1293 discant
484 1251 634 1305 quoad
656 1257 885 1306 poterunt:
925 1264 1082 1292 omnes
1103 1256 1255 1293 autem
1283 1250 1528 1304 loquantur
1549 1250 1687 1293 latine
1708 1251 1783 1294 uel
1804 1265 1912 1308 ger-

286 1327 477 1372 manice.
642 1386 646 1390 .
1180 1313 1189 1321 ’

371 1406 571 1461 Tempus
592 1403 808 1447 orationis
830 1399 1139 1460 uespertinum
1163 1411 1466 1448 commutetur
1487 1404 1533 1447 in
1553 1419 1644 1448 uno
1661 1405 1914 1461 quadrante

285 1480 333 1523 in
357 1487 537 1538 tempus
558 1488 664 1524 ante
685 1495 930 1525 coenam...

372 1558 513 1602 Pallia
535 1559 647 1601 fiant
670 1557 1028 1601 coadiutoribus.

369 1637 432 1680 Vt
454 1635 564 1680 satis
585 1636 664 1679 fiat
685 1637 750 1679 M.
777 1635 921 1679 Paulo
948 1634 1221 1679 flaindrense
1242 1633 1276 1688 b;
1303 1634 1600 1691 conqueritur
1621 1634 1741 1680 enirn
1765 1636 1823 1681 de
1845 1650 1913 1679 ra-

278 1712 479 1756 tionibus
503 1715 556 1756 P.
576 1712 767 1770 Joannis
790 1711 1090 1755 Rabenstain.

366 1786 627 1846 Diligenter
644 1796 773 1834 curet
795 1788 999 1845 superior
1027 1796 1094 1841 ut,
1125 1788 1163 1831 si
1186 1803 1275 1844 qua
1297 1788 1518 1845 perfectio
1544 1788 1590 1832 in
1619 1789 1913 1834 recreationi-

276 1868 364 1910 bus
385 1866 607 1910 habendis
628 1865 927 1918 desideretur,
948 1880 1002 1909 ea
1024 1865 1303 1910 restituatur.
1331 1866 1469 1921 Quod
1490 1865 1529 1908 si
1547 1880 1715 1922 magna
1734 1866 1911 1910 uidetur

275 1946 373 1988 fore
394 1943 638 1987 difficultas
655 1942 792 1986 huius
810 1942 1125 1995 restitutionis,
1150 1949 1421 1986 moneantur
1441 1944 1603 1986 fratres
1621 1943 1718 1986 fore
1737 1950 1787 1986 ut
1803 1957 1911 1986 con-

274 2021 492 2064 stituatur
514 2019 719 2076 superior
741 2019 787 2062 in
810 2019 1106 2072 recreatione,
1132 2019 1206 2062 cui
1223 2019 1420 2063 debeant
1437 2019 1637 2072 obedire,
1658 2026 1710 2062 ut
1727 2019 1906 2064 rectori.

363 2097 587 2142 Melchior
608 2103 783 2153 repetat
807 2096 1148 2153 grammaticam
1171 2103 1216 2140 et
1237 2104 1495 2151 componat.

363 2173 567 2231 Insignia
589 2175 827 2217 doctorum
849 2174 961 2216 fiant
983 2173 1144 2217 saltem
1167 2173 1306 2216 tria...

363 2251 665 2295 Prouideatur
694 2265 751 2294 ne
779 2249 838 2294 sit
865 2249 1062 2294 incendii
1090 2249 1341 2305 periculum
1375 2265 1432 2294 ex
1465 2257 1593 2306 parte
1623 2249 1789 2293 camini
1821 2263 1908 2294 cu-

273 2329 409 2373 linae.

361 2407 527 2450 Petrus
550 2411 815 2460 computare
836 2410 882 2446 et
899 2403 1098 2447 scribere
1119 2403 1279 2446 discat.

356 2483 545 2526 Clauem
568 2481 687 2534 ostii,
713 2481 834 2536 quod
856 2480 1051 2536 pertinet
1073 2481 1130 2523 ad
1151 2479 1401 2544 sacristiam
1425 2494 1480 2523 ex
1503 2480 1800 2532 bibliotheca,
1822 2481 1904 2522 ha-

270 2562 375 2605 beat
396 2574 516 2602 unus
538 2575 594 2603 ex
617 2558 846 2609 fratribus,
873 2557 945 2599 cui
968 2556 1243 2601 commiserit
1264 2564 1432 2609 rector,
1458 2564 1503 2601 et
1525 2556 1583 2600 sit
1600 2556 1763 2600 ianitor
1784 2556 1906 2600 illius

266 2637 386 2689 ostii,
413 2651 504 2692 quo
522 2643 724 2691 tempore
747 2636 905 2678 Patres
928 2641 973 2677 et
996 2635 1157 2678 fratres
1179 2633 1371 2677 ueniunt
1393 2634 1451 2676 ad
1473 2633 1695 2687 officium,
1723 2632 1902 2676 contio·
1961 2682 1964 2683 ⁷

265 2730 370 2758 nem
392 2722 500 2767 ete.;
525 2721 570 2756 et
593 2712 819 2763 sacerdos,
846 2710 922 2766 qui
948 2710 1039 2753 illic
1062 2711 1261 2754 celebrat
1288 2710 1489 2762 missam,
1524 2717 1598 2754 eat
1618 2725 1698 2766 per
1719 2709 1901 2753 ianuam

265 2790 462 2847 collegii,
488 2798 534 2834 et
556 2789 670 2832 alius
691 2788 844 2850 nullus
865 2788 1029 2830 habeat
1051 2788 1227 2830 clauem
1256 2786 1377 2829 illius
1399 2786 1518 2830 ostii.

337 2915 354 2931 a
380 2903 445 2939 Sic
463 2903 503 2937 in
522 2913 593 2937 ms.
615 2912 735 2936 sensu
752 2899 1002 2945 incompleto.
1055 2901 1120 2926 ——b
1139 2898 1224 2934 Sic.

339 3002 345 3020 ¹
398 2997 499 3033 Vide
518 2996 631 3042 infra,
651 2996 752 3031 inter
771 2994 920 3030 Natalis
939 2993 1232 3039 instructiones,
1252 2986 1534 3040 paragraphum
1553 2994 1636 3029 «De
1656 2994 1838 3040 vestitum
1858 2999 1899 3029 et

265 3059 619 3103 BRAUNSBERGER‚
642 3057 716 3091 loc.
736 3054 819 3099 cit.,
841 3054 908 3100 IV,
930 3053 1105 3098 347-349.

334 3121 348 3140 2
400 3117 494 3152 Eam
512 3116 634 3151 habes
653 3114 768 3161 infra,
787 3114 888 3149 inter
907 3112 1057 3148 Natalis
1076 3112 1372 3148 instructiones.
