2098 3470
9 1335 10 1338 „
0 1139 16 1303 ‚inqui-⁷,

552 237 827 297 Monuinmn
852 266 1111 296 movmcnuz
1134 258 1476 303 Fumant—57
1737 255 1809 303 343

307 361 553 418 Hospitum
581 361 946 418 recipiendorum
975 374 1066 403 non
1094 359 1319 403 habemus
1347 358 1742 411 consuetudinem,
1770 360 1853 402 ha-

218 438 379 482 bemus
398 437 519 482 enim
538 438 760 495 regulam,
785 451 903 494 quae
927 435 1137 494 prohibet
1164 434 1368 491 hospites
1395 434 1612 491 recipere,
1644 438 1734 479 hoc
1763 443 1850 490 est,

216 521 429 559 externos
451 514 658 560 homines
678 514 864 557 domum
886 520 931 558 et
953 513 1011 556 ad
1031 511 1272 569 prandium
1299 518 1346 556 et
1372 525 1578 563 coenam,
1610 520 1655 556 et
1683 513 1851 556 lectum

216 590 437 648 accipere:
468 591 751 647 hospitalitas
772 597 925 635 tamen
946 604 1039 633 non
1060 589 1326 646 negligitur,
1351 589 1433 632 sed
1453 588 1588 631 amici
1610 589 1853 644 aliquando

217 674 408 724 possunt
430 667 613 712 inuitari
635 668 692 711 ad
706 654 944 724 prandium
962 666 1036 710 uel
1050 680 1256 717 coenam,
1277 665 1414 709 etiam
1431 665 1477 707 in
1496 665 1751 717 refectorio,
1774 666 1850 709 ubi

137 743 141 745 ’
214 743 278 787 ita
298 744 502 789 censebit
523 744 743 801 superior,
766 752 813 788 et
832 743 1005 788 videbit
1026 743 1137 786 illud
1158 742 1385 799 pertinere
1407 743 1464 785 ad
1486 742 1849 788 aedificationem

215 827 263 864 et
284 821 483 864 fructum
506 820 702 877 aliquem
725 820 1018 878 spiritualem.

304 898 485 954 Relapsi
506 899 552 941 in
574 897 795 942 haeresim
817 897 993 941 absolui
1014 904 1220 953 possunt,
1244 898 1487 941 obseruata
1510 903 1663 940 tamen
1685 897 1845 940 condi-

214 962 338 1020 tione
363 975 594 1020 literarum
623 974 864 1019 cardinalis
889 974 1036 1031 pisani
1063 974 1121 1018 ad
1157 980 1490 1030 augustanum;
1527 981 1574 1018 et
1609 974 1849 1030 supposito

212 1052 335 1108 quod
371 1053 569 1097 habeant
603 1052 649 1095 in
684 1051 757 1096 his
793 1051 1057 1108 regionibus
1094 1051 1360 1095 facultatem
1400 1066 1426 1094 a
1469 1052 1607 1095 Patre
1644 1052 1846 1107 generali

198 1127 480 1192 ‘absoluendi
497 1130 554 1172 ab
576 1128 769 1174 haeresi.

300 1206 467 1250 Nullus
487 1206 613 1263 legat
632 1205 774 1249 libros
799 1205 1056 1249 haereticos
1084 1206 1158 1249 uel
1186 1205 1439 1262 prohibitos
1460 1205 1507 1247 in
1535 1205 1744 1261 catalogo
1773 1220 1846 1249 ro-

210 1296 361 1335 mano,
386 1283 459 1327 vel
482 1289 634 1326 utatur
656 1283 870 1332 facultate
891 1282 1042 1338 aliqua
1062 1296 1141 1325 eos
1161 1282 1360 1338 legendi,
1386 1282 1473 1325 nisi
1494 1296 1630 1337 quam
1655 1282 1846 1326 haberet

209 1373 237 1410 a
258 1358 394 1403 Patre
414 1359 632 1416 generali,
657 1359 732 1403 uel
752 1373 833 1416 per
859 1358 1024 1416 ipsum;
1049 1359 1191 1416 possit
1218 1366 1367 1403 tamen
1398 1366 1561 1410 rector,
1587 1359 1661 1403 vel
1682 1359 1759 1414 qui
1782 1360 1838 1402 ab

206 1435 287 1479 illo
307 1436 639 1493 desighabitur,
664 1436 858 1492 aliquem
879 1435 1044 1480 librum
1065 1436 1235 1493 legere,
1256 1443 1307 1478 ut
1329 1436 1533 1492 exploret
1554 1450 1612 1478 an
1629 1436 1688 1479 sit
1706 1437 1843 1492 plane

206 1512 463 1558 haereticus
483 1519 531 1556 et
550 1512 874 1570 prohibendus,
894 1512 981 1556 nisi
1002 1512 1169 1568 alioqui
1190 1512 1319 1566 sciat3
1345 1513 1468 1568 quod
1484 1526 1589 1555 cum
1606 1526 1662 1556 ex
1680 1512 1842 1557 lectio-

206 1603 266 1634 ne
293 1589 641 1646 deprehenderit
670 1604 771 1634 esse
798 1589 1099 1642 haereticum,
1124 1603 1182 1633 ne
1210 1589 1398 1633 vlterius
1429 1590 1586 1646 legant
1601 1623 1610 1641 ,
1650 1591 1731 1634 sed
1765 1604 1839 1633 se-

139 1679 144 1692 *
205 1673 396 1722 ponant.
438 1668 441 1670 “

292 1732 538 1799 separetur
558 1742 850 1796 bibliotheca,
876 1743 1258 1798 quemadmodum
1282 1745 1336 1788 P.
1361 1743 1537 1787 Natalis
1552 1743 1678 1791 dicit,
1699 1744 1842 1787 altera

141 1818 143 1821 ’
205 1826 396 1872 secreta,
422 1819 563 1864 altera
583 1819 852 1863 communis.

293 1897 689 1954 Quemadmodum
711 1911 820 1940 vero
841 1897 931 1940 sint
952 1897 1178 1953 purgandi
1198 1896 1317 1949 libri,
1348 1897 1566 1941 indicabit
1594 1897 1834 1954 scriptum,

202 1974 327 2030 quod
347 1975 404 2018 de
424 1988 478 2019 ea
499 1988 549 2018 re
569 1973 695 2018 dedit
716 1976 770 2018 P.
797 1974 985 2018 Natalis.
1195 1962 1199 1967 ’

290 2049 462 2095 Nouitii
483 2050 695 2095 videntur
706 2064 817 2112 'esse
838 2050 1076 2107 separandi
1097 2065 1202 2094 cum
1223 2065 1310 2094 suo
1333 2052 1563 2107 praefecto
1584 2059 1629 2095 et
1646 2052 1835 2095 coadiu-

203 2135 316 2181 tore,
346 2127 424 2170 vbi
450 2126 679 2172 videbitur
705 2126 1139 2171 commodissimum.
1172 2128 1345 2172 Poterit
1373 2128 1509 2172 etiam
1540 2129 1674 2180 alius,
1709 2128 1746 2172 si
1779 2129 1837 2172 sit

130 2213 132 2216 ’
203 2218 406 2258 necesse,
429 2218 535 2248 cum
555 2204 644 2248 illis
664 2204 872 2250 habitare
892 2205 1113 2261 probatus
1137 2206 1272 2250 Pater
1294 2206 1368 2249 uel
1391 2206 1544 2249 frater.

210 2291 212 2293 ’
288 2283 508 2338 Vespere,
531 2281 570 2324 si
590 2288 847 2334 cantentur,
877 2282 1258 2336 quemadmodum
1287 2283 1513 2327 hactenus
1540 2285 1712 2326 factum
1746 2291 1831 2334 est,

199 2371 260 2402 ne
279 2365 522 2402 cantentur
542 2358 588 2401 in
610 2357 719 2415 ipsis
742 2366 834 2402 tres
854 2357 1032 2414 psalmi,
1062 2359 1143 2403 sed
1171 2358 1389 2414 quinque,
1413 2361 1665 2403 secundum
1697 2359 1833 2402 ritum

200 2434 574 2479 ecclesiasticum:
599 2449 740 2491 quare
768 2442 1033 2490 sequentur,
1058 2449 1150 2478 non
1176 2435 1453 2479 breuiarium
1482 2451 1652 2478 nouum
1689 2438 1717 2489 ¹,
1751 2437 1832 2479 sed

198 2510 437 2568 antiquum
460 2525 610 2555 usum.

285 2587 335 2633 Si
370 2589 552 2644 quando
587 2595 774 2631 cantant
810 2588 1009 2641 missam,
1049 2603 1141 2631 non
1183 2589 1428 2632 adhibeant
1468 2589 1708 2632 diaconum
1753 2596 1831 2630 aut

197 2664 544 2719 subdiaconum,
568 2665 649 2709 sed
671 2664 840 2709 faciant
860 2665 1245 2720 quemadmodum
1263 2667 1437 2710 Rornae
1459 2676 1527 2708 est
1546 2666 1831 2708 consuetudo

197 2740 495 2786 Societatis...

285 2817 680 2879 Quemadmodum
703 2821 926 2862 hactenus
946 2833 1003 2862 ex
1020 2819 1177 2871 literis,
1198 2833 1311 2874 quas
1329 2820 1498 2861 habent
1516 2819 1572 2860 ad
1591 2820 1643 2860 P.
1667 2817 1830 2860 Adria—

271 3003 280 3023 ¹
331 3001 575 3038 Breviarium
591 3013 736 3038 novum
753 3014 775 3038 a
791 3002 976 3042 cardinali
995 3002 1220 3048 Quignonio
1237 3002 1510 3048 compositum.
1527 3000 1589 3039 Cf.
1610 3000 1756 3036 Cartas
1779 3001 1832 3037 de

197 3060 246 3096 S.
274 3060 454 3108 Ignacio,
471 3061 540 3108 IV,
558 3060 643 3107 498.
