2098 3470
284 239 353 276 552
754 232 908 269 PArms
935 233 1177 270 HtERONYM'I
1203 233 1239 268 N
1242 242 1354 270 Anu.

237 333 406 376 stantia
427 333 534 386 eius·
553 340 623 375 est
651 334 926 389 exploranda
954 334 1231 389 aliquandiu.
1265 335 1403 390 Quod
1435 335 1472 379 si
1504 335 1728 380 iudicetur
1764 351 1864 381 esse

236 417 467 461 constans,
493 417 645 453 tamen
669 410 832 466 poterit
855 410 917 452 illi
941 410 1187 466 significari
1210 412 1328 454 nolle
1351 426 1434 454 nos
1454 411 1579 455 illum
1608 412 1861 466 admittere,

237 486 320 529 nisi
351 487 513 531 habeat
544 494 782 542 parentum
811 501 997 529 suorum
1028 488 1100 530 vel
1129 502 1303 540 eorum,
1336 488 1413 543 qui
1435 496 1453 514 ²
1483 489 1729 545 legitimam
1767 489 1865 534 eius

237 564 408 608 habent
431 577 604 616 curam,
630 578 919 615 consensum3
947 573 990 607 et
1015 564 1162 619 ipsum
1186 565 1351 608 debere
1371 566 1458 608 hoc
1482 580 1645 622 Vrgere
1668 580 1747 622 per
1763 565 1863 610 lite-

238 655 326 693 ras,
353 640 388 683 si
412 647 625 696 parentes
647 655 737 683 non
762 641 927 694 adsint3
953 650 998 683 et
1021 640 1055 683 si
1077 642 1144 683 vel
1165 649 1468 694 consentlant,
1491 643 1560 685 vel
1577 642 1759 684 omnino
1777 655 1866 684 non

238 717 507 761 dissentiant
530 725 758 774 parentes,
779 717 943 774 poterit
962 717 1117 772 recipi.
1140 719 1242 760 Hoc
1265 718 1534 775 intelligitur
1555 719 1592 761 si
1615 718 1704 762 sint
1725 718 1867 761 nostri

239 793 514 846 scholastici,
540 794 803 850 praesertim
828 809 918 836 non
940 795 1073 849 plane
1096 794 1414 850 adusti-Quod
1431 794 1468 838 si
1485 809 1641 839 eorum
1659 802 1868 851 parentes

239 871 310 914 vel
334 878 508 915 tutores
530 885 621 913 non
645 878 798 915 essent
821 870 891 914 501
912 870 1142 922 catholici,
1169 879 1217 913 vt
1233 871 1278 913 in
1296 872 1557 925 Germania,
1577 871 1740 928 Gallia,
1760 885 1868 914 con-

239 937 418 1004 tingere
440 954 605 1003 potest,
626 955 672 992 et
691 947 926 991 timeretur
949 947 1160 991 iuuenem
1185 962 1285 991 esse
1307 948 1353 990 in
1374 941 1591 1004 periculo,
1611 948 1746 991 etiam
1762 947 1867 992 fidei

239 1024 396 1080 ipsius,
428 1024 514 1068 nisi
543 1025 836 1081 reciperetur,
874 1025 1014 1080 possit
1052 1024 1207 1067 referri
1236 1025 1479 1081 negocium
1513 1024 1865 1080 ad'principem‚

241 1101 514 1144 catholicum
531 1101 728 1155 scilicet,
755 1109 799 1143 et
823 1116 958 1156 agere
981 1109 1030 1142 vt
1054 1101 1190 1157 recipi
1214 1102 1355 1157 possit
1377 1100 1409 1145 b.
1437 1103 1494 1144 Et
1515 1102 1553 1144 si
1575 1103 1660 1144 hac
1683 1101 1756 1144 via
1778 1115 1869 1144 non

240 1179 524 1231 succederet,
550 1178 636 1221 alia
658 1186 777 1222 esset
801 1179 1034 1221 tentanda:
1061 1178 1146 1220 alia
1169 1178 1303 1222 etiam
1321 1179 1597 1235 exploranda
1613 1186 1732 1222 esset
1752 1177 1870 1221 inter

238 1254 502 1307 catholicos,
528 1254 565 1297 si
594 1269 844 1298 consensus
872 1270 962 1297 non
992 1264 1145 1310 posset
1173 1269 1200 1298 a
1233 1254 1493 1310 parentibus
1532 1255 1605 1299 vel
1642 1253 1870 1297 tutoribus

238 1332 513 1387 extorqueri,
535 1331 738 1374 adhibita
761 1332 913 1388 sagaci
938 1332 1086 1386 aliqua
1108 1331 1329 1374 industria
1351 1331 1394 1373 in
1417 1332 1629 1374 Domino.

328 1408 770 1452 Decimumtertium.
836 1409 907 1451 Ad
937 1409 1173 1465 superiora
1201 1408 1312 1452 illud
1342 1418 1411 1452 est
1439 1410 1711 1462 addendum,
1739 1422 1872 1464 posse

239 1501 338 1538 nos,
360 1485 434 1528 vbi
452 1485 536 1540 aliq
546 1485 612 1528 uis
630 1495 903 1538 occurreret,
923 1501 1058 1541 quem
1082 1486 1385 1529 iudicaremus
1409 1487 1503 1530 fore
1521 1487 1577 1529 ad
1595 1485 1870 1530 Societatem

242 1570 414 1619 aptum,
439 1571 484 1605 et
505 1577 618 1618 puer
641 1578 733 1604 non
757 1571 891 1614 esset,
919 1562 955 1605 si
979 1563 1065 1605 iam
1090 1563 1244 1606 adulta
1266 1570 1429 1615 aetate,
1454 1570 1499 1606 et
1516 1562 1603 1605 alio
1625 1569 1759 1618 pacto
1781 1575 1872 1604 non

242 1639 473 1684 videretur
496 1639 660 1698 adduci
683 1654 815 1694 posse
838 1641 894 1681 ad
917 1640 1206 1692 Societatem,
1227 1639 1289 1682 illi
1308 1640 1643 1684 communicare
1659 1638 1873 1683 exercitia

243 1715 493 1773 spiritualia
515 1730 618 1759 cum
643 1717 959 1769 electionibus,
985 1716 1031 1759 in
1061 1716 1227 1772 quibus
1255 1724 1375 1761 esset
1402 1717 1487 1773 ipsi
1519 1716 1787 1777 eligendum.
1816 1716 1873 1757 de

242 1802 363 1837 statu
387 1794 507 1837 vitae
529 1808 653 1837 suae.
681 1795 812 1837 Esset
835 1794 941 1837 item
965 1794 1074 1838 vtile
1096 1793 1210 1846 aliis,
1231 1809 1346 1849 quos
1367 1795 1425 1837 ad
1447 1795 1570 1836 hunc
1592 1807 1779 1849 scopum
1795 1807 1873 1836 Ve-

241 1871 375 1913 limus
398 1870 573 1924 iuuare,
598 1877 647 1912 vt
668 1870 756 1913 illis
778 1872 1118 1914 consuleremus
1141 1886 1224 1914 suo
1246 1872 1347 1923 loco
1365 1871 1602 1914 commode
1619 1869 1708 1922 5⁰2
1725 1870 1874 1913 facere

239 1947 572 1990 confessionem
596 1948 856 2003 generalem
879 1947 1080 1990 omnium
1105 1947 1247 1990 totius
1260 1947 1387 1990 ‘vitae
1404 1954 1695 2003 peccatorum
1713 1946 1869 1998 seme13

242 2034 287 2067 et
317 2040 411 2067 non
442 2021 672 2067 videretur
704 2024 918 2077 alienum,
951 2025 988 2067 si
1021 2024 1108 2067 illis
1142 2025 1422 2067 traderemus
1455 2022 1668 2068 exercitia
1704 2021 1900 2079 primae.

242 2102 555 2153 hebdomadis,
581 2108 626 2144 et
649 2102 866 2157 pauculas
890 2101 1223 2154 meditationes,
1255 2101 1381 2144 iuxta
1410 2115 1479 2152 ea,
1513 2114 1630 2156 quae
1658 2105 1875 2163 notantur

239 2178 285 2221 in
317 2179 484 2221 vltimis
513 2177 738 2234 capitibus
771 2178 1016 2234 primarum
1054 2179 1398 2221 annotationum
1435 2177 1752 2222 exercitiorum
1790 2190 1874 2218 no-

241 2263 456 2299 strorum.

322 2390 384 2419 DE
418 2387 879 2418 EXHORTATIONIBUS
914 2389 973 2418 ET
1007 2388 1394 2419 COLLATIONIBUS
1429 2385 1797 2418 SPIRITUALIBUS

336 2486 604 2531 Exhortatio
627 2488 849 2530 habeatur
872 2488 1030 2530 saltem
1055 2487 1248 2544 singulis
1270 2487 1503 2531 mensibus
1525 2487 1582 2528 de
1602 2483 1874 2537 obedientia3

247 2579 347 2610 eam
372 2572 523 2609 autem
546 2565 712 2608 habeat
733 2565 803 2607 vel
827 2565 1032 2620 superior
1054 2566 1231 2616 domus,
1256 2565 1329 2607 vel
1351 2564 1481 2616 alius,
1507 2577 1641 2618 quem
1657 2561 1732 2605 ille
1753 2561 1876 2605 dele-

244 2642 378 2699 gerit,
404 2641 482 2697 qui
505 2641 622 2686 inter
644 2648 848 2684 caeteros
871 2642 971 2696 plus
994 2643 1078 2684 hac
1106 2641 1154 2683 in
1178 2656 1226 2684 re
1248 2641 1411 2685 valeat.

334 2719 539 2776 Singulis
561 2717 701 2763 sextis
719 2718 841 2760 feriis
858 2720 1082 2762 habeatur
1100 2718 1359 2762 exhortatio
1375 2718 1448 2761 vel
1464 2716 1646 2760 collatio
1663 2732 1689 2760 a
1705 2722 1879 2758 rectore

243 2797 314 2839 vel
337 2796 424 2839 alio
446 2795 597 2851 aliquo
620 2803 652 2848 ⁰,
673 2795 729 2837 ad
747 2797 832 2837 hoc
850 2796 1044 2848 delecto,
1066 2802 1110 2839 et
1135 2796 1212 2838 fiat
1234 2797 1322 2838 hoc
1345 2796 1494 2837 modo:
1517 2793 1878 2849 quotiescunque

244 2873 330 2917 erit
354 2873 612 2916 inchoanda
629 2872 778 2929 aliqua
801 2872 987 2922 materia
1009 2872 1054 2914 in
1079 2872 1169 2917 503
1192 2869 1735 2923 exhortationibus,‚feria
1752 2875 1880 2911 sexta

314 3034 331 3051 a
382 3034 482 3068 quae
501 3034 571 3060 ms.
626 3023 691 3050 —b
712 3024 843 3069 posset
861 3033 935 3057 ms.
988 3043 1019 3047 —
1033 3031 1049 3049 e
1076 3022 1160 3057 alio
1178 3022 1315 3067 aliquo
1333 3020 1418 3056 alio
1437 3032 1509 3056 ms.
