2098 3470
525 281 803 318 Kouma-ra
826 281 1086 318 Gssmmmss
1108 281 1455 318 sumzmoms-38
1693 281 1764 329 243

255 383 460 428 Primum
480 384 539 426 ad
554 397 651 439 eas,
676 397 790 439 quas
811 381 962 439 recepi
979 383 1240 440 Augustae,
1259 383 1390 427 datas
1408 384 1465 426 26
1481 384 1623 442 Junii.

0 474 13 504 r
257 461 399 517 Quod
424 459 536 504 dicit
565 460 798 505 ordinasse
824 474 915 513 me,
938 466 990 502 vt
1018 459 1214 518 singulis
1240 459 1404 505 diebus
1436 460 1565 504 festis
1596 469 1643 504 et
1665 462 1808 506 domi-

82 525 86 527 *
159 536 282 582 uicis
304 539 358 582 P.
381 538 562 594 Gaspar
581 544 655 581 eat
675 537 995 581 concionatum
1015 537 1074 580 ad
1089 551 1235 593 pagos
1255 545 1302 581 et
1322 536 1690 590 sacrificandum,
1711 554 1805 582 non

159 615 231 659 ita
248 614 456 672 intelligo
482 623 532 657 vt
558 615 711 658 nullus
740 614 839 658 dies
866 613 1011 657 festus
1047 620 1128 656 aut
1161 614 1419 658 dominicus
1456 614 1800 659 intermittatur:

162 691 304 735 immo
323 699 396 735 sat
415 698 528 748 puto
547 705 664 744 esse,
688 691 727 735 si
747 699 912 736 octauo
932 705 1116 747 quoque
1136 690 1210 734 die
1231 692 1372 736 semel
1393 701 1485 745 eat,
1507 699 1554 736 et
1575 692 1710 736 etiam
1735 708 1804 736 ra·

164 767 262 814 rius
281 769 542 825 aliquando,
561 768 600 812 si
620 768 685 812 ita
704 768 915 814 videatur
937 767 1119 812 rectori.

226 848 229 851 ’
254 847 318 890 Μ.
343 846 579 890 Gerardus
599 845 861 902 Lapidanus
881 845 1096 889 succedet
1117 844 1165 887 in
1186 852 1425 898 autumno,
1449 846 1539 889 hoc
1560 854 1631 891 est
1651 846 1699 889 in
1731 862 1805 892 re-

162 922 410 967 nouatione
430 922 702 975 studiorum,
738 925 802 967 M.
837 922 1049 975 Renier03
1088 930 1136 966 et
1166 930 1426 978 apponatur
1463 923 1527 966 illi
1562 924 1720 967 vinum
1758 933 1805 970 et

155 999 372 1053 ceruisia,
396 1000 781 1056 quemadmodum
802 999 1135 1052 sacerdotibus,
1154 1007 1202 1044 et
1222 998 1369 1056 primo
1392 1014 1575 1056 quoque
1598 1008 1803 1058 ternpore

161 1077 244 1120 fiat
263 1077 498 1122 sacerdos,

250 1154 324 1198 De
337 1153 691 1205 contributione,
715 1153 754 1196 si
775 1167 992 1198 numerus
1013 1153 1291 1198 nouitiorum
1307 1154 1445 1199 faciat
1465 1162 1514 1197 vt
1536 1155 1628 1198 sint
1647 1156 1804 1212 plures

163 1229 392 1276 Monachii
414 1245 550 1286 quam
571 1242 630 1285 24
650 1231 724 1275 uel
747 1241 820 1285 25,
840 1230 920 1275 fiet
941 1230 1219 1275 contributio
1237 1247 1294 1276 ex
1310 1238 1507 1288 quatuor
1528 1233 1737 1290 collegiis
1758 1242 1805 1278 et

158 1307 300 1351 domo
319 1315 602 1364 augustana,
626 1314 809 1351 seruata
837 1307 1133 1364 proportione
1164 1308 1411 1362 redituum,
1452 1309 1609 1353 habita
1647 1317 1803 1355 tamen

160 1383 340 1428 ratione
349 1383 551 1428 caritatis
567 1385 642 1429 uel
656 1383 842 1428 vilitatis
858 1399 1083 1437 annonae,
1094 1399 1230 1440 quarn
1247 1386 1544 1443 experiuntur
1554 1387 1751 1444 collegia
1767 1389 1797 1431 ¹.

242 1461 446 1519 Joannes
465 1460 690 1505 Velchius
717 1469 764 1504 et
796 1462 981 1506 Samuel
1012 1461 1251 1506 mittantur
1283 1476 1388 1506 cum
1423 1465 1475 1506 P.
1512 1464 1714 1508 Roberto
1751 1472 1798 1509 et

30 1521 36 1533 ⁶
76 1574 81 1581 ἶ
157 1535 424 1581 Alexandro
443 1537 772 1594 Oenipontum;
805 1538 999 1583 Carolus
1026 1552 1137 1582 uero
1158 1538 1367 1582 mittatur
1395 1541 1659 1597 Augustam
1690 1555 1796 1584 cum

55 1597 62 1605 ι
154 1613 305 1672 equis,
329 1622 381 1658 vt
399 1615 506 1658 inde
525 1615 679 1659 veniat
699 1615 949 1672 Dilingam.

246 1692 499 1736 Godfridus
518 1692 673 1736 veniat
693 1706 798 1736 cum
821 1693 988 1736 Carolo
1009 1694 1292 1750 Augustam.

243 1769 478 1814 Abraham
510 1777 557 1814 et
586 1763 866 1823 Gulielmus,'
895 1769 933 1813 si
966 1785 1062 1814 non
1097 1770 1407 1820 discesserunt
1444 1771 1794 1828 Ingolstadium,

154 1856 371 1890 maneant
392 1847 543 1890 adhuc
564 1848 623 1890 ad
644 1855 752 1891 octo
774 1846 888 1892 dies.

236 1922 398 1969 'Sunel
418 1930 568 1981 potest
591 1925 643 1967 P.
666 1924 840 1967 Paulus
854 1923 901 1967 in
919 1925 1206 1969 hebdomade
1226 1925 1381 1982 legere
1403 1940 1538 1969 casus
1554 1925 1794 1969 conscien-

107 2058 110 2059 ⁷
139 1998 248 2044 tiae
266 2000 343 2044 uel
369 1999 495 2043 aliud
518 2000 661 2055 domi;
688 2002 812 2057 quod
838 2001 876 2045 si
904 2016 959 2045 ea
985 2001 1122 2046 lectio
1149 2002 1331 2046 videtur
1357 2017 1462 2046 eum
1485 2002 1705 2059 impedire
1738 2016 1796 2046 ne

63 2062 119 2142 ζ’
150 2075 243 2121 alia
262 2075 401 2120 faciat
420 2077 635 2121 exercitia
655 2085 837 2134 praeter
855 2078 1116 2131 conciones,
1141 2078 1369 2135 relinquat
1397 2094 1497 2122 eam
1529 2078 1791 2123 lectionem.

80 2201 82 2205 y
242 2153 313 2196 De
332 2152 433 2197 aliis
453 2154 676 2198 classibus
696 2161 867 2198 statuet
887 2156 944 2199 R.
972 2157 1027 2199 P.
1047 2155 1239 2208 Natalis,
1264 2170 1317 2200 ac
1339 2156 1583 2200 Monachio
1605 2170 1709 2199 mox
1732 2155 1795 2199 si-

88 2244 106 2289 ξ
149 2228 440 2287 gnificabunt
457 2233 510 2275 P.
535 2231 803 2275 Dominicus
824 2239 871 2276 et
891 2233 944 2275 P.
967 2233 1144 2276 Paulus
1161 2233 1271 2289 quid
1291 2233 1350 2278 de
1371 2233 1426 2276 iis
1446 2233 1662 2277 sentiant.

930 2345 1011 2388 :38

538 2427 868 2472 RESPONSA
890 2429 1036 2472 RDO.
1063 2430 1117 2473 P.
1143 2429 1410 2473 LANOYO

374 2534 561 2582 *Annum
594 2535 736 2566 PRms
765 2536 901 2574 QUAM
930 2536 1111 2575 PAULO,
1136 2537 1186 2567 ID
1220 2537 1328 2575 EST,
1375 2525 1484 2578 1562
1516 2524 1551 2568 ².

107 2671 110 2673 Α
243 2613 362 2659 Cum
382 2628 464 2672 per
485 2615 730 2671 collegium
752 2610 939 2672 aliquod
961 2624 1199 2662 transeunt
1223 2620 1384 2661 Patres
1406 2618 1480 2661 vel
1509 2618 1686 2669 fratres,
1712 2617 1791 2672 qui

94 2695 132 2747 n*
151 2689 215 2734 ad
233 2691 321 2735 alia
341 2692 534 2747 collegia
556 2692 942 2746 transmittuntur,
967 2693 1006 2737 si
1029 2693 1139 2749 quid
1159 2694 1248 2750 illis
1285 2695 1420 2739 detur
1447 2694 1599 2736 viatici
1632 2707 1790 2738 neces-

96 2843 101 2846 ·
183 2811 185 2813 ·
223 2790 237 2812 ¹
277 2790 387 2828 vide
410 2791 707 2828 instructionem
730 2793 775 2829 P.
801 2793 951 2830 Natalis
969 2795 1029 2830 De
1052 2794 1212 2830 ratione
1229 2794 1369 2830 alendi
1393 2795 1578 2840 novitios,
1597 2794 1636 2828 in
1655 2793 1788 2839 Epist.

104 2887 111 2898 ,μ
122 2870 142 2891 -7
154 2846 207 2885 P.
224 2849 376 2894 Naaal,
394 2851 464 2897 111,
483 2851 573 2896 782.

112 2899 129 2925 ··³
223 2909 239 2930 ²
286 2909 348 2944 Ex
363 2911 587 2956 apographo
603 2921 767 2955 coaevo,
792 2911 833 2947 in
855 2911 991 2947 codice
1021 2911 1162 2947 Natal.
1190 2913 1309 2949 instr.
1342 2911 1495 2951 Germ„
1516 2909 1620 2944 foliis
1645 2908 1787 2954 26(31)-

102 2964 295 3019 4Ῐη18(33).
313 2967 378 3003 Ad
394 2967 588 3015 quodnam
605 2969 816 3016 collegium
836 2976 1017 3017 spectent
1034 2971 1131 3006 haec
1149 2970 1301 3006 Natalis
1325 2980 1526 3016 responsa,
1547 2967 1727 3015 quamvis
1746 2968 1787 3004 in

82 3068 84 3070 v
108 3017 248 3072 {puis
262 3037 342 3062 non
360 3026 527 3073 dicatur,
548 3039 598 3063 ex
614 3027 700 3074 ipso
717 3028 831 3064 titulo
852 3029 937 3065 erui
960 3039 1075 3076 posse
1105 3029 1276 3074 videtur,
1291 3040 1381 3064 cum
1411 3027 1477 3063 illa
1503 3027 1608 3062 Patri
1640 3027 1790 3073 Lanojo

107 3107 130 3134 3
143 3081 243 3120 *data
257 3083 381 3122 fuisse
398 3094 608 3133 asseratur,
632 3092 674 3123 et
695 3087 854 3134 quidem
877 3099 981 3123 anno
1008 3088 1113 3133 1562,
1130 3099 1209 3135 quo
1229 3093 1405 3134 tempore
1432 3087 1498 3122 ille
1522 3086 1638 3121 Pater
1663 3091 1790 3121 recto·
