2098 3470
575 239 851 277 Monuumuz
875 245 1133 275 Pnovmcuuz
1157 236 1377 273 Aus‘rmffl
1395 244 1472 282 -50
1721 233 1796 272 303

203 351 278 391 est
299 345 358 389 ad
377 357 463 388 sua
492 356 700 395 munera,
738 341 787 384 in
813 339 980 396 quibus
1010 338 1212 396 diligens
1247 346 1334 382 est.
1367 338 1601 395 Robustus
1623 343 1709 381 est.
1734 337 1842 380 Non

205 421 298 466 scit
317 420 536 466 scribere.

294 511 366 554 33.
431 495 681 540 Rodericus
701 494 900 550 loquitur
920 492 1171 550 hispanice:
1197 498 1267 536 est
1282 492 1433 534 bonus
1454 490 1707 532 coadiutor.
1734 491 1839 533 Non

208 575 454 619 admodum
476 574 707 616 robustus.

298 664 370 707 34.
435 650 813 705 Christophorus,
826 646 1013 703 janitor,
1033 645 1234 701 loquitur
1250 643 1528 700 germanice,
1544 643 1838 689 semi-latine.

206 728 312 774 Non
333 727 461 771 nouit
483 727 696 770 scribere.
722 726 874 781 Aptus
894 724 952 767 ad
973 723 1019 766 id
1040 723 1163 778 quod
1186 721 1309 773 facit,
1333 728 1380 764 et
1401 720 1614 776 diligens.

298 815 369 860 35.
437 803 784 847 Bartholomeus
805 800 1169 845 subsacristanus
1191 798 1321 841 nouit
1342 797 1604 853 germanice
1636 805 1682 840 et
1703 797 1842 840 latine

202 889 254 926 et
267 881 482 925 scribere.
507 876 614 924 Non
634 886 707 923 est
732 878 866 922 ualde
893 878 1128 929 robustus,
1159 891 1245 921 nec
1272 877 1331 919 ad
1358 874 1511 918 studia
1538 881 1690 930 aptus.
1726 874 1841 916 Dili-

203 965 369 1016 genter
390 958 579 1000 laborat.

293 1035 366 1091 36.
423 1037 626 1093 Joannes
647 1032 851 1090 Baptista
871 1031 1070 1087 loquitur
1098 1030 1263 1075 italice.
1297 1029 1521 1074 Nonnihil
1549 1028 1721 1072 scribit.
1750 1030 1840 1071 Ro-

126 1109 136 1119 “
205 1112 371 1156 bustus
391 1118 461 1156 est
483 1125 684 1167 corpore.
710 1108 998 1154 Mediocriter
1020 1107 1217 1164 diligens
1238 1107 1285 1151 in
1307 1106 1404 1150 suis
1425 1105 1602 1149 officiis.

295 1200 368 1244 37.
433 1189 692 1231 Matthaeus
715 1186 907 1230 Krabler
927 1185 1057 1228 nouit
1078 1183 1341 1241 germanice
1362 1190 1408 1227 et
1430 1183 1586 1227 latine.
1607 1183 1704 1228 Scit
1727 1198 1841 1227 non—

204 1264 317 1309 nihil
337 1264 551 1309 scribere.
578 1265 811 1307 Robustus
847 1276 1053 1319 corpore.
1095 1263 1281 1318 Ineptus
1312 1261 1371 1304 ad
1398 1261 1566 1304 studia.
1593 1262 1772 1304 Tardus
1794 1260 1841 1302 in

203 1341 301 1386 suis
323 1342 476 1387 rebus·

295 1419 367 1475 38.
431 1417 792 1476 Christophorus
811 1417 968 1461 Sartor
989 1415 1190 1472 loquitur
1211 1414 1491 1472 germanice,
1512 1423 1646 1471 aptus
1668 1416 1725 1458 ad
1743 1430 1843 1458 mu·

202 1509 315 1540 nera
338 1478 652 1539 coadiutorum
674 1500 719 1536 et
741 1492 953 1549 diligens,

293 1585 366 1630 39.
454 1571 656 1629 Jacobus
677 1571 836 1615 Seeler
862 1569 1064 1625 loquitur
1090 1568 1371 1626 germanice,
1403 1569 1558 1622 latine,
1585 1569 1838 1627 hispanice,

204 1647 371 1692 italice.
398 1649 479 1692 Est
495 1649 646 1691 bonus
661 1646 939 1691 sacristanus
959 1660 1013 1690 ac
1029 1645 1241 1703 diligens.
1263 1645 1457 1690 Videtur
1474 1661 1615 1691 sanus
1631 1662 1684 1691 ac
1702 1648 1839 1692 etiam

205 1725 437 1769 robustus.

973 1847 1067 1890 50

1010 1943 1040 1999 †

829 2049 1217 2094 CATALOGUS

205 2170 436 2203 FRATRUM
477 2171 539 2202 ET
577 2170 773 2201 PATRUM
804 2170 1030 2201 COLLEGII
1070 2170 1355 2202 SOCOETATIS
1391 2172 1509 2212 JESU
1549 2173 1764 2204 VIENNAE
1807 2163 1834 2204 ¹.

966 2224 1079 2282 1566

292 2337 350 2379 P.
381 2335 599 2379 Nicolaus
620 2333 835 2386 Lanoius,
859 2335 1048 2388 flander,
1074 2335 1381 2392 prouincialis.

290 2414 348 2456 P.
370 2411 644 2456 Laurentius
666 2411 864 2467 Magius,
889 2411 1040 2464 italus,
1065 2419 1218 2456 rector
1234 2421 1281 2458 et
1296 2414 1586 2459 ecclesiastes
1604 2415 1833 2458 italorum.

293 2491 347 2533 P.
371 2487 606 2532 Emericus
626 2489 662 2531 F
665 2488 877 2541 orslerus,
902 2502 1164 2544 germanus,
1191 2489 1413 2536 minister.

271 2623 281 2643 ¹
332 2625 392 2660 Ex
409 2624 637 2670 archetypo,
661 2634 684 2658 a
706 2622 865 2659 librario
889 2629 1060 2671 exarato,
1082 2630 1123 2660 et
1151 2625 1302 2661 Natalis
1327 2638 1443 2661 manu
1461 2632 1660 2670 annotato,
1688 2626 1836 2672 duplici

199 2682 307 2731 folio,
326 2683 452 2719 tribus
475 2682 644 2730 paginis,
661 2682 835 2718 numeris
852 2681 1007 2728 359·361
1028 2684 1208 2729 signatis,
1233 2685 1339 2731 prius
1364 2691 1495 2720 autem
1527 2694 1607 2731 150,
1631 2694 1713 2729 151.
1751 2686 1835 2720 Hoc

199 2744 377 2789 catalogo
395 2742 575 2777 Natalem
594 2753 708 2777 usum
727 2740 850 2777 fuisse
867 2753 969 2777 anno
991 2743 1097 2789 1566,
1115 2742 1208 2779 dum
1225 2745 1434 2790 collegium
1460 2744 1755 2779 vindobonense
1780 2745 1834 2780 in—

199 2801 359 2848 viseret,
375 2806 509 2848 aperte
522 2800 763 2847 conspicitur
776 2800 816 2835 in
834 2800 954 2836 variis
973 2801 1099 2847 signis
1120 2808 1161 2837 et
1180 2802 1500 2838 annotationibus
1524 2804 1574 2837 ab
1602 2803 1686 2848 ipso
1706 2802 1833 2849 factis,

199 2872 299 2908 quas
314 2872 387 2897 suo
403 2862 488 2896 loco
505 2865 699 2896 notamus.
719 2860 778 2894 Ex
794 2859 936 2896 officiis
954 2867 1100 2905 autem,
1120 2861 1286 2908 singulis
1305 2862 1422 2897 sociis
1442 2862 1482 2897 in
1496 2863 1569 2897 hoc
1583 2864 1761 2908 catalogo
1776 2875 1836 2898 as-

199 2919 380 2966 signatis,
399 2920 509 2955 illum
526 2924 618 2954 ante
637 2918 875 2954 mutationes
893 2930 915 2954 a
933 2919 1064 2954 Natali
1094 2919 1273 2956 decretas
1298 2921 1484 2967 scriptum
1516 2920 1638 2956 fuisse
1668 2922 1832 2957 eruitur.

199 2979 244 3015 In
255 2979 386 3026 Epist.
402 2979 453 3014 P.
467 2978 618 3019 Nadal,
637 2978 703 3023 111,
722 2977 806 3023 261,
825 2984 957 3013 annot.
979 2987 1011 3024 1,
1025 2979 1088 3014 hie
1102 2981 1304 3025 catalogus
1320 2991 1448 3014 errore
1463 2980 1609 3015 librarii
1625 2992 1725 3016 anno
1743 2982 1835 3025 1560

202 3049 273 3085 pro
292 3037 382 3082 1566
401 3037 569 3084 scriptus
586 3036 743 3074 dicitur.
