2098 3470
745 281 1020 336 Riemann
1044 298 1289 336 Iunas-3
1717 301 1783 338 103

284 405 356 448 De
377 383 655 461 graduandis
674 401 721 446 in
743 399 1119 446 uniuersitatibus
1140 408 1325 446 nostrae
1346 401 1604 446 Societatis.

287 482 360 526 De
379 478 767 524 communicandis
787 477 947 536 gratiis
974 485 993 503 ²
1013 477 1290 534 apostolicis,
1314 486 1361 521 et
1382 479 1440 523 de
1463 493 1548 522 usu
1571 479 1764 523 illarum.

860 557 960 599 Deo
980 555 1168 611 gratias.
1745 563 1750 566 “

990 686 1031 728 3

622 777 678 821 P.
710 775 967 820 NICOLAI
999 775 1402 819 BOBADILLAE

491 878 683 910 RERUM
719 877 1110 908 GERENDARUM
1151 877 1489 908 MEMORIALE
1523 867 1532 887 ¹

954 957 1053 1052 Jlis.

260 1078 270 1083 ,
284 1098 367 1142 Ρ.ο
387 1075 482 1145 Dar
502 1098 546 1142 le
565 1098 690 1142 bulle
709 1111 736 1140 a
756 1099 823 1142 M.
845 1097 1056 1153 Gasparo
1077 1112 1159 1154 per
1178 1096 1211 1139 il
1232 1099 1343 1142 R.¹¹¹⁰

283 1186 326 1218 2.
389 1173 517 1219 Darli
536 1174 579 1219 le
602 1173 765 1231 polize.

281 1264 326 1307 3.
388 1251 516 1296 Darli
536 1251 580 1296 la
599 1250 920 1295 informatione
932 1250 1016 1293 ‘alli
1037 1250 1139 1294 R.¹¹¹i
1158 1266 1240 1308 per
1260 1252 1291 1294 il
1313 1267 1445 1308 papa.
1844 1315 1848 1319 ⁵

263 1341 325 1383 ·4.
389 1321 489 1373 C‘he
515 1328 555 1371 si
579 1327 805 1384 guardino
825 1342 917 1377 non
939 1327 1036 1371 dire
1071 1329 1158 1372 che
1187 1329 1231 1371 le
1268 1328 1618 1389 constitu[ti0ni]
1646 1328 1664 1354 ¹³
1701 1331 1822 1373 hano

131 1443 134 1446 .
194 1404 444 1459 authorita,
467 1405 679 1449 hauendo
700 1405 827 1448 detto
848 1403 880 1447 il
901 1405 1129 1448 contrario
1150 1406 1194 1448 al
1214 1420 1348 1462 papa.

282 1492 327 1537 5.
389 1482 492 1527 Che
512 1482 674 1525 adesso
693 1483 754 1524 he
774 1482 884 1526 sede
904 1470 1116 1527 vacante.
1140 1483 1266 1538 Ergo
1288 1497 1429 1539 penes
1451 1483 1733 1526 fundatores.

277 1559 327 1603 6.
386 1559 487 1603 Che
507 1559 719 1603 doctores
733 1557 900 1614 juriste
922 1557 1107 1602 videant
1127 1560 1185 1602 de
1201 1559 1405 1615 justicia.

278 1647 324 1691 7.
387 1637 527 1692 Quod
546 1635 632 1692 ipsi
654 1636 856 1692 allegent
876 1649 986 1679 suos
1005 1643 1225 1692 patronos
1246 1637 1368 1692 apud
1384 1638 1534 1689 R.¹¹¹¹¹¹¹¹,
1560 1652 1649 1680 non
1674 1637 1823 1693 predi-

188 1713 409 1766 cationeS‚
433 1719 480 1757 et
500 1727 590 1770 ego
610 1713 766 1758 meaS.'

279 1791 324 1834 8.
388 1791 545 1846 Quod,
569 1790 647 1833 vbi
667 1792 726 1835 de
740 1790 845 1846 jure
866 1789 1003 1834 fuerit
1025 1791 1148 1845 quod
1174 1791 1358 1846 Laynez
1390 1806 1482 1834 non
1514 1791 1572 1834 sit
1609 1791 1821 1843 vicarius,

189 1881 280 1924 ego
299 1881 384 1924 pro
403 1882 477 1911 me
496 1867 603 1911 volo
622 1874 672 1910 vt
692 1866 767 1920 sit,
791 1868 954 1910 saltem
975 1866 1175 1919 nomine,
1200 1868 1258 1910 ad
1282 1868 1507 1911 tollendos
1524 1868 1761 1911 scandalos
1776 1875 1823 1911 et

188 1958 274 2001 pro
293 1938 529 1989 charitate.
1554 1933 1559 1938 ’

215 2055 219 2059 .
277 2035 323 2078 9.
387 2021 524 2077 Quod
546 2021 700 2065 nullus
721 2021 883 2066 merito
901 2021 1071 2078 poterit
1087 2021 1400 2074 scandalizari,
1419 2022 1543 2077 quod
1564 2021 1695 2078 primi
1718 2022 1822 2064 fun-

189 2097 371 2142 datores
390 2098 668 2154 gubernent,
692 2097 784 2141 imo
804 2098 1187 2150 scandalizantur,
1211 2098 1318 2154 quia
1339 2113 1430 2142 non
1453 2099 1518 2141 fit.

256 2267 277 2286 ²
319 2259 458 2306 gratis
474 2269 550 2294 ms.
599 2259 666 2286 -b
691 2258 971 2305 Imperfectum
988 2257 1150 2306 reliquit*
1163 2259 1237 2293 hoc
1256 2259 1367 2293 verb.
1387 2257 1606 2293 Bobadilla.

259 2402 271 2423 ¹
320 2401 378 2436 Ex
395 2401 649 2447 autographo,
668 2400 894 2436 Bobadillae
913 2412 1030 2436 manu
1046 2406 1218 2447 exarato,
1238 2401 1278 2436 in
1300 2400 1436 2436 codice
1457 2401 1516 2436 De
1540 2400 1657 2435 rebus
1675 2411 1814 2446 congr.

180 2459 385 2507 gene-I-V,
404 2459 520 2495 unico
537 2459 631 2495 folio
647 2459 689 2495 in
711 2460 780 2506 4⁰,
806 2471 845 2495 n.
871 2458 931 2504 35.
955 2459 1112 2506 Raptim
1136 2460 1233 2494 haec
1256 2459 1400 2505 scripta
1424 2464 1530 2504 sunt,
1558 2458 1660 2494 unde
1684 2458 1812 2504 aliqua

185 2518 306 2554 verba
322 2517 550 2565 imperfecta
566 2523 851 2562 remanserunt,
877 2519 934 2553 uti
962 2518 1117 2565 proprio
1140 2519 1227 2553 loco
1250 2524 1419 2555 notatur.
1447 2518 1563 2563 Quod
1589 2517 1637 2552 ad
1663 2523 1816 2562 tempus

131 2581 134 2583 ’
183 2576 343 2623 attinet,
357 2588 436 2624 quo
452 2577 550 2613 haec
566 2577 769 2624 scripserit
787 2577 1004 2623 Bobadilla‚
1031 2577 1127 2612 nihil
1151 2577 1206 2612 ibi
1226 2577 1432 2620 indicatum
1458 2575 1528 2611 sed
1554 2587 1602 2610 ex
1626 2575 1690 2619 iis,
1716 2586 1815 2622 quae

183 2635 234 2672 de
251 2635 439 2682 magistro
461 2636 651 2683 Gaspare,
676 2635 730 2671 de·
748 2635 1027 2682 diplomatibus
1052 2641 1093 2671 et
1115 2636 1272 2671 schedis
1297 2636 1424 2671 eidem
1450 2634 1662 2679 tradendis,
1686 2633 1813 2680 deque

182 2693 524 2730 informationibus
542 2706 665 2741 papae
682 2693 900 2738 mittendis,
919 2700 1011 2740 etc.‚
1032 2694 1179 2730 ibidem
1192 2699 1440 2738 annotantur,
1456 2699 1495 2728 et
1510 2704 1559 2727 ex
1576 2692 1698 2727 forma
1712 2703 1815 2727 com-

111 2748 114 2750 ’
182 2752 385 2800 pendium,
401 2765 478 2801 qua
494 2752 589 2789 ordo
606 2759 647 2789 et
663 2754 763 2789 ratio
779 2753 901 2789 totius
916 2754 1067 2799 negotii
1082 2753 1247 2799 gerendi
1266 2752 1552 2800 perstringitur,
1574 2752 1674 2786 inter
1693 2750 1815 2796 prima

172 2810 410 2848 'Bobadillae
425 2811 477 2847 de
493 2813 565 2847 hac
587 2823 630 2847 re
655 2811 801 2859 scripta
823 2812 1090 2859 reponendum
1107 2813 1180 2848 hoc
1204 2823 1292 2848 esse
1318 2811 1484 2846 videtur.
1511 2811 1656 2845 Forsan
1681 2820 1815 2844 mense

183 2870 302 2918 Julio,
321 2882 399 2918 quo
413 2876 589 2917 tempore
606 2870 815 2906 cardinalis
832 2871 927 2906 Pius
942 2871 992 2906 de
1010 2871 1126 2918 Carpi
1146 2871 1260 2917 jussu
1284 2869 1491 2917 pontificis,
1520 2868 1712 2903 sociorum
1736 2867 1814 2902 dis·

181 2928 282 2965 sidia
296 2930 597 2976 compositurus,
615 2930 854 2976 intercessit,
871 2930 1074 2966 Bobadilla
1097 2931 1171 2965 hoc
1188 2932 1309 2966 breve
1335 2928 1557 2963 memoriale
1582 2927 1658 2962 sibi
1682 2926 1810 2961 confe-

62 2981 91 3009 '⁴‘
112 3023 114 3026 ,
181 2987 251 3025 cit.
268 2988 457 3034 Magister
475 2994 607 3024 autem
630 2988 782 3036 Gaspar
803 2988 854 3024 de
879 2990 1032 3032 Doctis‚
1050 2989 1276 3024 Bobadillae
1308 2988 1533 3023 notissimus
1563 2992 1603 3020 et
1628 2984 1811 3020 cardinali

131 3063 134 3065 Α
181 3046 388 3094 Car-pensi,
406 3052 543 3094 utpote
560 3048 784 3084 lauretanae
800 3047 939 3084 domus
955 3050 1210 3094 gubernator,
1225 3047 1415 3091 addictus⁷
1431 3046 1598 3092 aliquam
1612 3050 1759 3091 partem
1775 3044 1812 3078 in

181 3106 256 3142 hoc
272 3106 433 3152 negotio
448 3106 623 3152 gessisse
640 3105 809 3144 videtur.
829 3106 891 3142 Cf.
909 3112 1405 3154 sequensmonumentum,
1427 3109 1559 3139 annot.
1583 3112 1596 3138 1
1619 3109 1659 3138 et
1677 3101 1713 3140 3.
