2098 3470
651 214 973 251 Mamm-nonas
995 221 1039 249 m
1064 220 1396 257 annontui-71
1724 221 1794 259 727

210 316 254 360 la
275 316 408 373 quale
428 314 634 373 supplico
655 329 684 359 a
705 315 764 361 V.
788 316 885 358 B.¹¹e
905 314 938 357 il
961 314 1013 357 P.
1038 312 1267 369 Gregorio
1300 312 1346 356 di
1378 313 1588 358 Valentia
1616 316 1644 366 ¹,
1676 315 1839 358 lettore

209 393 256 436 di
277 389 475 450 teoldgia
495 391 541 435 in
566 391 859 449 ingolstadio,
882 391 1005 435 doue
1025 391 1052 434 e
1075 389 1315 433 utilissimo
1337 396 1383 434 et
1401 390 1721 444 acceffissimo,
1742 392 1838 436 cioe

207 470 313 515 delli
332 469 435 514 suoi
455 470 595 526 padre
615 476 662 512 et
683 469 837 513 madre
859 467 1034 520 uecchi,
1058 481 1146 510 con
1174 466 1340 522 cinque
1371 466 1575 522 figliuole
1602 468 1751 514 citelle
1779 470 1837 513 da

207 546 383 600 marito,
407 554 454 592 et
476 562 566 590 una
587 547 809 599 maritata,
834 546 904 589 col
926 544 1088 588 marito
1111 544 1159 587 in
1180 545 1293 587 letto
1322 544 1397 601 gia
1427 545 1569 602 lungo
1600 553 1751 602 tempo
1774 547 1834 599 fa,

207 631 254 670 et
275 638 366 668 una
387 638 470 668 sua
492 624 712 681 figliuola,
738 630 856 667 tutte
876 636 1070 679 persone
1091 623 1299 674 honeste,
1324 628 1371 666 et
1398 622 1486 666 che
1518 637 1544 664 a
1574 623 1710 679 tempi
1733 638 1838 679 pas-

206 701 293 745 sati
321 696 560 745 haueuano
587 702 645 744 da
677 700 833 744 uiuere
863 701 1256 763 honoratamente,
1296 706 1342 743 et
1379 699 1539 742 adesso
1578 699 1743 744 ridotte
1781 702 1837 744 ad

206 785 402 822 estrema
422 778 634 835 pouerta,
658 778 744 823 alla
766 777 899 833 quale
920 776 1028 833 egli,
1053 776 1246 820 essendo
1268 776 1387 818 nella
1408 775 1642 832 religione,
1674 785 1719 820 et
1741 778 1834 822 cosi

205 856 323 898 bene
344 862 583 912 occupato,
613 870 709 899 non
736 857 828 911 puo
855 853 1119 907 subuenire,
1148 860 1195 896 et
1230 867 1313 909 per
1346 851 1379 895 il
1416 853 1491 896 cui
1522 853 1709 897 rimedio
1745 855 1836 912 egli

204 933 314 988 pero
333 932 539 989 supplico
560 932 646 976 alla
667 932 762 976 S.ta
785 931 842 975 V.
866 931 911 975 al
933 933 1086 986 tempo
1105 931 1223 975 della
1243 929 1599 986 congregatione
1622 932 1835 987 generale

203 1023 285 1065 per
322 1009 504 1065 quando
541 1008 579 1052 si
615 1008 885 1053 offerirebbe
921 1008 1113 1064 qualche
1150 1007 1410 1059 occasione,
1441 1008 1573 1062 quale
1606 1009 1765 1052 adesso
1797 1009 1834 1051 si

205 1093 499 1143 rappresenta
518 1100 545 1129 a
566 1087 626 1131 V.
652 1088 748 1129 B.¹¹e

290 1162 350 1207 Di
377 1162 456 1220 piu
483 1177 533 1206 se
564 1162 597 1205 li
623 1169 916 1219 rappresenta
942 1163 1021 1205 un'
1050 1162 1164 1205 altra
1195 1175 1334 1217 opera
1366 1161 1619 1214 utilissima,
1644 1162 1689 1204 di
1718 1176 1830 1218 gran

200 1239 435 1284 diuotione
460 1246 507 1283 et
533 1239 803 1292 eruditione,
834 1245 1070 1296 composta
1105 1239 1180 1282 dal
1213 1241 1266 1282 P.
1306 1239 1554 1283 Geronimo
1592 1240 1754 1284 Natale
1786 1240 1831 1282 di

199 1317 326 1362 detta
347 1316 633 1373 Compagnia
653 1324 827 1360 mentre
850 1316 987 1368 uisse,
1012 1316 1110 1359 cioe
1126 1315 1171 1359 di
1187 1316 1471 1359 annotationi
1488 1324 1533 1360 et
1549 1316 1830 1360 meditationi

198 1408 336 1451 sopra
358 1393 465 1437 tutti
486 1393 550 1450 gli
575 1393 804 1450 euangelii
825 1394 929 1437 dell'
953 1408 1089 1446 anno,
1114 1394 1246 1448 quale
1262 1393 1354 1450 egli
1372 1393 1470 1436 fece
1487 1408 1566 1450 per
1584 1393 1707 1436 aiuto
1724 1393 1828 1438 delli

197 1470 428 1514 schuolari
449 1469 495 1514 di
516 1485 617 1514 essa
645 1469 946 1526 Compagnia,
977 1469 1103 1514 accio
1130 1484 1217 1513 con
1245 1470 1322 1527 piu
1353 1471 1493 1513 frutto
1521 1470 1754 1526 spirituale
1781 1478 1827 1514 et

199 1560 362 1590 manco
381 1546 619 1603 dispendio
639 1547 685 1589 di
707 1554 859 1603 tempo
874 1548 1122 1591 hauessero
1136 1546 1324 1591 materia
1345 1555 1599 1603 preparata,
1619 1562 1710 1590 non
1730 1548 1827 1590 solo

198 1623 256 1666 da
278 1621 495 1668 meditare
516 1630 638 1667 tutto
661 1624 690 1666 l'
721 1638 858 1677 anno,
889 1638 963 1666 ma
990 1637 1157 1666 ancora
1183 1624 1242 1667 da
1267 1631 1399 1686 poter
1427 1624 1675 1680 predicare.
1714 1626 1824 1669 Sara

136 1746 142 1751 ,
195 1700 227 1744 il
250 1701 432 1745 uolume
453 1701 511 1744 da
532 1713 620 1755 4oo
641 1708 765 1745 carte
787 1700 972 1753 incirca,
992 1702 1126 1756 quale
1141 1702 1353 1745 hauendo
1372 1701 1489 1744 uisto
1506 1701 1657 1744 alcuni
1674 1702 1824 1745 dotto-

195 1777 232 1820 ri
253 1777 301 1820 di
322 1791 426 1821 essa
453 1777 753 1835 Compagnia,
793 1777 821 1820 l'
850 1780 1002 1821 hanno
1038 1779 1177 1822 molto
1212 1779 1382 1831 lodato,
1423 1779 1523 1822 anzi
1562 1779 1824 1822 admiratosi

192 1854 267 1897 del
302 1853 460 1910 spirito
495 1854 542 1897 di
577 1853 809 1898 diuotione
846 1857 931 1899 che
968 1854 1054 1898 Dio
1093 1857 1151 1899 N.
1186 1855 1271 1900 S.re
1303 1855 1590 1899 communico
1624 1857 1666 1898 al
1699 1857 1826 1898 detto

193 1933 246 1975 Ρ.
272 1931 450 1984 Nata1e;
475 1947 502 1976 e
521 1931 869 1988 especialmente
890 1931 1055 1976 dicono
1077 1946 1168 1976 non
1197 1934 1342 1977 hauet
1370 1934 1483 1977 letto
1511 1947 1617 1977 cosa
1646 1933 1723 1989 piu
1756 1933 1824 1975 di-

193 2014 301 2052 uota
321 2022 452 2064 sopra
474 2008 517 2051 la
535 2007 747 2064 passione
774 2009 847 2051 del
875 2009 1129 2061 Saluatore,
1154 2007 1226 2052 ch'
1247 2011 1273 2053 e
1300 2010 1429 2065 quasi
1462 2011 1504 2053 la
1537 2017 1659 2053 terza
1697 2018 1825 2065 parte

188 2084 295 2128 dell'
318 2099 471 2142 opera,
496 2092 542 2130 et
564 2086 651 2129 che
671 2086 861 2130 sarebbe
882 2086 1021 2128 molto
1050 2085 1160 2129 utile
1192 2094 1239 2131 et
1266 2087 1569 2130 conueniente
1599 2102 1679 2143 per
1713 2086 1822 2143 ogni

178 2168 310 2212 ¹sorte
331 2161 375 2204 di
396 2175 605 2218 persone,
629 2175 742 2218 pure
764 2164 850 2206 che
873 2162 1074 2205 habbino
1096 2164 1139 2206 la
1159 2163 1318 2220 lingua
1339 2164 1496 2218 latina,
1532 2179 1605 2207 ma
1634 2164 1823 2220 special-

187 2246 340 2283 mente
360 2253 441 2294 per
461 2238 654 2281 studiosi
673 2238 985 2292 ecclesiastici,
1011 2247 1056 2284 et
1078 2240 1189 2296 pero
1216 2241 1476 2284 douerebbe
1505 2240 1758 2297 stamparsi.
1787 2241 1821 2283 Il

185 2317 271 2359 che
291 2314 367 2372 gia
390 2315 428 2359 si
445 2316 636 2360 sarebbe
654 2316 783 2368 fatto,
803 2330 853 2359 se
869 2317 984 2360 altro
1001 2331 1092 2360 non
1110 2317 1379 2374 bisognasse
1396 2319 1480 2362 che
1497 2319 1539 2361 la
1557 2333 1685 2374 spesa
1703 2318 1820 2359 della

181 2438 280 2473 opus
302 2438 416 2463 suum
440 2427 480 2463 in
506 2427 726 2463 Flandriam
751 2439 820 2475 pro
847 2427 933 2475 ejus
963 2428 1137 2465 editione
1166 2441 1236 2476 per
1260 2430 1303 2466 P.
1339 2430 1548 2465 Mai-tinum
1579 2429 1819 2464 Florentium

182 2486 412 2530 transmisit3
430 2486 501 2522 sed
518 2486 685 2534 publicis
708 2487 913 2523 Flandriae
937 2479 1296 2535 perturbationibus
1320 2490 1560 2536 compulsus,
1586 2500 1681 2534 opus
1709 2499 1820 2523 revo-

181 2544 302 2590 eavit;
313 2551 354 2582 et
367 2544 481 2582 novis
494 2545 597 2582 curis
612 2545 877 2592 emendatum,
893 2558 1027 2582 secum
1040 2547 1203 2582 Romam
1218 2549 1350 2584 attulit
1365 2547 1498 2590 (lbid.,
1509 2559 1624 2593 pagg.
1636 2545 1718 2591 723,
1734 2555 1819 2591 724,

181 2603 267 2650 730,
285 2603 372 2651 739,
389 2606 488 2650 751).
507 2605 670 2641 Romam
695 2605 874 2651 veniens,
900 2606 1051 2642 Natalis
1075 2618 1264 2643 censurae
1283 2608 1326 2642 P.
1354 2607 1549 2642 Francisci
1576 2606 1703 2640 Toleti
1729 2617 1820 2640 suas

181 2663 455 2700 meditationes
473 2663 662 2700 subdidit.
682 2665 754 2700 Ille
772 2671 902 2700 autem
922 2665 1060 2701 ultimo
1078 2665 1142 2701 die
1161 2666 1256 2712 Julii
1275 2666 1365 2701 anni
1388 2675 1478 2710 1579
1497 2665 1817 2711 approbationem

180 2733 290 2758 suam
306 2722 431 2769 dedit,
456 2734 556 2770 quae
580 2723 630 2758 ad
653 2724 800 2759 calcem
825 2723 954 2770 operis
979 2723 1085 2760 edita
1109 2731 1183 2762 est.
1211 2726 1271 2760 De
1299 2725 1414 2771 hujus
1434 2725 1551 2759 variis
1578 2723 1816 2759 editionibus

175 2781 229 2818 cf.
248 2781 582 2827 Somfflnvoessn,
602 2782 888 2828 Βίὁῑὶοϋιέριιε,
907 2783 1015 2828 V111,
1037 2791 1253 2829 1517-1520.

251 2840 261 2862 ¹
313 2841 355 2878 P.
388 2841 603 2887 Gregorius
633 2841 682 2877 de
717 2842 899 2878 Valentia
930 2842 1035 2878 Patri
1067 2843 1311 2890 Hieronymo
1346 2842 1528 2878 Torresio
1563 2842 1601 2877 in
1632 2841 1816 2876 cathedra

178 2899 400 2945 theologiae
430 2900 699 2936 universitatis
722 2900 1043 2946 ingolstadiensis
1067 2913 1168 2937 anno
1196 2910 1286 2947 1575
1312 2901 1517 2936 successit.
1544 2899 1606 2935 Cf.
1634 2901 1815 2935 Aomco-

178 2966 280 3002 Leni,
303 2959 379 2994 loc.
402 2958 488 3004 cit.,
511 2958 543 3002 I,
569 2966 648 3005 1593
680 2964 720 2995 et
750 2959 975 3005 MEDERER‚
1007 2961 1187 2996 Annales
1214 2959 1542 3007 ingolstadiensis
1568 2957 1816 3000 academiae,

178 3017 232 3064 11,
250 3026 312 3062 27.
