2098 3470
288 249 362 295 408
542 237 547 242 ’
758 251 913 289 Pru-ms
938 251 1186 290 Hmnonvm
1212 254 1248 290 N
1251 262 1364 290 ADAL

332 351 496 394 Nullus
519 358 708 396 annotet
728 351 895 397 iudicia
917 367 999 396 sua
1022 361 1179 397 contra
1207 354 1507 410 superiorem,
1539 355 1670 411 quasi
1697 355 1744 400 in
1772 355 1879 400 visi-

244 427 414 471 tatione
443 426 519 470 illa
548 419 773 473 relaturus
801 429 860 473 sit
886 430 1159 487 prouinciali
1185 431 1259 475 vel
1285 430 1612 475 commissario.
1644 432 1735 477 Sed
1757 432 1879 477 dicet

169 510 177 523 ’
243 518 361 559 quae
393 518 634 549 occurrere
663 512 898 562 poterunt,
930 506 1006 549 vbi
1037 506 1241 550 fortassis
1268 506 1644 565 interrogabitur.
1679 510 1780 552 Hoc
1809 515 1880 553 ta-

244 595 350 625 men
372 581 565 626 concedi
586 588 735 639 potest
758 582 1039 636 consiliariis,
1064 583 1101 626 si
1125 583 1368 628 memoriae
1389 584 1579 628 difidant
1601 599 1728 630 suae.

334 659 405 702 Ne
426 658 505 701 fiat
532 657 647 701 ritus
668 659 742 702 vel
763 659 981 704 tondendi
1003 660 1024 680 ‘²
1047 660 1272 703 nouacula
1299 661 1502 715 barbam,
1531 662 1605 706 vel
1627 661 1877 715 forficibuS‚

245 734 381 778 modo
402 734 637 779 decretum
660 735 1031 793 congregationis
1053 736 1280 792 generalis
1302 738 1588 791 obseruetur‚
1614 753 1672 782 ne
1692 739 1880 782 barbam

246 811 514 854 nutriamus.
545 810 618 856 tos
641 812 796 855 Nostri
824 812 1020 869 cingulis
1043 828 1099 857 ne
1128 818 1313 856 vtantur
1340 828 1397 857 ex
1424 813 1564 868 corio,
1588 815 1670 859 sed
1691 829 1748 858 ex
1778 814 1883 857 fim-

247 887 356 931 briis
378 888 614 944 nigrorum
635 903 888 946 pannorum
910 897 1140 946 poterunt,
1166 891 1243 947 qui
1266 892 1415 936 solent
1432 906 1532 936 esse
1548 890 1787 944 firmiores,
1806 891 1882 935 vel

250 979 307 1009 ex
328 964 472 1022 nigris
493 965 618 1009 vittis
639 965 891 1012 vilioribus,

338 1042 578 1087 Interiores
599 1049 750 1088 vestes
773 1044 955 1097 talares,
981 1059 1093 1100 quas
1122 1052 1325 1088 sottanas
1351 1044 1370 1070 ¹³
1393 1051 1558 1088 vocant
1585 1044 1698 1098 itali,
1731 1045 1771 1089 si
1801 1044 1885 1088 ali-

250 1119 356 1162 cubi
379 1120 561 1164 clausae
583 1120 694 1164 fiant
716 1127 761 1163 et
782 1128 1073 1177 vsurpentur,
1100 1122 1484 1177 quemadmodum
1507 1121 1554 1164 in
1571 1120 1792 1178 Hispania
1807 1136 1885 1165 so-

252 1196 364 1249 lent,
390 1211 448 1241 ne
471 1197 550 1239 fiat
571 1196 669 1241 eius
691 1197 755 1241 rei
777 1197 906 1250 ritus,
933 1197 1302 1254 quandoquidem
1325 1199 1418 1243 fere
1440 1198 1486 1240 in
1509 1197 1606 1241 aliis
1634 1197 1885 1255 prouinciis

254 1280 432 1330 apertas
454 1273 650 1318 induunt
672 1274 830 1328 nostri,
856 1289 947 1317 non
971 1275 1165 1327 clausas,
1192 1281 1238 1318 et
1258 1274 1333 1318 hic
1357 1275 1442 1318 fuit
1471 1289 1579 1318 vsus
1611 1276 1665 1319 P.
1699 1274 1881 1331 Ignatii,

251 1357 298 1394 et
320 1350 568 1407 primorum
590 1351 793 1403 Patrum,
820 1359 865 1395 et
887 1366 1101 1395 romanus
1122 1351 1231 1396 item
1259 1353 1288 1395 ¹.

344 1427 393 1472 Si
415 1427 644 1472 accideret
665 1427 859 1483 aliquem
883 1444 908 1473 e
936 1428 1102 1472 nostris
1134 1429 1271 1486 (quod
1302 1430 1429 1474 Deus
1461 1429 1652 1486 auertat)
1684 1443 1740 1472 ex
1772 1442 1886 1472 con-

253 1504 510 1550 uersatione
533 1492 614 1548 'vel
645 1504 827 1549 aliunde
858 1505 1028 1549 versari
1060 1505 1107 1548 in
1127 1505 1330 1562 periculo
1361 1505 1554 1562 peccati,
1588 1512 1635 1549 et
1662 1504 1707 1548 id
1739 1505 1887 1549 solum

251 1582 422 1626 sciatur
449 1581 495 1624 in
524 1581 811 1626 confessione
834 1597 859 1625 a
886 1582 1164 1626 confessario
1191 1589 1429 1636 consueto,
1463 1581 1501 1625 is
1530 1583 1587 1626 ad
1608 1581 1887 1638 superiorem

255 1659 506 1702 mittendus
533 1665 618 1711 est,
642 1665 692 1701 vt
718 1658 782 1701 illi
808 1659 1080 1702 confiteatur
1102 1659 1135 1713 ³,
1161 1659 1239 1715 qui
1262 1658 1348 1702 nisi
1371 1659 1523 1703 videat
1544 1658 1795 1716 periculum
1818 1659 1887 1702 fa-

255 1735 342 1779 cile
363 1735 496 1779 vitari
517 1749 670 1792 posse,
695 1735 870 1780 iubebit
891 1736 955 1778 illi
984 1736 1029 1778 in
1059 1735 1361 1791 confessione,
1393 1742 1440 1778 vt
1470 1742 1595 1792 petat
1622 1743 1750 1780 extra
1777 1750 1890 1780 con-

256 1813 499 1858 fessionem
528 1811 615 1856 alio
637 1811 771 1867 mitti,
798 1812 869 1858 106
892 1814 1013 1868 quod
1036 1813 1074 1856 si
1096 1812 1207 1856 nolit
1229 1815 1394 1866 facere,
1420 1827 1510 1856 non
1534 1813 1743 1857 absoluet
1765 1825 1887 1866 eum,

252 1890 301 1933 id
323 1889 443 1934 enim
467 1889 602 1933 faciet
623 1905 680 1934 ex
702 1889 798 1933 iure
822 1890 1064 1934 communi.
1097 1891 1216 1934 Nam
1239 1889 1315 1933 ille
1344 1897 1463 1934 esset
1492 1890 1538 1932 in
1565 1896 1771 1946 peccato,
1802 1890 1890 1932 hoc

251 1974 324 2012 est
345 1966 390 2009 in
413 1966 613 2023 periculo
634 1966 825 2023 peccati,
851 1968 973 2023 quod
1000 1967 1144 2012 vitare
1166 1982 1257 2010 non
1282 1968 1395 2020 vult,
1421 1982 1561 2024 quare
1578 1966 1889 2010 absoluendus

255 2059 347 2087 non
368 2051 452 2088 est.
480 2043 604 2088 Idem
626 2043 746 2088 enim
768 2045 999 2101 agendum
1021 2052 1141 2088 esset
1163 2058 1267 2087 cum
1290 2044 1453 2100 quouis
1474 2043 1683 2088 seculari.
1716 2045 1788 2088 De
1817 2043 1890 2087 his

253 2135 364 2165 vero
385 2120 598 2181 periculis
618 2120 959 2178 interrogentur
981 2121 1123 2164 nostri
1150 2121 1198 2164 in
1220 2120 1509 2165 confessione
1537 2135 1564 2164 a
1591 2119 1687 2163 suis
1708 2121 1892 2165 confes-

254 2198 400 2251 sariis,
433 2198 697 2255 praesertim
725 2198 1012 2252 confessarii,
1044 2206 1090 2244 et
1119 2198 1196 2254 qui
1217 2205 1344 2242 extra
1365 2198 1551 2241 domurn
1573 2212 1657 2241 sua
1686 2197 1779 2241 fere
1807 2212 1892 2254 ge-

258 2282 365 2318 runt
389 2265 552 2328 officia,
577 2282 624 2320 et
645 2275 906 2332 obligentur
928 2277 985 2319 ad
1006 2283 1260 2332 peccatum,
1280 2275 1366 2320 nisi
1389 2276 1435 2319 id
1452 2275 1662 2320 dixerint.
1684 2275 1763 2319 Illa
1779 2273 1894 2317 alio-

259 2351 341 2407 qui
363 2352 567 2409 pericula
589 2351 832 2409 diligenter
854 2352 1199 2410 inuestigabunt
1220 2352 1490 2410 superiores.

349 2429 540 2473 Nullum
579 2428 810 2486 permittat
846 2436 993 2472 rector
1029 2430 1165 2473 domo
1196 2428 1354 2487 egredi
1385 2430 1557 2485 absque
1589 2428 1729 2482 socio,
1762 2433 1809 2472 et
1838 2441 1894 2472 eo

254 2506 460 2562 quidem,
484 2520 619 2561 quern
641 2505 830 2563 elegerit
852 2507 924 2548 vel
945 2505 1057 2563 ipse,
1083 2507 1155 2551 vel
1176 2522 1232 2550 ex
1254 2506 1396 2564 ipsius
1418 2505 1738 2550 commissione
1759 2503 1894 2547 mini-

329 2653 348 2670 α
396 2642 578 2678 tontendi
595 2653 668 2678 ms.
719 2643 786 2669 —b
811 2644 987 2677 sottonas
1005 2653 1077 2678 ms.

331 2762 338 2781 ¹
391 2762 491 2798 Tota
509 2763 606 2798 haec
624 2762 889 2809 paragraphus
907 2761 1012 2798 edita
1030 2767 1091 2798 est
1108 2774 1130 2797 a
1147 2763 1507 2806 BRAUNSBERGER,
1524 2762 1598 2798 loc.
1617 2760 1704 2805 cit„
1722 2760 1790 2806 IV,
1808 2758 1894 2805 348.

256 2821 339 2858 Sed
357 2832 446 2857 cum
470 2821 575 2857 illam
600 2820 863 2869 desumpserit
886 2833 934 2856 ex
960 2821 1218 2857 instructione
1242 2821 1282 2857 in
1306 2821 1518 2858 Germania
1541 2832 1563 2856 a
1586 2819 1719 2856 Natali
1743 2819 1894 2864 relicta,

258 2886 468 2927 antequam
487 2886 702 2916 extremam
729 2891 884 2916 manum
910 2880 990 2915 suis
1015 2879 1339 2916 instructionibus
1363 2880 1597 2927 imponeret,
1623 2878 1896 2915 desiderantur

258 2940 301 2975 in
318 2951 365 2975 ea
382 2939 448 2975 illa
465 2941 586 2975 verba
603 2942 640 2976 et
656 2940 720 2976 hic
728 2939 821 2987 fuit
839 2950 943 2981 vsus,
964 2945 1056 2983 etc.;
1075 2950 1176 2987 quae
1192 2939 1351 2986 quidem
1369 2939 1411 2974 in
1431 2938 1528 2975 Cod.
1552 2939 1678 2977 Vatia
1694 2948 1731 2983 3,
1744 2937 1896 2974 Natalis

258 3011 379 3036 manu
396 2998 528 3035 addita
545 2999 855 3047 conspiciuntur.

331 3060 345 3081 ’
394 3058 494 3094 Vide
514 3064 657 3104 tamen,
677 3070 778 3107 quae
796 3070 925 3106 supra,
945 3071 1033 3106 pag.
1054 3069 1139 3107 402,
1157 3065 1290 3096 annot.
1314 3066 1347 3107 Ι,
1369 3059 1600 3096 monuimus.
