2098 3470
13 245 114 287 ³⁵²3
148 303 156 310 .
181 269 197 310 f
525 271 802 309 nouum-ra
825 248 1085 307 rnovmcmss
1108 266 1423 310 Ausum-49
1671 260 1743 306 285

243 377 405 430 Donec
432 373 643 417 uideatur
668 370 882 428 religiose
906 369 983 427 agi
1013 367 1335 420 recreationes,
1367 365 1453 409 erit
1485 366 1612 418 utile,
1646 365 1685 409 si
1718 364 1795 421 3.·²

152 466 339 509 quoque
358 451 432 495 die
453 457 723 510 separentur
743 450 904 492 Patres
923 453 971 490 et
992 447 1157 490 fratres
1175 444 1224 488 in
1238 445 1358 487 duas
1373 451 1542 500 parteS,
1563 451 1608 488 et
1624 443 1787 500 singu-

153 529 211 573 lis
230 527 404 586 praesit
411 540 536 571 suus
557 528 711 578 Pater,
733 525 909 569 electus
928 538 956 566 a
975 521 1244 580 prouinciali
1265 521 1342 566 uel
1361 535 1419 566 ex
1448 520 1548 564 eius
1574 519 1787 563 commis-

63 610 78 659 s
131 602 134 604 ’
153 605 286 669 sione
305 621 333 650 a
353 612 552 656 rectore,
574 603 622 646 in
642 602 810 658 quibus
829 600 1055 644 classibus
1076 607 1281 655 tempore
1300 597 1592 642 recreationis
1610 612 1636 640 a
1653 612 1793 653 pran-

153 682 233 727 dio
266 689 450 739 agatur,
483 681 542 724 ad
573 681 757 725 modum
787 663 1041 729 collationis
1070 675 1335 732 spiritualis,
1368 674 1427 718 de
1457 674 1706 718 uirtutibus
1742 682 1789 718 et

155 773 312 805 θαι-11111
332 759 560 816 prosectu,
584 772 638 802 ac
658 756 953 814 perfectione,
983 756 1042 799 de
1061 754 1281 798 orationis
1307 761 1355 798 et
1375 751 1684 796 meditationis
1706 766 1789 795 ne-

76 896 78 898 Υ
144 832 384 889 censitam,
406 835 631 892 dignitate
650 849 705 878 ac
726 835 895 886 fructu,
918 834 978 876 de
996 847 1053 877 eo
1073 831 1457 888 quemadmodum
1485 829 1790 874 resistendum

153 913 215 961 sit
234 912 581 966 tentationibuS,
603 913 663 955 de
683 911 781 955 zelo
807 910 1078 962 animarum,
1101 916 1148 952 et
1174 908 1377 952 iuuando
1403 906 1627 964 proximo,
1657 914 1703 950 et
1731 907 1791 949 de

157 997 255 1034 toto
273 981 485 1034 instituto
505 988 766 1039 societatis,
789 995 879 1032 etc.

244 1067 389 1112 Curet
412 1066 659 1123 diligenter
684 1064 992 1124 prouinchlis,
1021 1070 1069 1108 et
1094 1077 1176 1120 per
1202 1077 1253 1106 se
1277 1069 1326 1106 et
1355 1076 1436 1118 per
1467 1069 1707 1113 rectorem,
1738 1070 1791 1103 ut

92 1180 98 1183 .
154 1157 293 1200 quam
314 1143 611 1187 mundissime
630 1150 678 1188 et
696 1141 928 1198 aptissime
948 1148 1166 1198 parentur
1186 1139 1295 1194 cibi,
1323 1147 1371 1185 et
1396 1139 1488 1183 sint
1516 1154 1625 1183 vasa
1653 1154 1783 1181 mun

135 1219 343 1264 ‘dissima
368 1228 416 1272 et
442 1219 729 1264 ornatissima
754 1219 907 1262 omnia
927 1218 975 1261 in
996 1217 1164 1270 culina,
1188 1224 1235 1262 et
1254 1219 1345 1261 hoc
1365 1216 1610 1273 diligenter
1633 1215 1791 1272 exigat

157 1303 255 1340 tum
284 1311 313 1343 a
341 1303 535 1349 rectore,
570 1304 675 1340 tum
698 1311 727 1340 a
747 1295 974 1348 ministro,
1001 1305 1049 1339 et
1076 1294 1326 1338 constituat
1353 1293 1629 1351 peculiarem
1651 1292 1795 1336 huius

155 1372 224 1418 rei
243 1373 601 1418 obseruatorem.
947 1427 955 1434 .

244 1450 534 1494 Adhibeatur
552 1449 755 1494 musicae
775 1450 956 1503 modus,
982 1457 1032 1493 ut
1053 1449 1102 1492 in
1123 1449 1261 1493 missa
1281 1448 1455 1492 musice
1474 1456 1655 1492 tantum
1678 1462 1790 1492 can-

156 1533 279 1571 tetur
312 1527 489 1572 «Kiriea
527 1526 735 1571 «Gloria»
775 1527 975 1572 «Credon
1017 1528 1265 1572 aSanctus»
1303 1527 1524 1583 «Agnus»
1556 1525 1798 1582 responsio

92 1643 113 1656 x
157 1607 217 1651 ad
240 1605 336 1650 «Ite
354 1605 491 1649 missa
510 1612 626 1649 est».
651 1605 710 1648 Et
730 1605 778 1647 in
798 1604 1002 1661 vesperis
1022 1604 1186 1661 psa1mi
1205 1611 1450 1648 cantentur
1470 1605 1528 1646 ad
1548 1604 1664 1647 falso
1683 1603 1790 1646 bor-

153 1683 338 1739 donem,
356 1689 408 1726 ut
416 1681 592 1734 dicunt,
612 1682 686 1726 uel
702 1681 923 1734 similiter;
942 1688 1094 1738 potest
1110 1690 1263 1726 tamen
1279 1681 1452 1725 cantari
1466 1699 1484 1721 (ι
1494 1680 1788 1737 Magnificat»

157 1759 347 1805 musice.
370 1758 563 1814 Reliqua
578 1758 732 1803 omnia
747 1766 992 1802 cantentur
1007 1758 1300 1816 gregoriane.
1319 1758 1616 1815 Excipientur
1631 1773 1689 1802 ex
1706 1759 1794 1800 hac

156 1836 333 1885 ratione
351 1843 532 1889 cantus,
565 1835 761 1880 maiores
787 1835 1115 1890 solemnitates,
1144 1835 1195 1879 in
1219 1836 1388 1892 quibus
1415 1851 1472 1880 ex
1499 1834 1795 1892 prouincialis

155 1913 232 1959 uel
251 1913 443 1976 rectoris
464 1913 696 1967 facultate,
726 1921 944 1970 poterunt
972 1913 1144 1970 aliquid
1171 1913 1365 1970 amplius
1392 1927 1558 1958 canere
1586 1912 1782 1956 musice.

156 1991 216 2035 Et
233 1998 341 2034 cum
360 1989 447 2034 erit
467 1990 557 2033 illis
576 1990 751 2034 licitum
770 1997 958 2035 cantare
979 1998 1171 2035 motetta
1191 1991 1239 2034 in
1259 1991 1398 2035 missa
1412 1991 1489 2034 uel
1504 1990 1550 2034 in
1568 1990 1793 2047 vesperis,

155 2066 459 2125 praecipiatur
478 2067 567 2111 illis
587 2081 647 2110 ne
667 2067 760 2112 sint
780 2067 972 2124 prolixa,
994 2068 1262 2125 praesertim
1283 2068 1328 2111 in
1352 2068 1507 2111 missa.

243 2144 392 2188 Detur
412 2157 552 2200 opera
574 2151 625 2187 ut
644 2151 856 2189 cantores
875 2144 1109 2197 obediant,
1140 2152 1357 2200 tanquam
1383 2144 1628 2202 superiori,
1658 2159 1796 2201 prae-

158 2220 280 2265 secto
299 2220 444 2273 chori,
468 2229 516 2266 et
535 2230 803 2266 exerceatur
823 2221 871 2265 in
890 2223 980 2266 hac
999 2236 1051 2265 re
1069 2221 1325 2279 disciplina.

247 2298 307 2341 Et
325 2305 512 2341 curetur
534 2306 584 2342 ut
604 2299 802 2342 charitas
823 2298 980 2356 uigeat
999 2299 1119 2344 inter
1146 2313 1322 2352 omnes,
1352 2307 1398 2344 et
1425 2299 1551 2342 nulla
1578 2313 1797 2356 perseue-

157 2380 228 2420 ret
247 2374 428 2419 auersio
447 2374 587 2419 animi
608 2375 727 2420 inter
749 2376 927 2420 fratres.

63 2510 66 2512 v
243 2451 566 2496 Sacerdotibus
585 2452 857 2496 exhibeatur
875 2454 1023 2496 honor
1043 2453 1228 2498 debitus
1248 2453 1376 2497 iuxta
1404 2453 1646 2498 Societatis
1676 2466 1790 2496 con-

157 2527 462 2582 suetudinem3
480 2543 653 2574 ‚rursus
677 2529 813 2573 etiam
840 2531 1103 2575 sacerdotes
1131 2530 1351 2586 grauiter,
1376 2532 1457 2575 sed
1486 2532 1691 2574 modeste
1723 2539 1793 2572 ta·

74 2592 81 2597 ’
146 2619 279 2656 men,
302 2612 443 2662 agant
462 2619 570 2649 cum
592 2606 863 2650 fratribus...

57 2732 66 2743 ‚V
187 2670 191 2671 ⁷
222 2739 228 2742 -
247 2681 388 2726 Omni
407 2682 561 2726 studio
582 2692 630 2728 et
648 2683 886 2740 diligentia
906 2691 1093 2728 curetur
1112 2700 1172 2730 ne
1191 2699 1416 2742 cogamur
1438 2684 1503 2728 ire
1532 2684 1579 2726 in
1608 2698 1796 2740 proces-

152 2757 301 2811 sione,
325 2771 432 2802 cum
453 2773 545 2803 non
569 2767 806 2803 teneamur
826 2760 872 2803 in
894 2761 1188 2811 conscientia:
1213 2769 1261 2805 et
1289 2763 1381 2805 fere
1410 2775 1568 2804 omnes
1590 2760 1793 2816 episcopi

119 2854 123 2857 -
156 2831 391 2878 h'berarint
410 2849 510 2879 nos:
534 2835 574 2879 si
594 2844 748 2882 tamen
768 2839 855 2880 hoc
876 2838 1002 2881 nulla
1021 2838 1199 2882 ratione
1212 2852 1451 2895 possemus
1468 2837 1659 2889 euitare,
1678 2836 1795 2879 nihil

159 2916 256 2954 tum
277 2919 400 2956 esset
420 2914 789 2957 contendendum
810 2914 1005 2957 deloco.

246 2976 590 3044 Siquacunque
610 2989 786 3034 ratione
806 2997 958 3046 potest
978 2990 1191 3043 obtineri,
1228 2992 1301 3034 uel
1329 3005 1410 3047 per
1437 3004 1684 3041 caesarem,
1718 2989 1794 3033 uel

157 3061 247 3106 alia
276 3062 369 3116 uia,
402 3078 462 3108 ne
495 3064 789 3108 subiiciamur
819 3066 1047 3121 regimini,
1082 3068 1156 3110 uel
1190 3066 1478 3123 magistratui
1510 3065 1714 3122 politico,
1747 3065 1797 3107 id
