2098 3470
804 263 1230 302 Ius-rnucriouEs-61
1720 273 1790 311 509

203 367 349 413 eidem
374 382 454 425 pro
477 367 711 412 ablutione
731 367 906 420 vinum,
925 381 1017 423 quo
1032 365 1144 409 lauit
1161 380 1340 419 manus;
1360 366 1711 423 poteritautem,
1736 375 1839 424 post

202 445 502 488 ministratam
521 445 905 496 communionem,
922 457 1084 487 manus
1100 442 1364 499 simpliciter
1381 445 1644 500 abstergere
1661 445 1719 487 ad
1735 458 1838 488 cor-

202 522 372 579 porale,
397 523 470 566 vel
492 536 627 577 aqua,
651 526 743 568 404
766 536 900 577 quam
923 519 1021 577 ipse
1042 528 1207 573 sumet,
1231 520 1465 576 paululum
1490 521 1690 573 ablutus,
1710 521 1836 577 puri-

201 599 406 643 ficatorio
427 600 709 655 abstergere.

292 678 382 720 Pro
398 675 647 728 ablutione,
670 690 762 719 non
785 690 900 731 aqua
917 689 1032 732 pura
1047 674 1419 727 communicanti,
1439 675 1519 718 sed
1540 674 1697 718 vinum
1720 690 1838 731 aqua

201 753 396 797 dilutum
423 754 581 806 detur,
617 752 703 796 nisi
735 753 838 808 quis
867 752 927 796 sit
962 751 1226 804 abstemius,
1261 758 1308 795 et
1338 751 1384 794 in
1420 751 1539 794 vitro
1561 752 1716 803 detur,
1751 752 1837 796 nisi

201 830 487 874 consuetudo
508 830 567 873 sit
589 829 775 885 antiqua
791 837 840 871 vt
856 828 904 871 in
921 828 1075 872 calice.
1098 827 1279 872 Vitrum
1292 842 1402 872 vero
1414 828 1461 871 in
1478 843 1616 871 manu
1631 843 1811 871 commu
1822 855 1835 860 -

201 906 371 950 nicanti
393 907 542 958 detur,
567 914 617 949 vt
638 921 796 963 parum
814 906 919 950 inde
939 913 1105 949 sumat.
1130 904 1371 949 Minister³
1393 913 1563 958 autem,
1589 905 1668 961 qui
1691 906 1836 950 inser·

201 982 267 1028 uit
294 983 482 1035 missae,
514 983 793 1026 ablutionem
825 981 1267 1026 communicantibus
1297 982 1446 1034 dabit,
1481 981 1580 1027 siue
1611 997 1666 1026 ex
1699 982 1833 1035 vitro,

199 1058 298 1103 siue
314 1075 370 1104 ex
385 1059 542 1112 calice,
556 1059 691 1102 modo
707 1059 830 1102 vnde
846 1058 1023 1115 capitur
1038 1057 1156 1101 calix
1173 1057 1293 1103 lineo
1311 1073 1461 1114 panno
1475 1058 1534 1101 sit
1546 1057 1566 1084 b
1583 1059 1786 1102 munitus
1800 1067 1831 1102 0.

287 1138 338 1180 In
359 1136 563 1191 quolibet
586 1135 720 1179 trium
743 1142 983 1179 sacrorum*
1009 1134 1260 1178 natiuitatis
1291 1135 1478 1179 Domini
1511 1136 1683 1180 ablutio
1714 1136 1834 1193 digi-

200 1221 349 1257 torum
373 1214 467 1265 fiat‚
493 1220 539 1257 et
561 1213 606 1255 in
630 1213 800 1255 mundo
827 1227 935 1256 vase
957 1212 1010 1270 (si
1038 1212 1156 1255 calix
1183 1213 1310 1255 nullo
1331 1221 1466 1269 pacto
1492 1213 1650 1256 haberi
1678 1214 1835 1270 possit)

198 1292 461 1347 reponatur,
485 1297 535 1332 vt
555 1289 684 1332 finito
709 1290 842 1333 tertio
859 1303 990 1333 sacro
1010 1289 1131 1333 illius
1148 1289 1321 1333 ablutio
1337 1298 1384 1335 et
1400 1289 1591 1334 aliorum
1609 1291 1834 1334 miscean-

197 1375 272 1411 tur
294 1366 342 1410 in
364 1366 505 1410 calice
526 1375 573 1409 et
595 1374 852 1411 sumantur.

286 1443 585 1500 Priuilegium
609 1443 869 1488 celebrandi
898 1443 1080 1487 missam
1108 1451 1216 1489 ante
1243 1444 1365 1490 diem
1395 1451 1442 1488 et
1469 1452 1571 1501 post
1600 1445 1831 1489 meridiem

197 1520 407 1577 vsurpari
425 1528 575 1577 potest
598 1521 782 1576 quando
805 1535 1044 1565 necessum
1065 1522 1139 1566 vel
1161 1521 1409 1578 expediens
1434 1522 1667 1566 videbitur
1697 1538 1832 1580 supe-

197 1597 321 1650 riori,
351 1598 425 1642 vel
453 1597 590 1641 etiam
617 1611 673 1640 ex
701 1597 800 1641 eius
829 1598 1033 1655 generali
1062 1599 1294 1653 facultate,
1330 1597 1369 1643 si
1401 1614 1491 1642 non
1526 1599 1658 1643 facile
1690 1600 1831 1656 possit

197 1674 326 1718 adiri.
1324 1680 1327 1682 ’

281 1756 371 1799 405
399 1752 668 1797 Sacerdotes
696 1752 871 1796 externi
899 1766 991 1795 non
1025 1751 1346 1809 permittantur
1379 1768 1558 1797 sacrum
1597 1756 1746 1799 facere
1783 1755 1827 1798 in

193 1836 349 1872 nostra
375 1829 584 1881 ecclesia,
616 1828 703 1872 nisi
731 1843 900 1886 magna
932 1829 1138 1873 adhibita
1168 1830 1593 1887 circumspectione.
1627 1833 1743 1875 Nam
1777 1833 1828 1874 fit

193 1919 345 1962 saepe,
364 1913 413 1948 vt
430 1906 688 1948 offendatur
705 1907 900 1961 populus
918 1922 975 1950 ex
991 1906 1169 1950 illorum
1187 1909 1322 1951 modo
1339 1908 1617 1961 celebrandi,
1642 1917 1688 1953 et
1706 1909 1826 1952 illam

193 1982 490 2027 offensionem
517 1983 687 2027 referre
715 1983 847 2027 facile
875 1991 1067 2040 possunt
1095 1983 1141 2026 in
1178 1998 1276 2028 nos.
1319 1985 1413 2041 Qui
1450 1993 1602 2030 autem
1637 1986 1829 2029 alicuius

192 2059 520 2104 aedificationis
548 2068 672 2113 sunt,
702 2068 749 2103 et
771 2059 882 2104 alias
910 2060 1102 2116 cogniti,
1134 2060 1189 2104 iis
1215 2062 1416 2118 permitti
1448 2070 1614 2118 potest,
1651 2063 1687 2106 si
1717 2063 1827 2106 nihil

193 2135 405 2180 timeatur
426 2135 688 2179 offensionis
709 2138 830 2192 apud
851 2138 1085 2193 populum.

280 2213 506 2256 Absoluta
529 2213 682 2266 missa,
708 2214 841 2258 vnica
864 2222 1040 2258 tantum
1058 2229 1196 2260 cruce
1213 2216 1347 2259 detur
1364 2218 1532 2273 populo
1551 2218 1822 2261 benedictio.

280 2290 329 2332 In
369 2288 547 2346 templis
583 2290 776 2343 nostris,
818 2291 1018 2335 externis
1055 2293 1316 2336 communio
1353 2308 1445 2337 non
1483 2294 1569 2337 nisi
1607 2295 1747 2338 semel
1780 2294 1825 2336 in

192 2366 478 2410 hebdomada
500 2367 800 2411 communiter
822 2367 1164 2413 administretur
1184 2384 1310 2414 more
1327 2371 1476 2423 solito,
1502 2371 1679 2423 diebus,
1706 2371 1826 2414 scili-

195 2451 286 2496 cet,
311 2443 550 2487 dominicis
572 2443 607 2496 d,
633 2444 855 2500 primariis
876 2445 1011 2489 etiam
1035 2446 1376 2500 festiuitatibus,
1402 2463 1518 2504 quae
1546 2464 1626 2504 per
1648 2449 1825 2491 hebdo-

190 2521 367 2564 madam
396 2520 618 2565 incidunt.
644 2522 842 2577 Quando
877 2530 1033 2566 tantus
1070 2523 1116 2566 in
1154 2523 1219 2567 eis
1255 2539 1368 2581 erga
1406 2540 1578 2568 sacram
1618 2525 1823 2580 synaxim

190 2599 344 2642 feruor
371 2597 554 2653 pietatis
585 2598 894 2653 cognoscitur,
930 2599 1096 2655 poterit
1134 2600 1268 2645 etiam
1298 2601 1558 2644 ministrari.
1591 2601 1666 2646 Sic
1705 2602 1823 2646 enim

141 2670 148 2674 ”
190 2688 295 2718 cum
322 2674 488 2718 nostris
516 2675 642 2718 laicis
673 2676 822 2719 facere
851 2676 1190 2730 consueuimus,
1222 2686 1268 2722 et
1297 2680 1471 2722 externi
1502 2679 1683 2734 quidem
1713 2694 1823 2723 con-

191 2750 304 2795 tenti
340 2766 440 2795 esse
477 2753 661 2804 debent,
693 2752 731 2795 si
768 2767 872 2796 cum
909 2753 1018 2809 ipsis
1055 2753 1258 2799 similiter
1299 2756 1515 2799 faciamus
1544 2764 1681 2811 atque
1718 2771 1821 2798 cum

190 2827 373 2880 nostris.

277 2910 366 2952 406
389 2905 668 2949 Secularium
693 2907 999 2951 confessiones
1022 2908 1155 2952 facile
1177 2924 1268 2952 non
1291 2910 1548 2961 audiantur,
1571 2909 1655 2952 nisi
1675 2924 1820 2965 quan-

259 3021 278 3038 a
302 3011 516 3046 Ministrer
534 3023 606 3047 ms.
657 3014 723 3040 ——b
750 3013 835 3048 Hoc
854 3015 964 3049 verb.
985 3015 1044 3050 bis
1059 3015 1224 3051 habetur
1243 3016 1281 3051 in
1302 3028 1372 3051 ms.
1424 3026 1488 3042 —c
1518 3017 1720 3051 munitum
1740 3027 1817 3052 ms.

190 3071 255 3097 -d
282 3070 511 3105 dominibus
530 3082 603 3106 ms.
