2098 3470
311 235 382 282 858
890 238 1030 274 EPIST.
1058 238 1103 274 P.
1131 238 1283 274 NADAL

354 339 527 382 Verum
557 339 614 382 ad
644 345 773 382 tuum
805 341 1180 395 praesentiscere:
1209 354 1344 395 quem
1374 340 1525 398 legisti
1556 341 1904 398 grammaticum

262 416 321 458 de
339 416 720 471 praesentiscere?
737 415 950 460 Arbitror
973 423 1016 460 te
1039 417 1212 460 nullum
1236 416 1419 473 legisse,
1439 431 1580 473 quum
1598 417 1683 462 ista
1704 419 1901 475 scripse-

264 493 326 536 ris
348 500 383 546 2,
408 493 488 537 sed
506 492 631 549 loqui
653 500 698 536 te
718 507 775 537 ex
797 493 974 547 habitu,
1001 508 1136 550 quem
1160 493 1267 536 olim
1289 508 1315 537 e
1339 495 1469 550 plena
1486 494 1694 540 barbarie
1710 495 1902 540 hausisti

264 570 551 623 scholastica,
576 570 742 615 deinde
757 571 1098 615 concertatione
1128 584 1183 613 ac
1205 585 1291 613 vsu
1319 571 1614 615 confirmasti.
1645 572 1807 616 Credis
1830 588 1903 619 me

263 646 516 691 orationem
547 647 784 691 instituere
810 646 830 674 b
861 647 1193 704 apologeticam
1216 648 1273 690 de
1287 649 1669 702 praesentiscere?
1691 650 1795 693 Non
1827 651 1896 695 fa-

263 724 351 777 cio,
378 724 532 778 frater,
556 725 615 767 ob
638 724 703 768 rei
724 732 770 768 et
787 724 1104 781 indignitatem
1129 722 1215 764 222
1236 731 1252 749 ⁰
1269 731 1314 768 et
1331 723 1565 768 vilitatem.
1591 723 1676 766 223
1700 727 1901 770 Tantum

264 801 373 856 quid
385 815 508 845 erras
520 815 759 857 exponam.
780 803 882 846 Non
902 808 970 846 est
987 801 1062 844 illa
1079 800 1353 857 significatio
1375 800 1501 844 verbi
1514 801 1652 855 illius,
1670 804 1805 847 Pater
1823 803 1898 855 mi,

261 876 298 920 si
314 876 454 921 latine
475 876 587 921 velis
607 877 731 933 loqui
752 885 798 921 et
820 892 908 921 non
934 877 1085 934 potius
1107 878 1314 930 barbare3
1332 892 1436 921 nam
1453 878 1595 921 verba
1619 877 1665 921 in
1682 892 1755 920 sco
1771 878 1898 922 finita

262 955 676 1010 frequentationem
697 969 788 998 non
807 955 1085 1012 significant,
1110 955 1190 997 sed
1212 953 1568 1007 inchoationem,
1600 954 1637 998 si
1669 955 1903 999 Prisciano

261 1031 424 1085 credis;
449 1031 519 1075 sin
542 1032 717 1084 Vallae,
741 1031 987 1088 explicabis
1009 1031 1084 1074 illa
1107 1045 1186 1086 per
1209 1032 1398 1074 verbum
1412 1031 1496 1087 fio.
1522 1028 1597 1075 Ad
1620 1032 1797 1075 Vallam
1820 1045 1899 1075 ac-

262 1109 432 1153 cedunt
455 1110 551 1153 fere
568 1108 869 1165 grammatici,
891 1109 1013 1164 quod
1031 1107 1301 1151 auctoritate
1322 1108 1594 1151 confirmant
1611 1109 1711 1165 (suo
1727 1108 1901 1152 scilicet

262 1186 570 1242 argumento).
603 1187 720 1229 Nam
743 1185 965 1242 Virgilius
986 1184 1155 1241 inquit:
1185 1184 1351 1227 «maria
1380 1184 1603 1241 incipiunt
1635 1185 1807 1242 agitata
1829 1191 1903 1230 tu-

263 1277 466 1307 mescere
492 1264 549 1306 ¹».
578 1263 636 1306 Et
672 1262 760 1306 alio
797 1263 912 1306 loco:
953 1262 1169 1305 «Fluctus
1197 1261 1273 1303 vbi
1295 1260 1441 1317 primo
1469 1261 1618 1318 coepit
1646 1275 1751 1306 curn
1773 1262 1899 1306 albe-

264 1355 394 1385 scere
416 1347 556 1396 ponto
577 1340 620 1380 ²»
646 1354 739 1383 non
760 1339 998 1383 additurus
1020 1339 1247 1394 incipiunt
1274 1345 1320 1381 et
1341 1339 1492 1394 coepit,
1521 1338 1559 1382 si
1586 1337 1633 1381 in
1654 1337 1807 1382 verbis
1828 1338 1902 1381 in·-

265 1418 529 1474 coeptiones
557 1416 916 1460 continerentur.

351 1496 456 1538 Non
487 1493 691 1551 negarim
729 1501 880 1537 tamen
907 1492 1245 1537 inchoationem
1280 1506 1607 1547 nonnunquam
1637 1491 1921 1549 significare*

261 1572 523 1616 huiusmodi
541 1573 695 1624 verba,
714 1578 764 1614 vt
791 1571 797 1628 Ι
824 1571 871 1613 in
890 1570 1111 1614 Cicerone
1128 1570 1313 1626 legitur,
1327 1571 1394 1626 p.⁰
1405 1571 1462 1614 de
1481 1569 1658 1622 officiis,
1675 1583 1899 1624 «namque

263 1650 512 1694 Herculem
552 1648 774 1692 Prodicus
811 1647 920 1690 dicit
949 1649 963 1669 ³
1004 1649 1067 1703 (vt
1090 1654 1159 1691 est
1196 1647 1317 1703 apud
1347 1647 1715 1703 Xenophontem)
1756 1660 1897 1701 quum

262 1727 457 1783 primum
480 1727 793 1782 pubesceret»,
819 1732 907 1767 etc.
935 1725 992 1766 Et
1014 1738 1149 1780 saepe
1172 1729 1324 1767 amant
1346 1725 1459 1767 haec
1480 1723 1621 1766 verba
1642 1736 1725 1779 pro
1741 1722 1899 1779 primi-

263 1804 370 1848 tiuis
400 1803 626 1860 usurpari,
667 1810 715 1846 vt
744 1804 983 1845 conticesco
1012 1815 1093 1858 pro
1125 1802 1329 1853 conticeo,
1359 1801 1620 1857 concupisco
1648 1814 1731 1856 pro
1758 1800 1903 1855 cupio,

262 1883 555 1924 contremisco
576 1895 657 1937 pro
679 1882 924 1927 contremo:
946 1886 1007 1931 et,
1033 1879 1155 1935 quod
1184 1879 1408 1922 habemus
1430 1877 1477 1920 in
1500 1875 1778 1934 Apocalypsi
1799 1890 1900 1919 sor-

261 1960 401 2012 desco,
418 1958 491 2001 vel
509 1972 590 2014 pro
611 1956 807 2013 sordefio
828 1955 1068 2011 accipitur,
1090 1955 1162 1999 vel
1178 1954 1364 1998 omnino
1381 1969 1463 2011 pro
1481 1969 1564 1998 suo
1583 1952 1827 2010 primitiuo,
1851 1959 1903 1995 vt

262 2049 428 2092 graece
450 2041 555 2083 esti>
571 2040 689 2087 ῥυπῶν
704 2039 900 2086 ῥυπωσάτω
917 2038 979 2086 ἕτις
1000 2034 1016 2054 ⁴
1039 2039 1085 2076 et
1106 2032 1288 2088 quidem
1312 2039 1443 2075 tuum
1468 2031 1828 2088 praesentiscere
1849 2028 1895 2072 i'n

334 2170 352 2187 a
378 2160 566 2196 scriberis
584 2171 659 2194 ms.
717 2160 783 2186 —b
810 2159 987 2194 instuere
1002 2169 1074 2196 ms.
1127 2166 1191 2184 ..e
1209 2156 1396 2204 Sequitur
1409 2156 1449 2192 in
1466 2155 1603 2192 codice
1616 2154 1682 2193 fol.
1699 2163 1784 2201 222,
1797 2153 1900 2201 quod

263 2230 467 2267 perperam
493 2230 515 2254 a
533 2218 621 2254 libri
641 2216 902 2264 compositore
922 2217 961 2252 in
985 2218 1059 2252 hoc
1090 2217 1175 2252 loco
1205 2214 1378 2263 positum
1396 2221 1471 2260 est,
1492 2221 1628 2262 utpote
1658 2213 1760 2261 quod
1779 2223 1900 2260 pauca

265 2284 418 2314 tantum
443 2277 634 2322 continet,
652 2288 752 2324 quae
777 2276 824 2312 ad
844 2275 1127 2323 praefationem
1144 2275 1260 2322 hujus
1278 2274 1482 2321 apologiae
1500 2278 1690 2321 spectant,
1708 2278 1749 2309 et
1762 2273 1902 2319 imper-

263 2338 368 2375 fecta
386 2345 491 2374 sunt.
519 2339 606 2374 Fol.
632 2346 730 2373 222v
747 2347 915 2372 vacuum
933 2341 1125 2373 remanet.

336 2440 344 2460 ¹
396 2438 586 2486 Virgilius
604 2450 682 2474 non
702 2439 851 2479 maria,
872 2437 941 2472 sed
952 2437 1071 2484 freta
1086 2437 1206 2483 ponti
1222 2435 1342 2471 dixit.
1367 2436 1426 2471 En
1444 2435 1554 2470 loeus
1579 2445 1602 2469 a
1625 2433 1720 2469 Nat.
1743 2432 1902 2478 citatus,

264 2499 497 2546 desumptus
514 2510 563 2553 ex
586 2499 755 2546 Georg.,
773 2497 845 2533 lib.
871 2496 903 2543 Ι,
922 2507 1028 2532 vers.
1048 2494 1228 2541 356-358:

549 2575 759 2621 Continuo,
780 2573 911 2610 ventis
929 2572 1199 2619 surgentibus,
1220 2577 1287 2607 aut
1305 2570 1407 2607 freta
1424 2569 1535 2618 ponti

548 2634 745 2682 Incipiunt
761 2634 907 2679 agitata
926 2638 1160 2679 tumescere,
1182 2637 1223 2667 et
1240 2630 1372 2666 aridus
1391 2630 1481 2666 altis

552 2694 751 2730 Montibus
768 2693 894 2729 audiri
914 2692 1058 2738 fragor·

339 2755 353 2773 '¹
402 2755 613 2796 Aeneidos,
628 2753 697 2789 lib.
712 2751 805 2799 VII,
821 2763 925 2787 vers.
947 2751 1029 2796 528.
1048 2750 1137 2786 Aha
1151 2750 1283 2797 lectio
1304 2749 1536 2785 aLEMAJRE
1552 2746 1740 2789 adhibita,
1755 2751 1828 2784 est:
1843 2743 1903 2781 al·
1972 2725 2028 2755 ’ν’

266 2814 416 2850 bescere
439 2816 568 2849 vento.
587 2812 650 2850 Cf.
674 2812 742 2848 cit.
762 2816 983 2855 auctorem,
1003 2810 1278 2856 Bibliotheque
1302 2809 1498 2854 classique
1521 2806 1662 2848 latine,
1686 2804 1899 2853 Virgilius,

320 2875 346 2908 l.
367 2873 423 2908 III
583 2871 625 2907 31

267 2885 317 2909 vo
339 2934 352 2952 ⁵
403 2881 667 2978 ΑΙιῗᾶΙῖςωιῒΖ
657 2930 874 2966 Herculem
895 2929 1134 2965 Prodicium
1158 2929 1311 2964 dicunt.
1331 2926 1394 2963 Cf.
1414 2927 1618 2972 LEMAIRE,
1639 2926 1713 2960 loc.
1730 2923 1812 2970 cit„
1835 2921 1902 2958 ci-

266 3004 371 3036 cero,
390 2992 467 3027 vol.
487 2991 596 3037 XIV,
615 3001 704 3037 pag.
729 2997 809 3034 151.

340 3053 355 3072 4
404 3051 478 3097 Ita,
498 3061 546 3086 ex
566 3049 659 3085 edit.
678 3048 955 3095 complutensi.
981 3048 1027 3083 In
1055 3047 1227 3083 editione
1247 3045 1350 3081 Novi
1368 3045 1492 3091 Test.‚
1515 3055 1536 3079 a
1560 3041 1745 3079 Gebhard
1763 3051 1812 3076 ex
1834 3039 1901 3076 Ti-
