2098 3470
802 247 1231 286 hemenonem-61
1718 258 1789 295 449

292 352 523 410 Epistulae
542 352 719 407 aliquae
740 352 789 397 S.
815 349 1103 406 Hieronymi,
1126 349 1374 393 nonnullae
1404 348 1540 392 etiam
1571 350 1620 394 S.
1651 351 1836 408 Grego-

202 429 351 483 rii,⁷S.
376 428 610 474 Ambrosii
630 435 678 473 et
699 429 748 474 S.
780 425 1048 484 Augustini.
1081 427 1235 482 Opera
1271 425 1423 481 aliqua
1451 427 1618 470 deuota
1649 429 1701 471 B.
1734 429 1835 471 Au-

205 505 403 564 gustini,
434 513 480 550 et
507 519 740 550 sermones
767 503 905 560 aliqui
931 502 1159 555 eiusdem,
1190 509 1236 545 et
1265 502 1436 547 deuota
1472 517 1609 559 opera
1643 506 1690 548 S.
1726 507 1836 548 Ber-

205 582 356 628 nardi.
1009 622 1017 633 ,

238 694 243 699 .
297 660 531 704 Nonnulla
552 660 720 703 deuota
741 673 877 715 opera
899 659 948 702 S.
977 659 1342 700 Bonauenturae.

293 735 384 782 2⁰8
420 738 619 789 Gerson,
660 737 719 779 de
755 734 1007 778 imitatione
1043 733 1230 794 Christi,
1270 733 1451 790 vulgari
1487 734 1623 777 etiarn
1661 734 1835 791 lingua3

206 828 347 871 opera
367 813 502 859 etiam
525 813 676 869 aliqua
698 814 866 856 deuota
885 811 1104 855 eiusdem.

297 890 526 948 Epistolae
548 891 597 935 S.
623 889 898 934 Catharinae
921 887 1137 933 Senensis
1158 895 1204 931 et
1225 887 1319 930 vita
1341 887 1456 931 eius.

298 968 473 1012 Omnes
494 969 577 1010 has
599 966 814 1023 epistolas
835 973 881 1011 et
908 980 1045 1022 opera
1074 964 1368 1021 prouincialis
1396 965 1528 1022 seligi
1557 966 1733 1009 curabit
1761 981 1840 1022 per

208 1044 422 1089 idoneum
446 1043 661 1099 aliquem,
686 1043 784 1100 ipse
804 1056 914 1088 vero
929 1041 1146 1085 iudicium
1165 1041 1300 1086 etiarn
1318 1056 1451 1085 suum
1470 1041 1590 1090 illius
1607 1043 1840 1086 selectioni

210 1120 442 1165 adhibebit
462 1135 521 1164 an
543 1127 666 1164 recte
686 1121 872 1164 habeat.

299 1198 536 1254 Legantur
556 1197 709 1250 etiam,
730 1211 836 1240 cum
853 1197 1139 1248 adferuntur,
1163 1195 1321 1240 literae
1343 1210 1524 1240 annuae
1545 1205 1563 1222 ²
1584 1205 1630 1240 et
1652 1197 1843 1251 indicae,

211 1288 331 1330 quae
351 1275 409 1317 ad
431 1274 790 1318 aedificationem
816 1274 1003 1327 faciunt;
1028 1273 1222 1330 singulis
1243 1287 1354 1316 vero
1382 1273 1514 1316 annis
1542 1275 1763 1318 nonnulla
1791 1291 1847 1320 ex

215 1351 415 1407 antiquis
436 1351 529 1408 legi
549 1351 808 1404 iubeantur,
831 1350 1099 1407 praesertim
1121 1349 1299 1402 indicis,
1325 1365 1351 1392 a
1374 1351 1608 1406 superiore
1631 1353 1844 1396 selectae.

303 1429 507 1485 Regulae
534 1443 618 1471 suo
640 1436 847 1484 tempore
869 1429 1097 1484 legantur.
1130 1428 1234 1471 Hoc
1261 1427 1390 1481 initio
1418 1428 1588 1471 mensis
1614 1428 1839 1472 cuiusuis.

303 1506 419 1549 Cum
443 1505 613 1561 legitur
634 1504 836 1557 historia,
857 1504 968 1547 illud
985 1504 1208 1556 videatur,
1227 1511 1277 1546 vt
1293 1512 1397 1560 post
1412 1505 1530 1548 duos
1546 1520 1725 1550 menses
1742 1521 1848 1550 suc-

212 1583 346 1628 cedat
367 1581 501 1626 lectio
521 1581 623 1624 libri
645 1581 836 1625 alicuius
862 1581 1126 1638 spiritualis,
1161 1581 1333 1637 aliquot
1360 1581 1539 1635 diebus,
1566 1589 1662 1625 turn
1685 1570 1849 1626 deinde

218 1659 430 1704 redeatur
450 1659 508 1702 ad
528 1658 779 1720 historiam.

306 1736 397 1781 2⁰9
419 1736 550 1780 Vltra
572 1737 658 1778 hos
679 1735 836 1789 libros,
861 1742 1075 1791 poterunt
1097 1735 1278 1791 quidem
1300 1735 1375 1779 alii
1397 1736 1506 1792 legi,
1531 1737 1611 1780 sed
1634 1751 1726 1780 non
1754 1738 1850 1781 sine

215 1812 543 1871 approbatione
584 1812 846 1869 superioris.
888 1812 1218 1855 Examinentur
1253 1811 1398 1869 igitur
1435 1820 1482 1857 et
1523 1815 1847 1870 approbentur,

215 1890 411 1948 primum
433 1889 653 1933 consultis
677 1890 889 1933 Patribus
910 1897 990 1932 aut
1012 1889 1228 1933 fratribus
1246 1890 1337 1947 (qui
1361 1890 1483 1933 domi
1501 1891 1624 1947 sunt)
1642 1891 1848 1942 eruditis,

198 1975 374 2024 ,postea
394 1967 660 2011 consulatur
678 1966 816 2011 etiam
838 1966 1132 2023 prouincialis
1153 1981 1211 2010 an
1233 1966 1326 2024 legi
1347 1975 1555 2024 possunt.

306 2044 509 2101 Epistola
526 2043 674 2087 Patris
690 2043 857 2100 Ignatii
873 2045 931 2088 de
947 2043 1221 2096 obedientia,
1240 2058 1385 2099 quam.
1396 2045 1517 2088 misit
1534 2046 1590 2088 ad
1608 2046 1851 2102 collegium

218 2120 596 2174 conimbricense,
621 2121 712 2177 legi
740 2119 922 2176 poterit,
947 2134 1088 2176 quum
1118 2121 1337 2177 leguntur
1359 2123 1564 2178 regulae.

305 2199 357 2242 In
380 2199 580 2254 profesto
601 2197 860 2242 celebrioris
885 2197 1004 2250 festi,
1035 2205 1080 2241 et
1102 2196 1150 2240 in
1177 2197 1251 2242 die
1272 2197 1372 2254 ipso
1404 2206 1450 2243 et
1486 2200 1696 2255 sequenti
1725 2200 1852 2256 lega-

220 2281 296 2318 tur
316 2274 500 2331 aliquod
520 2273 555 2327 b,
579 2275 702 2330 quod
723 2275 782 2317 ad
802 2274 1034 2317 historiam
1057 2281 1104 2318 et
1125 2275 1435 2319 celebritatem
1458 2276 1562 2319 festi
1585 2276 1790 2320 attineat.

307 2353 446 2408 Quod
466 2351 504 2396 si
526 2351 693 2395 festum
714 2351 852 2395 fuerit
879 2351 1242 2404 celeberrimum,
1267 2352 1421 2408 qualia
1449 2362 1556 2396 sunt
1578 2353 1740 2396 natalis
1763 2355 1854 2396 Do-

220 2428 347 2482 mini,
365 2430 575 2485 paschae,
593 2435 896 2485 pentecostes,
914 2427 1208 2481 ascensionis,
1229 2429 1482 2483 Trinitatis,
1504 2430 1704 2487 corporis
1722 2431 1854 2473 Chri-

221 2505 296 2558 sti,
327 2505 528 2548 omnium
554 2512 834 2557 sanctorum,
860 2504 1246 2559 annunciationis,
1271 2507 1598 2563 assumptionis
1623 2509 1674 2550 Β.
1707 2507 1855 2561 Virgi-

221 2581 310 2635 nis,
345 2589 606 2626 sanctorum
640 2581 764 2626 Petri
797 2588 843 2625 et
877 2581 1024 2634 Pauli,
1056 2596 1147 2624 non
1180 2590 1196 2608 ⁶
1223 2584 1370 2626 solum
1404 2598 1493 2626 vno
1531 2592 1576 2627 et
1606 2585 1747 2626 altero
1785 2584 1857 2628 die

221 2658 388 2716 poterit
414 2658 506 2715 legi
533 2657 703 2714 aliquid
725 2673 807 2714 pro
837 2657 1101 2702 celebritate
1129 2659 1250 2712 festi,
1274 2662 1356 2705 sed
1389 2660 1524 2705 etiam
1553 2660 1776 2716 pluribus,
1802 2675 1857 2702 ex

223 2735 450 2779 sententia
487 2734 560 2781 210
577 2742 633 2779 ·et
663 2734 850 2778 arbitrio
881 2735 1143 2791 superioris,
1177 2738 1560 2792 quemadmodum
1599 2746 1644 2780 et
1683 2737 1857 2780 hebdo-

224 2813 357 2856 made
377 2819 534 2856 sancta
556 2819 691 2856 erunt
719 2812 940 2868 legendae
967 2812 1191 2858 homeliae
1215 2816 1286 2857 vel
1318 2822 1540 2857 tractatus
1562 2815 1617 2856 de
1651 2813 1858 2869 passione

208 2889 425 2942 >Domini,
450 2889 542 2932 imo
562 2903 671 2932 vero
692 2888 827 2932 etiam
851 2903 877 2931 a
898 2888 1124 2932 dominica
1148 2889 1191 2932 in
1215 2891 1443 2947 passione.

298 3065 317 3083 ²
365 3055 451 3090 Hoc
469 3055 580 3090 verb.
601 3053 796 3100 posterius
813 3051 1002 3088 additum.
1057 3056 1122 3082 —b
1148 3054 1227 3091 Sic.
1278 3065 1342 3082 -c
1368 3059 1404 3090 et
1431 3067 1506 3090 non
1530 3067 1600 3090 ms.

407 3118 521 3148 Emsr.
541 3118 579 3147 P.
601 3117 737 3153 Naum..
755 3124 830 3146 ron.
851 3116 917 3146 IV.
1642 3119 1678 3147 3ο
