2098 3470
469 198 620 246 Diei-A,
647 207 704 235 nx
729 198 983 236 Socrui-urs
1007 196 1221 234 Plu-mnus
1246 196 1571 241 cornera—65
1713 193 1786 242 639

14 311 31 330 ’ἢ
60 286 66 289 A
134 299 139 305 ”
194 313 324 343 orare
340 300 427 342 hoc
452 299 526 343 uel
548 298 661 343 illud
683 298 760 343 tali
777 301 891 343 hora
911 298 986 343 uel
1008 297 1085 342 tali
1103 305 1323 353 tempore;
1343 304 1389 340 et
1406 296 1495 339 iam
1513 303 1620 340 ante
1635 296 1831 339 maxime

193 374 450 421 desiderare
481 376 603 420 illam
635 376 733 420 fieri
769 390 874 420 cum
912 374 1180 427 attentione,
1210 373 1457 418 deuotione
1494 366 1539 416 et
1573 373 1826 417 exauditio-

195 466 270 505 ne,
295 459 386 497 etc.
414 456 580 498 Postea
603 461 754 498 autem
782 449 929 511 quarri'
941 453 1062 496 facta
1082 458 1170 505 est,
1195 451 1398 508 cogitare
1426 450 1471 493 in
1493 465 1585 506 quo
1613 451 1833 495 defeceri-

195 543 312 582 mus,
342 538 389 573 et
416 531 532 576 male
560 545 643 574 nos
664 532 832 576 habere
852 531 911 574 de
931 529 1019 573 illis
1040 529 1285 573 erroribus.
1309 527 1386 573 Sic
1406 527 1528 571 enirn
1550 528 1629 572 fiet
1652 534 1702 570 ut
1724 542 1830 571 cum

197 606 351 649 fructu
373 607 526 663 aliquo
547 622 728 652 oremus
750 607 1009 663 aliquando,
1036 605 1203 650 Mirum
1225 604 1347 648 enim
1376 604 1558 648 dicebat
1580 620 1681 649 esse
1709 605 1835 660 quod

195 677 317 727 circa
348 671 557 727 facienda
589 685 658 728 vel
690 684 882 729 dicenda
913 691 1085 727 tantam
1116 681 1451 726 solicitudinem
1483 682 1750 734 habeamus,
1786 688 1834 725 et

199 759 322 804 circa
351 760 583 806 orationes
603 768 782 805 nostras
810 768 900 805 tam
928 760 1060 818 pigre
1090 774 1175 803 nos
1210 760 1479 810 habeamus,
1513 772 1619 801 cum
1651 758 1834 801 maioris

196 837 415 898 momenti
437 837 527 881 sint
549 838 649 882 aliis
670 838 875 882 dicendis
898 838 972 882 uel
986 836 1222 889 faciendis,
1241 843 1665 892 quantumcumque
1682 835 1830 888 bonis3

200 913 320 971 pigri
341 914 462 958 enim
485 916 543 958 ad
564 915 663 959 illas
683 915 959 969 accedimus,
982 921 1029 958 et
1048 913 1203 971 frigidi
1223 913 1331 956 inde
1352 912 1623 957 recedimus.

263 999 269 1006 '
287 990 562 1047 Simplicitas
583 1001 629 1036 et
649 992 829 1036 bonitas
845 993 980 1036 debet
996 991 1239 1047 aliquando
1255 990 1440 1035 vincere
1456 989 1679 1033 rationem
1698 997 1832 1032 natu-

190 1067 354 1123 Talem,
378 1069 468 1112 hoc
489 1075 574 1122 est,
601 1069 809 1125 quamuis
829 1069 1004 1113 ratione
1023 1067 1219 1112 naturali
1242 1066 1373 1111 nobis
1397 1066 1607 1111 uideatur
1634 1066 1834 1110 irascen-

199 1144 325 1196 dum,
345 1144 615 1189 tristandum
633 1153 679 1190 et
696 1145 970 1198 huiusmodi,
990 1152 1142 1191 tamen
1157 1144 1338 1193 bonitas
1355 1152 1400 1188 et
1417 1143 1682 1200 simplicitas
1699 1144 1836 1187 debet

203 1219 280 1264 illa
300 1223 433 1264 ferre.
459 1221 720 1278 Aliquando
741 1222 985 1279 affligimur
1004 1221 1050 1265 in
1072 1221 1239 1274 animo,
1264 1228 1310 1265 et
1332 1220 1543 1277 quamuis
1564 1234 1675 1265 uera
1702 1219 1835 1276 spiri-

205 1304 279 1341 tus
305 1298 437 1342 nobis
464 1299 593 1352 dicit,
626 1299 999 1356 reprehendendo
1027 1313 1111 1343 nos
1131 1299 1187 1342 de
1220 1297 1389 1348 multis,
1426 1304 1595 1350 tamen,
1631 1296 1738 1356 quia
1769 1296 1838 1339 in-

203 1374 393 1431 quietat,
419 1390 508 1419 non
531 1383 601 1419 est
621 1377 770 1420 bonus
791 1375 991 1432 spiritus3
1017 1375 1122 1432 quia
1142 1375 1328 1432 spiritus
1348 1373 1533 1418 Domini
1555 1373 1670 1419 lenis
1686 1381 1771 1426 est,
1793 1381 1839 1416 et

205 1450 410 1496 suauiter
430 1466 514 1495 nos
535 1453 838 1509 reprehendit.
1450 1453 1464 1464 ²

877 1559 937 1616 [Ρ.
965 1557 1168 1618 LAYNEz]

293 1664 489 1708 Dicebat
521 1666 656 1708 Pater
692 1673 846 1709 noster
882 1667 1065 1722 Laynez
1101 1673 1135 1708 ²:
1175 1666 1359 1721 quando
1393 1664 1558 1721 aliquis
1594 1664 1780 1721 eligitur
1817 1678 1843 1706 a

207 1741 406 1785 Domino
427 1756 510 1799 pro
531 1742 832 1786 instrumento
854 1743 912 1786 ad
932 1743 1211 1799 operandum
1233 1741 1404 1798 aliquid
1425 1741 1474 1784 in
1496 1742 1600 1794 alio,
1626 1741 1701 1785 ille
1732 1748 1843 1784 tunc

190 1819 322 1863 bene
341 1818 622 1875 operabitur;
647 1818 719 1862 sin
746 1819 914 1872 minus,
946 1818 1059 1862 nihil
1080 1818 1230 1871 faciet,
1255 1826 1344 1863 etc.
1371 1819 1604 1862 Debemus
1626 1818 1765 1874 igitur
1796 1817 1842 1860 in

206 1894 305 1951 ipso
325 1909 526 1952 sperare,
551 1896 597 1938 in
619 1895 718 1952 ipso
741 1895 915 1952 operari
937 1895 971 1938 b.
1051 1943 1054 1948 ¹

293 1972 414 2016 Idem
438 1979 474 2024 ⁰,
499 1986 620 2024 cum,
645 1981 696 2015 ut
718 1973 775 2015 ad
797 1973 1108 2029 eleemosynas
1130 1972 1361 2018 faciendas
1384 1987 1493 2016 suos
1516 1973 1708 2015 deuotos
1737 1973 1844 2014 hor-

208 2054 394 2101 taretur,
419 2049 476 2092 ab
502 2049 654 2105 aliquo
676 2057 954 2101 moneretur,
969 2049 1106 2092 dixit:
1137 2064 1252 2106 opus
1279 2057 1349 2094 est
1379 2049 1525 2105 primo
1545 2048 1711 2092 lucrari
1744 2048 1843 2091 ani-

209 2138 321 2178 mas3
357 2139 461 2168 cum
490 2140 602 2170 uero
632 2127 689 2169 ad
716 2127 866 2170 Deum
895 2134 1064 2170 tractae
1093 2126 1278 2180 fuerint,
1312 2134 1422 2169 tunc
1444 2126 1539 2182 ipse
1562 2141 1639 2170 eas
1660 2125 1844 2169 docebit

208 2202 435 2256 quomodo
457 2202 654 2246 debeant
675 2210 720 2246 et
742 2203 924 2257 quando
948 2203 1096 2247 facere
1113 2203 1440 2258 eleemosynaS,
1461 2210 1506 2247 et
1525 2212 1675 2245 tamen
1693 2203 1845 2245 bonae

210 2278 548 2323 adhortationes
571 2294 662 2322 non
686 2287 795 2323 sunt
817 2279 1094 2323 omittendae
1117 2278 1137 2304 ἀ
1157 2287 1244 2324 etc.
1271 2288 1303 2323 ⁰.

297 2354 387 2399 262
449 2356 666 2400 Remedia
688 2363 848 2399 contra
864 2356 1186 2413 suggestiones
1207 2357 1428 2402 demonis.

300 2431 350 2476 Si
373 2431 618 2487 aliquando
641 2432 831 2476 tentaris
854 2441 905 2475 ut
926 2447 953 2475 a
973 2432 1206 2489 proposito
1226 2440 1306 2477 tuo
1328 2430 1517 2477 rec'edas
1546 2439 1591 2476 et
1613 2432 1659 2474 in
1682 2431 1849 2474 labori-

211 2509 299 2552 bus
326 2523 379 2552 ac
409 2508 731 2553 afflictionibus
758 2524 850 2553 non
882 2510 1114 2566 persistas,
1153 2510 1393 2555 considera
1432 2511 1660 2566 quomodo
1698 2510 1844 2564 Xpus.

213 2585 331 2649 fixus
362 2585 487 2628 cruci
510 2594 663 2630 manet
693 2586 952 2639 immobilis,
982 2600 1067 2631 nec
1095 2588 1152 2630 ab
1180 2586 1256 2630 illa
1286 2587 1486 2644 separari
1523 2587 1636 2639 uult,
1673 2584 1849 2630 etiamsi

171 2679 174 2681 >
214 2660 261 2704 in
283 2662 480 2705 maximo
502 2663 659 2706 dolore
681 2662 756 2715 sit,
782 2670 828 2707 et
850 2664 1062 2708 recedere
1086 2664 1258 2730 absqpe
1279 2672 1470 2720 peccato
1492 2670 1645 2719 posset
1668 2661 1691 2705 s.

85 2803 105 2815 st
135 2814 138 2815 ⁷
284 2772 303 2790 a
328 2762 586 2798 Emendatum
604 2774 626 2798 a
644 2763 741 2799 Nat.
759 2774 810 2798 ex
828 2763 1028 2799 Dominus
1044 2736 1211 2811 Lnyneix.
1262 2766 1329 2792 —b
1348 2765 1457 2799 Haec
1476 2763 1549 2798 tria
1568 2764 1687 2798 verba
1701 2762 1850 2797 addidit

83 2871 91 2879 ο
175 2834 177 2836 ·
215 2819 310 2857 Nat.
365 2831 430 2849 -0
455 2821 714 2858 Emendatum
737 2834 759 2858 a
782 2822 872 2859 Nat.
893 2834 943 2858 ex
967 2824 1167 2859 Dominus
1191 2825 1359 2870 Laynez.
1411 2825 1478 2850 —d
1504 2832 1525 2867 7
1551 2823 1670 2857 verba
1694 2833 1853 2868 praece-

215 2879 348 2916 dentia
370 2886 463 2916 sunt
485 2881 617 2916 addita
640 2893 663 2917 a
687 2881 776 2917 Nat.
830 2892 893 2909 -e
919 2883 1032 2928 Quae
1056 2889 1273 2930 sequuntur
1291 2894 1368 2918 non
1387 2883 1490 2917 clare
1515 2887 1675 2927 apparet
1699 2892 1748 2915 an
1773 2881 1853 2916 sint

217 2937 392 2984 ejusdem
410 2940 455 2976 P.
475 2940 616 2986 Lainii‚
635 2952 682 2975 eo
699 2940 804 2988 quod
821 2947 912 2976 ante
932 2941 996 2977 illa
1015 2941 1162 2977 inserta
1178 2942 1326 2978 fuerint
1347 2942 1476 2988 aliqua
1494 2952 1543 2975 ex
1569 2940 1610 2975 S.
1637 2940 1853 2986 Epiphanio

217 2997 267 3032 de
285 2997 391 3037 Sma.
411 2998 576 3046 Virgine
595 2999 729 3035 Maria.
781 3019 816 3026 -
830 3001 843 3026 s
864 3001 972 3035 Haec
992 3000 1127 3036 ultima
1146 3010 1166 3046 5
1185 3002 1306 3037 verba
1325 3001 1532 3036 obliterata
1551 3004 1642 3034 sunt
1667 2998 1706 3034 in
1733 3010 1804 3036 ms.
