2098 3470
0 1473 20 1538 „05”-
0 1358 14 1462 ...Vq-rw„
0 1305 7 1348 .,,.
0 1263 8 1296 .-
0 1206 10 1254 «ΠἽ,
0 1136 1 1142 ⁴
0 1092 7 1098 ,
0 1036 4 1071 w-
0 973 8 1022 “qm
0 916 4 926 ,
0 880 3 887 ,

757 231 1198 275 Suppmrusxruu-zs
1681 231 1747 276 841

161 349 220 380 ac
234 334 542 392 suscipienda,
562 334 687 390 quod
714 334 721 391 Ι
747 332 920 376 vtinam
942 339 1035 375 tam
1054 332 1182 375 fieret
1204 333 1261 375 ab
1283 333 1495 376 omnibus
1518 329 1794 389 frequenter,

159 427 298 469 quam
324 418 395 455 est
427 412 713 469 exploratum
752 409 979 453 rarissime
1010 408 1263 461 obseruari3
1295 409 1405 452 satis
1442 410 1561 453 enirn
1601 411 1795 455 habetur

162 489 320 546 vulgo,
333 497 399 542 vt,
413 488 451 532 si
469 501 586 544 quae
602 487 835 544 eliguntur
852 485 1000 528 media
1017 486 1074 528 ad
1085 485 1222 529 finem
1233 486 1404 530 ducere
1418 486 1592 542 possint
1609 501 1795 542 quoquo

109 564 114 574 ⁴
162 571 312 623 pacto,
337 573 386 608 vt
414 565 453 609 si
475 565 625 609 obiter
645 565 704 608 de
725 564 818 608 fine
844 569 1009 619 agatur
1027 568 1100 611 κκαὶ
1123 573 1171 610 ῶς
1204 568 1237 602 ἑν
1255 567 1430 615 παρέργῳ)
1454 563 1662 619 primaria
1687 578 1797 607 vero

160 655 273 686 cura
294 643 353 686 ad
374 641 522 686 media
543 631 803 693 adhibetur,
828 639 959 696 quasi
980 640 1038 682 ad
1060 639 1172 681 illud
1195 639 1414 691 alludant,
1440 641 1561 695 quod
1582 641 1717 684 etiam
1741 642 1798 683 ab

160 718 357 763 ethnicis
378 718 609 763 irridetur:

254 795 324 840 «O
346 795 491 849 ciues,
515 795 659 847 ciueS‚
685 795 948 850 quaerenda
967 794 1164 850 pecunia
1187 793 1378 849 primum
1398 802 1484 846 est,

191 930 194 932 v
251 872 409 917 Virtus
430 880 535 929 post
557 886 770 915 nummos
798 874 854 914 ¹.»
900 867 903 869 ’

252 949 453 994 Primum
486 964 599 993 vxor
631 949 831 1003 ducitur,
856 948 1151 1005 magistratus
1173 947 1415 1003 expetitur,
1441 948 1797 992 ecclesiasticum

162 1025 435 1071 beneficium
473 1041 527 1070 ac
556 1026 691 1071 etiam
729 1019 1035 1082 episcopatus,
1066 1024 1103 1068 si
1146 1026 1264 1081 Xpo.
1304 1016 1464 1080 placet,
1501 1026 1712 1078 ambitur,
1750 1036 1798 1068 vt

130 1101 134 1106 ’
161 1102 275 1148 haec
296 1111 535 1160 postquam
559 1103 622 1146 sis
644 1110 898 1156 assecutus,
924 1103 981 1147 191
999 1110 1043 1145 te
1061 1101 1222 1146 iuuent
1237 1103 1292 1145 ad
1313 1104 1654 1158 promerendam
1674 1119 1795 1147 sem-

161 1179 384 1237 piternam
409 1180 687 1224 felicitatem.

249 1258 326 1301 Ad
343 1258 570 1314 regulam,
596 1258 652 1301 ad
674 1257 889 1319 amussim
912 1264 1148 1314 praeterea
1164 1256 1350 1313 spiritus
1368 1271 1420 1299 ac
1437 1257 1641 1301 veritatis
1658 1266 1794 1313 atque

160 1333 471 1377 institutorum
510 1335 795 1379 orthodoxae
825 1334 980 1378 matris
1013 1334 1233 1378 ecclesiae
1268 1333 1513 1378 electiones
1550 1334 1795 1377 examinari

161 1409 386 1454 iubemus:
412 1425 534 1464 eum,
558 1411 636 1467 qui
658 1411 788 1467 eligit
816 1411 938 1467 quod
974 1412 1035 1454 ab
1059 1410 1252 1455 ecclesia
1283 1425 1470 1453 romana
1499 1410 1556 1453 sit
1579 1411 1792 1461 alienum,

158 1487 378 1532 continuo
394 1489 710 1544 explodamuS.
733 1488 783 1533 Si
799 1490 909 1532 vero
931 1489 1055 1545 quod
1077 1503 1182 1531 cum
1204 1487 1426 1530 institutis
1443 1488 1661 1531 ecclesiae
1684 1502 1795 1530 con-

159 1571 266 1618 stat,
297 1565 488 1622 elegerit
517 1565 635 1620 quis,
662 1555 743 1609 sed
775 1562 924 1620 tamen
956 1565 1179 1610 eiusmodi
1201 1573 1270 1609 est
1292 1565 1367 1607 illa
1390 1565 1568 1616 electio,
1594 1580 1710 1620 quae
1742 1580 1798 1608 ex

161 1655 272 1686 vero
293 1641 479 1698 spiritus
501 1641 723 1691 instinctu
745 1635 838 1686 non
854 1641 1187 1699 proficiscatur,
1208 1642 1255 1684 in
1272 1642 1358 1694 his,
1379 1642 1415 1685 si
1433 1657 1487 1685 eo
1506 1657 1797 1698 progressum

160 1725 246 1771 est,
266 1719 392 1774 quod
413 1718 645 1762 immutari
662 1734 754 1762 non
772 1719 922 1773 liceat,
948 1726 997 1761 vt
1013 1719 1051 1762 si
1074 1719 1176 1775 quis
1198 1719 1338 1763 sacris
1360 1728 1429 1763 est
1453 1719 1688 1762 ordinibus
1710 1718 1800 1760 ini-

165 1794 318 1848 tiatus,
347 1795 355 1854 Ι
382 1795 420 1839 si
441 1795 544 1851 quis
565 1810 751 1839 vxorem
769 1796 965 1850 duxerit,
993 1796 1423 1852 matrimoniumque
1451 1796 1796 1845 consummarit,

160 1871 420 1916 huiusmodi
442 1875 559 1918 bene
582 1887 764 1930 sperare
782 1873 1008 1926 iubemus,
1029 1875 1267 1917 hortamur
1285 1882 1348 1926 vt,
1370 1889 1487 1930 quae
1507 1873 1709 1917 fortassis
1737 1880 1799 1916 te-

162 1962 284 1993 mere
305 1956 444 2012 atque
466 1950 718 2007 improuide
740 1958 1056 2007 susceperunt,
1082 1950 1308 2007 probitate
1332 1951 1451 1994 vitae
1483 1958 1621 2006 atque
1653 1950 1797 1993 actio-

164 2040 271 2069 num
295 2027 478 2071 solertia
500 2028 766 2071 annitantur
788 2028 1021 2072 resarcire:
1056 2043 1148 2071 non
1180 2029 1439 2073 defuturam
1471 2028 1557 2070 illis
1586 2028 1670 2072 Dei
1695 2042 1799 2083 gra-

161 2102 285 2156 tiam,
310 2118 400 2159 qua
421 2104 595 2161 possint
616 2112 802 2157 statum,
827 2105 905 2161 qui
927 2121 953 2148 a
972 2108 1089 2162 Xpo.
1111 2106 1328 2162 probatus
1346 2113 1431 2158 est,
1455 2105 1585 2156 tueri,
1607 2119 1661 2146 ac
1679 2104 1800 2146 illius

163 2186 309 2224 status
326 2189 568 2237 praecepta
586 2184 829 2237 seruando,
850 2183 906 2225 ad
928 2183 1067 2226 vitam
1085 2183 1266 2239 ingredi
1283 2190 1528 2225 aeternam.
1550 2181 1629 2225 Sin
1649 2189 1799 2223 autem

162 2256 391 2314 integrum
415 2266 484 2301 est
506 2258 551 2301 id
573 2266 765 2311 mutare,
790 2260 911 2314 quod
935 2267 1105 2304 temere
1127 2259 1366 2316 elegerint,
1388 2267 1460 2313 atq
1470 2274 1524 2302 ue
1547 2257 1799 2313 improvide

159 2334 229 2378 vel
253 2334 439 2378 omnino
463 2350 553 2378 non
577 2351 633 2380 ex
655 2336 755 2392 puri
773 2335 958 2393 spiritus
979 2338 1139 2390 ductu,
1159 2338 1233 2381 vel
1249 2351 1363 2393 puro
1381 2337 1547 2379 affectu
1566 2336 1621 2377 ad
1641 2335 1795 2385 finem;

159 2409 207 2453 id
243 2410 466 2455 maturius
504 2412 883 2457 considerandum
922 2421 1058 2469 atque
1100 2413 1428 2456 consulendum
1474 2412 1545 2456 193
1587 2411 1796 2466 proponi-

162 2501 264 2530 mus
284 2495 318 2540 ¹¹,
343 2487 558 2532 adhibitis
581 2489 954 2534 meditationibus
977 2491 1048 2534 vel
1071 2491 1128 2533 ad
1152 2490 1484 2546 temperandos,
1523 2489 1593 2531 vel
1622 2488 1678 2529 ad
1702 2487 1800 2528 abi-

160 2564 337 2620 gendos
359 2580 528 2621 prauos
551 2567 742 2611 affectus
762 2577 808 2611 et
830 2568 888 2610 ad
910 2567 994 2611 rite
1026 2576 1070 2612 et
1093 2567 1165 2623 pie
1188 2566 1446 2623 eligendum
1482 2565 1795 2608 accommoda·

160 2639 234 2684 tis.
260 2642 319 2684 Et
339 2643 426 2686 hoc
449 2642 632 2698 quidem
667 2644 962 2700 praecipuum
993 2652 1063 2687 est
1099 2643 1387 2686 instructoris
1420 2642 1634 2691 officium,
1662 2654 1797 2695 quem

160 2731 392 2774 nunquam
420 2734 510 2763 non
532 2720 800 2764 adhibemus
823 2722 880 2764 ad
896 2721 1127 2772 exercitia,
1147 2729 1196 2763 vt
1213 2726 1596 2777 praemonstrator
1614 2717 1796 2772 quidam

159 2793 220 2836 sit
240 2808 296 2839 ac
318 2797 620 2854 paedagogus
642 2797 758 2850 eius,
785 2798 862 2853 qu‘i
885 2805 1139 2842 exercetur.

229 2941 249 2958 ²
295 2931 555 2969 Emendatum
577 2945 598 2968 a
619 2933 709 2970 Nat.
730 2946 779 2969 ex
801 2934 1089 2980 praecipimus.

235 3037 245 3058 ‘
297 3038 481 3075 HORATn
497 3040 703 3086 epistolae,
723 3040 791 3076 lib.
814 3041 846 3085 Ι,
866 3040 981 3086 epist.
1003 3039 1033 3085 l,
1056 3051 1156 3075 vers.
1179 3038 1238 3084 53,
1257 3047 1315 3082 54.
