2098 3470
67 2988 86 3015 ’,ἱ

564 254 840 291 Monumu
864 260 1122 290 Pnovmcmss
1147 253 1464 298 Austrum—49
1715 259 1787 297 297

179 415 200 424 δ
283 361 410 406 Patri
431 362 627 407 Scherer
647 363 783 405 detur
804 361 1013 413 facultas,
1038 369 1090 402 ut
1114 360 1252 411 uolet,
1276 359 1322 402 in
1346 359 1566 402 ambitum
1584 360 1832 413 adducere,

191 438 271 484 uel
286 438 333 481 in
350 438 668 495 hipocaustum
683 437 920 482 exterioris
935 437 1115 489 domus,
1129 436 1168 480 si
1178 451 1294 492 quos
1313 436 1493 480 uidetur
1503 450 1638 492 posse
1655 435 1831 488 iuuare,

189 514 296 560 siue
317 515 590 568 haereticos,
610 515 708 559 siue
723 514 850 567 alios,
870 515 928 557 ad
944 515 1176 571 pietatem;
1196 521 1243 557 et
1263 514 1398 556 detur
1418 512 1482 555 illi
1505 527 1614 555 cura
1630 513 1835 568 peculia-

189 591 273 645 ris,
294 599 345 634 ut
361 599 571 636 exerceat
592 591 768 647 aliquos
791 591 952 634 fratres
973 591 1031 634 ad
1050 590 1418 634 concionandum
1439 596 1485 633 et
1507 589 1721 642 instruat,
1742 596 1831 632 etc.

282 668 640 725 Christophorus
661 667 720 711 sit
733 668 921 724 janitor.

284 746 341 789 P;
381 745 693 790 Theodoricus
728 745 1006 801 westphalus
1033 751 1298 800 perseueret
1329 757 1431 786 esse
1462 750 1610 786 rector
1647 743 1833 799 collegii

194 821 322 875 noui,
346 823 428 866 sed
456 829 701 866 exerceant
721 821 767 864 in
795 821 923 864 illum
951 821 1243 878 prouincialis
1264 827 1310 864 et
1332 828 1486 863 rector
1508 835 1638 863 suam
1661 820 1836 862 autori-

192 905 352 951 tatem,
378 906 424 944 et
446 899 710 943 contineant
738 899 786 942 in
807 899 957 941 officio
985 907 1031 943 et
1059 898 1335 951 obedientia,
1366 906 1412 942 et
1440 904 1726 953 exequantur
1755 911 1836 940 eas

193 975 538 1034 instructiones,
563 990 681 1032 quae
701 977 834 1019 data'e
855 982 966 1018 sunt
986 976 1045 1018 de
1065 974 1144 1018 illo
1166 975 1378 1032 collegio.

283 1051 355 1096 De
378 1054 431 1096 P.
458 1052 667 1096 Emerico
688 1051 778 1096 iam
799 1052 973 1095 dictum
995 1061 1080 1095 est.
1310 1100 1319 1121 ι

286 1131 339 1173 P.
364 1129 664 1186 Wolffangus
683 1137 847 1186 perget
866 1129 914 1172 in
935 1144 1020 1172 sua
1042 1130 1187 1172 classe
1207 1129 1476 1173 rhetorices,

286 1207 339 1251 P.
366 1208 566 1250 Thomas
587 1207 634 1250 in
655 1222 754 1260 sua;
779 1215 826 1252 et
848 1214 1017 1269 tamen,
1047 1207 1258 1250 absoluto
1285 1220 1440 1258 cursu,
1472 1214 1595 1250 esset
1623 1206 1749 1262 utile,
1786 1214 1837 1248 ut

194 1284 387 1327 Romam
409 1284 667 1328 mitteretur
688 1285 745 1327 ad
766 1284 917 1327 studia
939 1283 1214 1340 theologica.

285 1361 518 1404 Mattheus
540 1363 774 1406 Bauareus
795 1369 949 1418 posset
969 1361 1138 1404 habere
1159 1361 1282 1404 aliud
1304 1360 1523 1406 officium.

286 1438 478 1481 Ioannes
500 1437 706 1494 Baptista
727 1446 978 1494 occupetur
998 1437 1150 1493 aliquo
1171 1437 1337 1480 officio.

285 1515 604 1558 Bartholomeo
624 1514 930 1558 substituatur
951 1514 1082 1566 alius,
1107 1514 1145 1558 si
1167 1515 1266 1559 fieri
1288 1515 1447 1571 possit,
1467 1515 1513 1558 in
1530 1515 1752 1567 sacristia,
1775 1531 1833 1558 ne

194 1598 516 1648 corrumpatur
536 1606 564 1634 a
583 1591 810 1648 cognatis.

232 1694 234 1696 v
283 1667 556 1713 Valentinus
577 1669 811 1720 doceatur,
836 1669 988 1725 quoad
1008 1668 1107 1713 eius
1134 1669 1234 1712 fieri
1262 1669 1405 1726 possit
1432 1676 1479 1714 et
1506 1670 1605 1713 eius
1633 1669 1833 1712 officium

194 1745 383 1802 patitur,
408 1753 551 1789 artem
575 1745 966 1802 typographicam.

286 1822 340 1865 P.
374 1822 480 1865 Pais
505 1822 623 1866 solet
650 1836 752 1866 esse
778 1821 959 1867 infirma
989 1823 1266 1877 ualetudine;
1297 1832 1503 1880 preterea
1530 1838 1624 1867 non
1652 1823 1835 1868 uidetur

196 1899 494 1956 occupandus
521 1899 567 1942 in
595 1898 778 1956 publico
798 1907 845 1942 et
872 1900 1129 1944 necessario
1156 1916 1360 1954 munere,
1392 1902 1482 1944 hoc
1501 1909 1587 1954 est,
1625 1909 1674 1944 ut
1699 1902 1837 1957 profi-

174 1982 349 2033 ¹tea-tur
385 1976 662 2033 theologiam
698 1976 744 2019 in
781 1977 1031 2031 academia,
1070 1977 1206 2021 etiam
1243 1978 1281 2022 si
1311 1978 1399 2021 alio
1431 1986 1553 2022 esset
1584 1978 1836 2021 mittendus

196 2054 257 2096 D.
292 2053 587 2106 Adalbertus,
622 2068 768 2109 eoque
793 2053 959 2106 minus,
994 2055 1118 2111 quod
1149 2070 1242 2099 non
1269 2063 1339 2100 est
1370 2055 1635 2109 mittendus3
1668 2055 1836 2112 poterit

198 2137 352 2173 tamen
377 2133 591 2187 occupari
615 2131 688 2174 uel
718 2130 857 2183 domi,
894 2139 944 2174 ut
971 2132 1095 2188 legat
1125 2117 1259 2175 casus
1287 2132 1612 2184 conscientiae,
1649 2133 1724 2177 uel
1754 2133 1836 2176 ali-

194 2219 335 2262 quam
372 2206 614 2251 lectionem
652 2207 928 2264 theologiae.
976 2209 1077 2265 Ipse
1116 2209 1297 2252 uidetur
1333 2209 1487 2265 potius
1524 2209 1740 2253 inclinare
1778 2209 1836 2252 ad

194 2283 450 2327 audiendas
481 2284 807 2338 consessiones,
842 2292 888 2329 et
919 2285 967 2328 in
989 2285 1059 2329 his
1089 2286 1252 2342 poterit
1283 2286 1419 2330 etiam
1452 2286 1684 2343 occupari,
1721 2293 1766 2329 et
1789 2286 1835 2328 in

198 2359 498 2404 concionibus
518 2361 753 2405 habendis.
780 2362 1005 2415 Breuiter,
1029 2363 1087 2407 de
1108 2363 1184 2406 illo
1206 2371 1276 2408 est
1295 2363 1576 2420 experientia
1604 2363 1835 2419 accipien-

196 2437 259 2480 da
283 2451 411 2491 casu,
440 2437 551 2493 quid
580 2438 737 2494 possit,
768 2446 814 2482 et
841 2439 950 2494 quid
977 2439 1193 2484 libentius
1222 2440 1373 2494 faciat3
1404 2448 1450 2484 et
1477 2440 1515 2483 si
1546 2441 1836 2495 contingeret

195 2527 300 2559 esse
320 2528 559 2558 necessum
580 2515 732 2572 aliquo
752 2530 881 2570 casu,
910 2524 961 2559 ut
989 2517 1279 2573 profiteretur
1307 2517 1353 2560 in
1383 2517 1633 2567 academia,
1667 2516 1834 2572 poterit

194 2590 419 2636 declarari
439 2592 657 2648 magister
676 2593 841 2636 artium
864 2601 910 2638 et
931 2594 1192 2650 theologiae
1214 2595 1428 2638 doctor...

290 2669 354 2712 Vt
374 2676 528 2712 notam
549 2669 741 2726 effugiat
765 2672 817 2713 P.
844 2671 1156 2715 Theodoricus
1178 2671 1450 2722 tenacitatis,
1478 2685 1533 2713 ne
1562 2677 1723 2713 notent
1753 2683 1836 2711 nos

199 2758 361 2788 omnes
382 2746 639 2790 tenacitatis
666 2754 713 2791 et
747 2747 982 2800 auaritiae,
1013 2748 1257 2804 diligenter
1284 2748 1617 2790 animaduertat
1645 2746 1835 2802 prouin-

196 2821 328 2866 cialis
349 2837 407 2866 ne
426 2823 605 2866 lucrum
627 2823 812 2879 aliquod
832 2825 912 2867 fiat
933 2838 989 2867 ex
1011 2825 1233 2881 pecuniis,
1260 2839 1372 2880 quas
1395 2825 1580 2866 soluunt
1598 2823 1837 2865 conuicto-

202 2913 292 2952 reS,
316 2906 363 2942 et
385 2913 502 2955 quae
523 2907 630 2943 sunt
651 2915 734 2957 pro
757 2901 1036 2957 pauperibus
1058 2902 1369 2957 exponendae,
1402 2900 1484 2942 nisi
1516 2900 1553 2942 si
1582 2900 1690 2955 quid
1721 2900 1836 2942 forte

202 2976 262 3018 ad
281 2976 445 3019 domus
467 2976 779 3030 refectionem,
804 2978 880 3022 uel
901 2979 959 3021 ad
980 2978 1307 3034 suppellectilia
1331 2978 1521 3022 emenda
1543 2977 1599 3019 sit
1623 2991 1836 3020 necessa-

203 3053 339 3106 rium,
364 3054 438 3098 uel
459 3054 517 3097 ad
538 3054 695 3098 libros.
