2098 3470
802 226 1139 262 Ismuc-nones
1148 223 1230 258 -61
1720 225 1791 270 605

206 337 359 374 tamen
381 329 480 372 illos
501 328 824 372 concionantes
843 327 1147 384 interpellare,
1177 327 1258 370 sed
1279 327 1500 371 concione
1520 335 1727 383 peracta,
1752 343 1835 372 an-

205 414 388 461 tequam
417 422 443 450 e
471 413 699 462 suggestu
725 404 1061 456 descenderint,
1086 403 1187 448 illos
1219 404 1429 448 emendet
1461 404 1657 459 publice,
1693 404 1729 448 si
1763 420 1840 449 res

205 482 342 527 fuerit
374 482 628 534 manifesta,
663 497 830 538 magna
860 480 1088 525 suauitate
1115 490 1161 525 et
1189 479 1522 532 moderatione,
1555 495 1611 524 ne
1639 482 1831 524 confun-

205 560 370 603 dantur
396 575 454 603 ex
482 559 568 611 his,
593 573 710 614 quae
731 574 811 616 per
832 557 1180 615 imprudentiam
1202 557 1414 619 dixerint.
1439 557 1489 602 Si
1511 572 1618 600 vero
1642 572 1713 601 res
1734 560 1835 600 fue-

202 622 263 679 rit
283 635 440 690 dubia,
463 635 584 679 illam
606 636 783 680 notabit
802 644 849 682 et
869 636 1073 680 conferet
1093 643 1139 679 et
1159 635 1357 678 resoluet
1378 648 1483 677 cum
1506 635 1756 690 superiore,
1783 649 1838 677 ac

203 713 370 758 deinde
390 713 465 758 die
485 713 694 768 sequenti
716 713 949 757 curabitur
971 727 1050 769 per
1071 712 1268 767 aliquem
1296 711 1433 755 alium
1462 711 1646 768 publice
1679 726 1835 756 emen-

203 790 318 834 dari.
345 792 403 833 Et
423 789 530 847 quia
550 790 734 835 difficile
754 797 876 836 esset
897 791 988 834 hoc
1009 804 1127 833 onus
1147 804 1286 831 vnum
1310 790 1457 832 solum
1486 789 1727 841 sustinere,
1759 789 1835 831 vbi

203 875 275 911 est
296 881 462 924 magna
483 867 571 912 637
594 867 724 923 copia
746 868 934 911 fratrum
951 875 998 912 et
1018 866 1262 910 conciones
1279 874 1386 908 sunt
1403 865 1708 922 quotidianae,
1729 880 1837 909 cura

205 946 319 988 haec
340 945 474 987 detur
498 944 643 987 tribus
663 952 742 987 aut
764 958 808 999 4,
834 946 890 988 ad
911 944 958 987 id
978 958 1145 988 munus
1166 943 1300 1000 aptis,
1325 957 1518 999 quorum
1541 942 1730 998 quilibet
1753 958 1836 986 sua

205 1021 485 1066 hebdomada
508 1035 676 1064 munus
692 1036 826 1064 suum
844 1021 1004 1064 obibit.
1026 1023 1269 1065 Praeterea
1284 1019 1553 1064 obseruabit
1564 1020 1680 1063 alius
1698 1020 1839 1062 actio-

206 1112 310 1143 nem
326 1098 598 1141 concionum
621 1106 815 1151 tantum;
834 1098 908 1141 hic
924 1098 1010 1142 erit
1026 1098 1282 1154 praefectus
1304 1104 1514 1140 tonorum
1539 1105 1586 1140 et
1601 1096 1680 1151 qui
1696 1097 1816 1139 actio
1827 1122 1836 1127 -

205 1189 264 1218 ne
284 1174 332 1217 in
353 1174 673 1219 concionando
700 1175 796 1231 ipse
827 1176 991 1228 valeat3
1026 1189 1118 1218 non
1149 1174 1235 1217 erit
1268 1184 1417 1218 tamen
1450 1173 1753 1218 necessarium
1789 1182 1840 1215 vt

204 1251 324 1296 inter
344 1251 708 1295 concionandum
732 1252 833 1296 illos
854 1252 1079 1305 emendet,
1099 1252 1482 1307 quemadmodum
1506 1265 1585 1295 eos
1601 1251 1734 1303 solet,
1760 1250 1836 1305 qui

205 1328 379 1372 faciunt
399 1336 551 1382 tonos;
575 1330 658 1373 sed
679 1336 917 1385 postquam
942 1345 969 1373 e
990 1343 1147 1373 mensa
1168 1328 1474 1380 discesserint,
1501 1327 1679 1370 tametsi
1708 1336 1836 1383 pote—

204 1405 263 1450 rit
289 1405 424 1450 etiam
456 1405 698 1462 aliquando
727 1406 845 1450 inter
872 1406 1233 1450 concionandum
1269 1406 1493 1461 (consulto
1522 1412 1672 1449 tamen
1702 1419 1841 1461 supe-

203 1482 337 1539 riore>
359 1483 616 1526 emendare.

291 1559 481 1605 Materia
502 1559 774 1603 concionum
798 1560 1025 1604 refectorii
1047 1560 1134 1604 erit
1155 1559 1399 1603 conformis
1421 1559 1480 1612 ei,
1501 1573 1619 1615 quae
1640 1559 1837 1603 habetur

202 1636 248 1680 in
279 1636 349 1692 33*
381 1644 509 1693 parte
538 1636 751 1696 [Const.],
784 1651 887 1699 cap..
916 1636 1079 1693 primo.
1115 1637 1327 1681 Addetur
1363 1644 1598 1692 praeterea
1629 1636 1834 1687 materia,

201 1727 293 1769 qua
314 1713 592 1757 videbuntur
614 1713 760 1756 iuuari
784 1727 917 1770 posse
940 1714 1119 1766 fratres,
1143 1721 1226 1770 pro
1254 1713 1426 1757 ratione
1449 1713 1665 1769 temporis
1687 1720 1732 1757 et
1755 1728 1842 1755 ne-

200 1790 464 1834 cessitatum
492 1790 672 1846 collegii
710 1789 1028 1846 spiritualium,
1059 1805 1149 1834 non
1179 1798 1331 1834 tamen
1360 1797 1655 1835 secretarum.
1686 1792 1835 1834 Mate-

202 1866 313 1911 riam
331 1881 439 1910 vero
461 1867 560 1911 siue
588 1868 740 1910 thema
770 1866 897 1910 dabit
927 1866 1132 1923 superior
1162 1869 1234 1910 vel
1261 1868 1519 1924 praefectus
1549 1875 1779 1924 tonorum,
1811 1882 1837 1908 a

203 1943 435 2000 superiore
456 1943 722 1996 instructus,
757 1948 839 1990 638
862 1958 952 1987 vna
973 1944 1085 1987 hora
1106 1952 1349 1999 antequam
1373 1944 1430 1987 sit
1452 1943 1832 1993 concionandum,

204 2019 292 2063 nisi
327 2021 386 2063 ad
422 2019 817 2063 mortificationem
856 2021 926 2064 vel
964 2020 1276 2079 probationem
1315 2035 1643 2076 nonnunquam
1683 2020 1835 2063 statim

205 2097 344 2141 darer.
967 2090 970 2092 ’

292 2173 488 2216 Collatio
512 2174 590 2216 fiat
610 2188 666 2216 ex
691 2187 807 2229 pane
829 2173 942 2228 solo,
969 2181 1236 2230 tantumque
1257 2183 1323 2228 ,ιβ
1346 2189 1450 2230 pars
1472 2173 1571 2219 eius
1602 2173 1730 2229 panis
1752 2187 1832 2228 ap-

204 2257 415 2305 ponatur,
441 2249 520 2305 qui
541 2249 768 2292 ordinarie
790 2264 880 2292 vno
902 2257 1033 2306 pastu
1056 2250 1325 2303 comeditur,
1351 2251 1423 2294 vel
1446 2250 1582 2295 etiam
1609 2249 1678 2304 53*

294 2327 357 2370 Vt
378 2325 556 2369 initium
582 2326 657 2368 fiat
680 2326 964 2379 comedendi,
990 2328 1163 2370 nullum
1185 2328 1243 2371 sit
1264 2328 1448 2384 signum
1467 2327 1606 2380 aliud,
1628 2327 1713 2369 nisi
1731 2341 1836 2368 cum.

205 2402 392 2459 incipiat
413 2402 632 2459 superior,
658 2403 737 2458 qui
757 2402 803 2445 in
827 2403 1067 2447 refectorio
1091 2404 1242 2456 fuerit,
1268 2414 1347 2448 aut
1374 2405 1451 2461 qui
1475 2404 1645 2460 primus
1674 2418 1837 2446 conse-

204 2479 321 2524 derit
341 2471 374 2522 2'.

297 2558 355 2600 Vt
378 2571 487 2601 vero
510 2557 612 2600 finis
633 2557 707 2609 sit,
733 2572 823 2600 non
847 2558 906 2600 sit
926 2557 1050 2602 aliud
1071 2558 1272 2615 signum,
1298 2574 1433 2614 quain
1465 2560 1584 2614 quod
1615 2559 1687 2600 ille
1717 2558 1836 2600 idem

204 2641 416 2690 exurgat3
456 2634 578 2689 quod
616 2642 860 2690 antequam
894 2634 1044 2688 faciat,
1084 2635 1206 2679 dicat
1242 2636 1415 2680 lectori:
1457 2660 1468 2669 -r
1483 2638 1602 2680 Satis
1636 2643 1750 2686 est»,
1790 2642 1834 2675 et

203 2718 414 2767 expectet
435 2711 580 2754 donec
603 2724 761 2757 ornnes
787 2711 1084 2764 absoluerint,
1113 2711 1198 2755 nisi
1220 2713 1424 2756 fortassis
1448 2712 1573 2755 abuti
1604 2711 1835 2754 videretur

204 2787 367 2843 aliquis
388 2787 462 2831 illa
484 2787 810 2840 moderatione,
836 2796 881 2831 et
905 2798 1142 2845 postquam
1165 2789 1317 2831 nullus
1339 2789 1612 2838 comederet,
1639 2788 1734 2842 ipse
1767 2794 1838 2829 ta-

205 2879 307 2908 men
332 2865 514 2919 longius
535 2869 847 2920 persederaret
869 2867 1128 2909 comedens.
1153 2867 1291 2909 Porro
1310 2867 1500 2908 comode
1518 2866 1645 2909 fieret
1668 2873 1731 2915 vt,
1758 2864 1833 2918 qui

274 3042 291 3058 a
340 3031 424 3065 Hoc
444 3031 554 3065 verb.
573 3031 739 3066 obscure
757 3036 932 3067 notatum
952 3039 991 3067 et
1010 3033 1259 3067 emendatum
1280 3040 1352 3069 est.
