2098 3470
289 218 361 255 636
765 220 920 258 Parrus
947 222 1190 258 Hmnom'ur
1218 222 1251 257 N
1255 231 1365 258 Amr.

336 322 528 365 Multum
547 322 786 378 proficeret
808 324 942 367 homo
964 323 1008 366 in
1034 323 1104 366 via
1122 323 1342 379 spirituali
1367 338 1466 367 meo
1478 323 1670 380 judicio,
1690 324 1728 367 si
1746 325 1877 381 plan-

241 405 359 442 taret
380 398 428 440 in
450 399 586 443 corde
608 413 692 442 suo
714 401 801 443 hoc
822 400 1110 461 desiderium:
1138 401 1252 444 velle
1282 399 1327 443 in
1357 400 1479 443 omni
1502 401 1618 453 loco,
1647 408 1872 458 tempore,

241 475 441 527 actione,
463 475 757 532 cogitatione,
778 477 1022 529 locutione,
1044 476 1089 518 in
1107 475 1316 519 omnibus
1333 476 1544 532 denique,
1566 478 1760 521 maxime
1777 479 1871 534 pla·
1900 516 1907 524 .

241 565 345 594 cere
367 552 484 604 Deo,
509 558 555 595 et
577 552 634 595 ad
650 553 737 595 hoc
759 552 1003 608 applicaret
1026 551 1226 594 studium
1249 566 1398 594 suum.

331 629 487 670 Bonus
509 627 721 672 subditus
748 644 838 672 non
867 630 1002 673 debet
1031 627 1318 672 considerare
1347 628 1711 685 imperfectiones
1733 644 1875 686 supe·

242 704 390 757 rioris,
415 705 496 748 sed
517 706 662 748 solum
685 705 893 757 uirtutes,
918 713 963 748 et
987 705 1029 747 in
1054 705 1129 747 illo
1152 706 1295 748 solum
1319 705 1605 750 considerare
1626 708 1791 750 Deum.

331 773 524 838 Signum
546 782 654 825 boni
678 782 824 826 Patris
842 782 1100 838 spiritualis,
1121 789 1166 824 et
1183 781 1296 833 eius,
1319 782 1412 837 qui,
1433 784 1557 825 velut
1574 784 1687 828 alter
1703 785 1872 835 Moses,

243 859 340 901 vult
358 874 408 903 se
424 873 479 902 ex
498 859 715 915 Aegypto
731 873 981 911 remouere,
1002 866 1047 902 et
1064 873 1143 914 per
1159 860 1389 902 desertum
1405 859 1572 904 ducere
1590 867 1633 904 te
1648 859 1694 902 in
1711 867 1875 904 terram

241 935 551 992 promissionis
573 943 657 989 est,
683 936 719 979 si
743 944 887 988 curat,
913 943 958 994 et
981 937 1066 978 hoc
1089 950 1114 978 a
1137 943 1181 979 te
1203 936 1394 991 quaerit,
1419 944 1464 980 et
1487 936 1532 979 in
1556 938 1642 980 hoc
1673 945 1716 980 te
1742 936 1875 980 adiu-

242 1020 336 1065 uat,
371 1020 420 1056 ut
449 1014 609 1069 perdas
637 1015 849 1057 affectum
878 1014 1168 1069 temporalem
1191 1020 1236 1056 et
1258 1013 1500 1065 carnalem,
1525 1013 1663 1057 etiam
1686 1021 1875 1057 natura-

241 1090 345 1142 lem,
365 1098 412 1133 et
429 1089 534 1134 facit
552 1090 776 1146 propriam
795 1090 1074 1133 voluntatem
1094 1089 1290 1143 vincere,
1311 1097 1356 1133 et
1376 1097 1419 1134 te
1438 1091 1618 1135 tandem
1635 1090 1751 1134 vniri
1769 1104 1874 1134 curn

240 1174 319 1210 tuo
342 1181 525 1223 sponso,
552 1167 629 1223 qui
651 1174 770 1210 terra
792 1166 1101 1223 promissionis
1123 1174 1207 1219 est,
1232 1168 1379 1210 fluens
1400 1167 1532 1211 melle
1554 1174 1600 1211 et
1617 1168 1750 1212 lacte.

240 1301 281 1330 P.
310 1300 465 1330 FABER
487 1294 505 1311 ²
528 1299 811 1330 MAGUNTIAE
833 1300 931 1330 CUM
956 1299 1396 1330 INTERROGARETUR
1421 1300 1482 1330 DE
1513 1299 1874 1331 [NSTRUCTIONE

885 1376 975 1406 PRO
999 1377 1198 1407 ITINERE
1225 1365 1235 1384 ¹

329 1470 483 1531 Aliqui
507 1476 665 1519 volunt
688 1475 865 1520 liberari
888 1491 914 1518 a
936 1476 1070 1528 malo,
1096 1483 1146 1518 ut
1169 1491 1194 1519 a
1215 1483 1495 1532 paupertate,
1522 1477 1655 1531 fame,
1681 1477 1780 1520 siue
1808 1478 1878 1520 la-

240 1554 373 1604 bore,
405 1554 680 1597 recurrendo
711 1552 854 1609 primo
880 1553 936 1595 ad
965 1560 1211 1605 creaturas,
1244 1568 1406 1609 nempe
1435 1560 1484 1596 ut
1512 1567 1592 1610 per
1619 1553 1716 1598 illas
1744 1553 1877 1598 adiu-

241 1637 422 1673 uentur‚
448 1629 540 1673 Alii
562 1637 801 1673 recurrunt
823 1628 1003 1684 quidem
1027 1630 1083 1672 ad
1106 1637 1354 1683 creaturas,
1386 1631 1466 1673 sed
1493 1645 1573 1686 per
1602 1632 1766 1684 Deum,
1801 1645 1875 1674 ro-

237 1708 391 1763 gando
419 1721 522 1751 eum
552 1713 601 1749 ut
629 1721 655 1749 a
682 1706 900 1750 creaturis
934 1705 1224 1758 adiuuentur‚
1257 1713 1302 1750 et
1330 1720 1409 1763 per
1437 1707 1535 1751 illas
1567 1693 1818 1751 liberentur
1849 1722 1877 1750 a

234 1783 380 1835 malis,
407 1791 458 1826 ut
480 1790 587 1826 sunt
609 1783 763 1838 aliqui,
789 1782 883 1839 qui,
908 1782 1154 1826 existentes
1171 1783 1217 1826 in
1235 1783 1384 1839 aliqua
1401 1783 1688 1836 necessitate,
1709 1791 1877 1841 rogant

235 1859 482 1903 Dominum
503 1867 551 1903 ut
573 1859 733 1904 liberet
756 1859 870 1912 illos,
891 1867 958 1903 ut:
982 1859 1218 1912 «Domine,
1239 1861 1296 1903 da
1319 1860 1449 1904 nobis
1466 1875 1646 1917 panem,
1667 1861 1726 1904 da
1742 1860 1876 1904 nobis

237 1939 326 1980 hoc
353 1938 425 1982 uel
445 1936 572 1993 illud,
599 1950 734 1979 moue
756 1936 892 1979 istum
914 1937 987 1981 vel
1010 1937 1162 1979 illum»
1183 1945 1270 1980 etc.
1293 1937 1385 1980 Alii
1404 1937 1604 1993 quidem,
1630 1937 1876 1994 perfectius

234 2014 537 2066 ambulantes,
572 2027 664 2057 non
696 2012 954 2056 desiderant
985 2013 1165 2058 liberari
1198 2014 1255 2057 ab
1287 2014 1390 2068 illis,
1422 2015 1503 2059 sed
1532 2013 1765 2058 fortificari
1789 2014 1874 2058 im·

234 2090 429 2135 mediate
451 2107 477 2135 a
497 2090 694 2134 Domino
716 2090 763 2132 in
786 2090 887 2142 illis,
915 2092 1118 2148 rogando
1146 2099 1197 2134 ut
1224 2092 1300 2136 det
1329 2091 1612 2148 patientiam,
1645 2090 1875 2135 fortitudi-

235 2182 356 2220 nem,
393 2169 569 2211 auferat
602 2166 825 2220 timorem,
860 2175 904 2212 et
936 2167 1211 2220 huiusmodi,
1248 2175 1299 2211 ut
1330 2168 1404 2211 illa
1437 2168 1614 2212 fortiter
1649 2167 1874 2212 sustinere

235 2244 427 2301 possint,
452 2244 742 2301 providentes
764 2244 890 2287 malis
913 2244 1217 2297 interioribus,
1243 2252 1290 2289 et
1313 2259 1402 2288 non
1425 2253 1637 2289 curantes
1659 2245 1716 2288 de
1745 2253 1872 2289 exte-

233 2305 444 2375 rioribus,
460 2321 730 2364 abiicientes
752 2321 928 2364 illorum
951 2316 1300 2375 solicitudinem,
1326 2329 1375 2365 vt
1396 2323 1530 2365 docet
1547 2324 1713 2379 Xpus.,
1736 2321 1874 2365 simul

230 2398 663 2451 animaduertentes,
686 2404 736 2440 vt
758 2397 869 2440 nihil
892 2398 1145 2450 admittant,
1171 2399 1293 2454 quod
1315 2398 1515 2455 speciem
1538 2398 1734 2454 aliquam
1769 2405 1871 2442 ten—

242 2468 425 2518 tationis
446 2474 532 2519 Dei
555 2488 654 2518 esse
670 2474 893 2517 videatur.

311 2586 329 2602 a
380 2575 640 2611 Emendatum
664 2585 687 2610 a
711 2574 806 2609 Nat.
837 2586 886 2619 eq<
907 2575 967 2610 Ex
988 2576 1036 2611 P.
1058 2575 1202 2611 Fabro.

306 2671 316 2692 ¹
367 2671 548 2717 Quonam
568 2676 743 2717 tempore
761 2670 858 2706 haec
879 2670 1086 2706 instructio
1105 2676 1145 2706 et
1163 2670 1318 2706 cuinam
1336 2670 1426 2706 data
1445 2669 1576 2717 fuerit,
1605 2670 1699 2706 licet
1722 2669 1763 2706 in
1788 2669 1873 2717 ipsa

232 2740 312 2764 non
329 2729 494 2775 dicatur,
514 2730 664 2766 nullum
681 2729 844 2765 dubium
869 2741 957 2765 esse
976 2734 1105 2776 potest
1122 2729 1217 2776 quin
1235 2740 1336 2765 anno
1357 2738 1446 2774 1542
1465 2730 1528 2765 vel
1551 2728 1656 2777 1543,
1676 2739 1754 2776 quo
1775 2731 1872 2764 tein-

232 2799 326 2834 pore
353 2789 480 2824 Faber
507 2788 732 2835 Maguntiae
757 2787 980 2823 diversatus
1012 2794 1084 2833 est,
1113 2794 1153 2824 et
1177 2788 1432 2836 probabiliter
1460 2788 1614 2824 duobus
1640 2787 1726 2834 ejus
1750 2787 1868 2824 sociis

234 2847 375 2892 Joanni
394 2848 593 2894 Aragonio
615 2853 656 2883 et
674 2848 820 2883 Alvaro
839 2847 1054 2894 Alphonso‚
1076 2849 1138 2882 vel
1158 2847 1258 2883 forte
1275 2847 1488 2895 Stephano,
1510 2847 1559 2882 de
1576 2857 1654 2894 quo
1670 2847 1768 2891 haec
1781 2846 1867 2893 ipse

232 2908 275 2942 P.
293 2907 419 2942 Faber
433 2907 590 2954 scripsit
603 2907 643 2942 in
656 2907 903 2948 Memoriali,
924 2918 1014 2953 pag.
1034 2915 1116 2951 242:
1138 2907 1206 2942 «In
1223 2907 1287 2942 die
1307 2906 1432 2942 sancti
1451 2906 1651 2942 Valentini
1670 2905 1865 2952 martyris,

232 2977 331 3014 quae
350 2965 424 3002 fuit
447 2974 489 3011 14
516 2965 718 3002 Februarii
735 2965 875 3012 [1543]‚
895 2966 1117 3012 Stephanus
1142 2978 1164 3001 a
1189 2966 1302 3002 nobis
1327 2966 1492 3002 recessit
1508 2966 1673 3001 Romam
1691 2975 1872 3001 versus.»

233 3025 298 3061 Cf.
314 3024 504 3063 Cartas...
520 3027 584 3062 del
599 3027 648 3064 Β.
662 3025 806 3067 Fabro,
820 3025 852 3071 1,
870 3034 947 3069 170.
966 3031 1097 3062 annot.
1115 3035 1150 3072 53
1163 3032 1203 3061 et
1218 3025 1399 3061 Menum.
1415 3026 1567 3073 Ignat„
1578 3025 1768 3071 Epist.,1,
1783 3032 1871 3068 205.
