2098 3470
262 262 331 299 712
732 254 887 291 Parrus
914 255 1158 290 HquoNYm
1188 253 1338 289 NADAL

217 370 307 398 non
329 355 492 397 dantur
518 360 666 398 tamen
686 354 770 397 nisi
793 356 849 398 ad
872 354 1124 407 vtilitatem,
1152 355 1222 397 vel
1245 355 1490 410 publicam,
1512 356 1582 399 vel
1601 356 1840 412 priuatam,

218 431 263 474 in
283 433 403 487 Xpo.

307 507 618 552 Constituerat
638 508 821 563 quidam
844 509 1025 551 missam
1049 508 1183 551 in.die
1200 507 1293 550 diui
1313 508 1495 552 Martini
1512 509 1738 565 applicare
1752 510 1846 566 pri—

219 585 359 628 maria
385 590 468 632 229
506 584 775 638 intentione,
801 593 849 628 vt
879 587 1005 629 Deus
1034 584 1119 628 sibi
1156 586 1431 629 concederet
1466 586 1586 641 quod
1618 585 1704 628 sibi
1729 587 1846 630 foret

218 661 522 705 vtilissimum.
549 663 711 718 Quum·
723 662 785 707 ita
802 661 999 713 fecisset,
1021 661 1161 706 sensit
1178 670 1284 705 ante
1301 661 1665 706 communionem
1678 661 1768 717 ‚sibi
1784 662 1847 705 si-

222 739 430 794 gnificari
451 739 751 784 humilitatem
770 754 869 784 esse
892 739 1236 794 amplexandam
1255 745 1300 782 et
1317 738 1629 791 abiectionem,
1653 739 1787 782 simul
1802 747 1848 782 et

218 831 422 869 crucem,
446 831 502 859 ex
525 830 614 872 qua
636 817 789 860 omnia
812 815 1106 872 prouenirent
1123 816 1259 859 bona.
1287 817 1388 859 Hoc
1411 829 1577 871 magno
1599 829 1736 860 sensu
1758 814 1847 872 spi-

220 893 333 936 ritus
355 894 564 950 agnouit,
589 901 677 938 etc.

310 971 554 1014 Humilitas
595 971 700 1028 Xpi.
742 985 932 1022 summa,
973 971 1093 1025 quod
1131 970 1186 1012 de
1219 970 1359 1012 verbo
1394 983 1502 1013 vere
1527 968 1738 1012 dicantur
1754 968 1845 1022 illa,

220 1062 337 1103 quae
355 1058 461 1090 sunt
478 1047 761 1091 humilitatis.
1815 1035 1818 1041 ¹

310 1124 555 1168 Humilitas
577 1139 737 1169 sensus
760 1124 830 1167 sui
854 1123 999 1168 nihili.

312 1203 484 1246 Sensus
521 1201 567 1244 in
604 1202 830 1245 suauitate
862 1201 1027 1255 cordis,
1068 1201 1105 1244 si
1143 1202 1324 1245 iuuares
1361 1201 1615 1255 ecclesiam,
1654 1201 1778 1243 nullo
1805 1199 1851 1242 id

220 1279 393 1323 sciente
415 1279 486 1321 vel
508 1279 790 1332 aduertente;
823 1279 895 1321 vel
928 1277 1112 1322 omnino
1142 1277 1563 1321 contradicentibus
1584 1276 1779 1330 cunctis,
1805 1284 1851 1320 et

223 1363 458 1412 propterea
482 1363 526 1399 te
548 1355 944 1411 persequentibus.
1107 1409 1116 1416 „

308 1431 375 1475 Illi
397 1431 684 1488 amplexandi
702 1440 746 1475 et
773 1431 979 1485 fouendi,
1006 1446 1121 1486 quos
1151 1431 1319 1475 scimus
1342 1447 1368 1474 a
1391 1433 1528 1475 Patre
1550 1430 1728 1487 Ignatio
1757 1445 1850 1474 am-

224 1511 443 1565 plexatos.

311 1588 361 1630 In
383 1588 519 1629 corde
542 1585 811 1642 principium
844 1586 990 1628 omnis
1021 1585 1195 1642 gratiae
1217 1594 1263 1629 et
1291 1586 1550 1628 intellectus
1579 1590 1854 1640 supernatu-

227 1663 346 1709 ralis.
632 1706 634 1709 .

310 1742 361 1784 In
382 1741 455 1784 die
478 1741 526 1785 S.
552 1741 842 1793 Catherinae,
868 1756 972 1783 cum
995 1740 1041 1782 in
1064 1740 1200 1783 missa
1223 1747 1396 1783 orasset
1419 1739 1619 1794 quidam,
1649 1746 1696 1780 ut
1712 1737 1760 1779 in
1778 1736 1852 1779 via

227 1817 410 1874 spiritus
432 1833 490 1862 ne
521 1825 539 1843 ³
559 1822 644 1863 230
680 1825 866 1870 erraret,
906 1817 1126 1860 intellexit
1159 1825 1258 1873 post
1294 1816 1492 1868 missam,
1519 1830 1583 1873 ¹eo
1606 1829 1706 1859 esse
1734 1813 1855 1857 viam

227 1894 411 1951 spiritus
432 1909 591 1951 puram
613 1894 775 1950 magis,
816 1909 905 1949 quo
944 1894 1156 1937 humilior
1176 1896 1266 1937 est.'
1298 1894 1484 1949 Quanto
1515 1891 1635 1936 enim
1658 1891 1759 1947 plus
1786 1899 1855 1935 est

228 1971 510 2024 humilitatis,
542 1986 598 2015 eo
626 1972 727 2027 plus
755 1970 939 2015 lucis‘et
977 1971 1194 2015 veritatis:
1234 1977 1392 2013 contra
1427 1983 1537 2012 vero
1576 1968 1615 2011 si
1643 1966 1856 2024 superbia

232 2048 564 2092 commiscetur.

319 2126 494 2170 Orabat
530 2125 711 2180 quidam
740 2132 788 2167 vt
817 2141 864 2168 se
893 2141 919 2168 a
946 2125 1143 2180 quadam
1175 2123 1464 2167 tribulatione
1491 2123 1618 2167 Deus
1646 2121 1855 2177 eriperet;

229 2202 448 2247 intellexit
465 2217 559 2245 non
581 2215 682 2246 esse
703 2202 925 2244 orandum
951 2201 1215 2257 simpliciter
1235 2207 1285 2243 vt
1307 2216 1332 2244 a
1362 2198 1728 2243 tribulationibus
1750 2196 1859 2240 libe-

228 2294 446 2331 raremur,
471 2279 551 2322 sed
573 2279 630 2322 ab
651 2277 723 2321 his
746 2286 941 2333 tantum,
965 2293 1082 2334 quae
1104 2270 1287 2334 propter
1310 2284 1464 2320 nostra
1480 2283 1666 2332 peccata
1694 2275 1765 2319 vel
1788 2273 1861 2317 in·-

229 2355 343 2399 flixit
363 2356 436 2400 vel
457 2355 678 2411 permittit
699 2357 842 2407 Deus,
869 2362 914 2400 et
935 2357 992 2398 ab
1013 2349 1224 2398 omnibus
1248 2362 1297 2397 ut
1319 2354 1440 2397 volet
1460 2354 1574 2409 ipse.

317 2433 442 2489 Quid
464 2432 644 2485 mirum,
669 2433 923 2485 lutherane,
950 2432 986 2475 si
1009 2433 1066 2475 ad
1087 2431 1443 2488 promouendam
1471 2429 1665 2486 gratiam
1692 2436 1739 2472 et
1760 2428 1862 2484 glo·

230 2511 339 2553 riam
362 2516 605 2554 concurrat
626 2516 780 2552 nostra
802 2510 1013 2552 voluntas
1030 2509 1075 2551 in
1094 2509 1272 2561 merito,
1292 2522 1432 2563 quum
1450 2507 1496 2550 in
1514 2506 1659 2563 gloria
1674 2512 1863 2550 aeterna

230 2602 467 2631 necessum
488 2586 547 2630 sit
569 2594 614 2631 te
635 2586 842 2630 confiteri
859 2587 915 2629 ad
931 2586 1258 2631 beatitudinem
1275 2598 1563 2637 concurrere,
1583 2582 1707 2638 quod
1724 2582 1864 2638 longe

228 2672 298 2708 est
318 2664 504 2721 dignius
525 2671 572 2707 et
590 2663 854 2720 perfectius,
895 2663 1160 2719 praesertim
1193 2676 1335 2718 quum
1357 2661 1432 2704 hic
1453 2661 1619 2704 habeat
1647 2659 1863 2702 virtutem

230 2741 316 2785 Dei
339 2740 561 2784 infinitam
584 2740 629 2783 in
651 2729 701 2784 se
721 2740 998 2784 habitantem
1023 2754 1102 2796 per
1123 2739 1404 2783 charitatem.

321 2818 499 2871 Oratio,
535 2832 754 2862 ascensus
775 2817 939 2861 mentis
977 2817 1023 2860 in
1052 2819 1218 2869 Deum,
1244 2816 1460 2859 continua
1486 2813 1661 2857 scilicet
1681 2811 1866 2868 energia

232 2903 279 2939 et
296 2895 560 2951 operatione
582 2899 651 2941 231
681 2893 916 2949 vtriusque
945 2893 1192 2950 potentiae3
1216 2900 1262 2937 et
1289 2892 1561 2943 intellectus,
1587 2898 1632 2935 et
1659 2889 1866 2933 volunta-

235 2973 309 3016 tis.
337 2972 489 3016 Huius
512 2971 576 3015 rei
597 2985 759 3016 sensus
781 2985 978 3027 magnus
1001 2970 1136 3014 etiam
1159 2971 1292 3013 datus
1314 2969 1511 3012 cuidam.

306 3073 323 3089 a
350 3062 415 3097 Bis
433 3074 482 3097 ne
500 3066 702 3097 exaratum
721 3066 800 3096 est.
