2098 3470
330 285 395 322 108
499 325 502 328 ,
794 287 949 323 PA-nus
976 288 1218 325 HmRonYm
1246 289 1396 324 NADAL

280 389 400 432 culta
422 395 467 431 et
490 403 583 431 non
606 389 649 431 la
670 403 839 445 sapeua
861 404 910 434 se
932 405 1024 434 non
1050 390 1079 432 il
1102 405 1217 447 papa
1238 397 1283 433 et
1307 390 1442 447 pochi
1467 391 1565 435 RJni
1584 392 1800 436 cardinali
1819 401 1863 437 et
1881 393 1911 435 li

248 465 251 468 ’
279 465 484 521 professi.
703 518 707 524 .

374 555 439 586 10.
506 541 620 585 Dico
643 543 731 585 che
762 544 1052 587 hanno-fatto
1075 545 1132 587 da
1162 544 1280 601 putti
1319 544 1625 601 appassionati
1657 547 1775 590 nelle
1803 559 1911 589 con—

279 618 552 675 gregationi,
579 633 670 662 non
693 620 970 669 ascoltando,
987 621 1342 678 benignamente
1373 621 1499 674 tutti,
1525 637 1598 665 ma
1626 622 1912 680 obiurga-ndo

278 710 365 753 con
388 696 541 751 parole
563 703 608 740 et
632 696 730 739 fatti
754 695 891 752 quelli
913 698 1001 741 che
1023 712 1354 754 repugnauano
1376 700 1461 741 6116
1489 713 1580 742 11011
1603 699 1640 742 si
1664 699 1842 743 andassi
1865 699 1911 742 in

279 774 482 829 Spagna,
509 787 535 815 o
557 772 782 817 diceuano
805 774 917 817 altre
940 788 1046 817 cose
1067 774 1293 818 contrarie
1317 776 1401 817 alla
1425 776 1523 818 loro
1547 775 1774 832 opinione.

373 863 389 893 1
403 863 441 894 Ι.
506 849 620 893 Dico
642 851 727 893 6116
749 852 903 893 11311110
925 852 1038 895 fatto
1059 853 1116 895 da
1137 852 1254 908 putti
1279 852 1522 905 ambitiosi,
1542 853 1754 897 andando
1773 867 1853 910 per
1870 853 1911 897 le

279 941 456 971 camere
479 928 763 983 procurando
795 927 1116 972 sottoscriuere
1153 943 1246 971 una
1282 928 1426 984 poliza
1462 944 1543 986 per
1579 930 1850 974 confirmare
1884 946 1910 974 a

279 1005 460 1060 Laynez
497 1003 682 1056 vicario,
714 1018 802 1047 con
840 1004 1017 1060 potesta
1053 1005 1098 1048 di
1136 1005 1365 1062 preposito
1402 1007 1632 1062 generale3
1665 1021 1735 1049 ma
1775 1009 1912 1050 furno

280 1081 447 1136 preuisi
469 1096 593 1125 esser
613 1081 710 1137 lupi
732 1089 776 1124 et
798 1081 894 1125 cosi
919 1082 1120 1138 fugirnO.

372 1170 438 1201 12.
504 1158 622 1202 Dico
645 1160 730 1201 che
753 1160 906 1201 hanno
929 1160 1042 1201 fatto
1070 1160 1128 1202 da
1149 1159 1267 1215 putti
1297 1160 1487 1216 partiali,
1520 1150 1831 1216 appassionati'
1864 1169 1911 1203 et

279 1235 526 1287 indiscreti,
553 1249 643 1278 non
666 1235 936 1278 chiamando
965 1251 990 1279 3
1018 1235 1238 1292 consiglio
1269 1237 1311 1279 16
1338 1236 1469 1293 primi
1502 1236 1652 1289 Padri,
1685 1236 1910 1280 fondatori

278 1312 395 1355 della
417 1312 718 1368 Compagnia,
750 1327 823 1356 ma
854 1312 1212 1369 disprezzandoli
1242 1320 1288 1356 et
1316 1313 1654 1370 ingiuriandoli;
1686 1321 1732 1356 et
1761 1321 1910 1357 tamen

276 1389 306 1431 li
329 1397 458 1432 tocca
480 1390 526 1432 di
549 1389 770 1446 giustitia,
795 1391 994 1433 secondo
1015 1391 1058 1434 16
1081 1390 1199 1433 bolle
1221 1398 1266 1433 et
1288 1405 1454 1433 ancora
1475 1392 1517 1434 13
1549 1387 1721 1434 charita
1750 1398 1796 1434 et
1828 1406 1911 1434 an-

280 1465 439 1521 tiquita
461 1466 677 1522 obligaua
699 1467 757 1509 ad
773 1481 924 1510 essere
946 1466 1174 1509 chiamati.

372 1556 438 1598 13.
505 1543 693 1596 Vltimo,
718 1543 820 1586 dico
850 1532 937 1586 che
965 1544 1134 1600 peggio
1169 1545 1322 1587 hanno
1353 1545 1479 1596 fatto,
1506 1545 1690 1600 perche,
1716 1545 1911 1588 essendo

276 1622 372 1664 loro
394 1621 436 1663 la
460 1635 598 1664 causa
620 1620 666 1663 di
689 1628 850 1676 questo
873 1622 989 1665 male
1012 1635 1233 1677 gouerno,
1255 1621 1463 1665 massime
1481 1636 1572 1664 non
1591 1622 1802 1664 hauendo
1816 1622 1910 1664 las-

276 1705 374 1742 sato
396 1700 485 1742 che
512 1698 543 1741 li
572 1698 762 1754 professi
795 1698 1089 1742 ritornassino
1127 1698 1200 1742 alli
1237 1700 1332 1742 1010
1369 1698 1550 1755 collegii
1579 1706 1625 1741 et
1654 1697 1906 1754 prouincie,

276 1790 407 1819 come
444 1791 520 1819 era
558 1776 868 1830 diterminato,
910 1776 1187 1820 nondimeno
1224 1776 1467 1832 publicano
1504 1778 1588 1818 che
1626 1775 1728 1818 altri
1766 1777 1908 1818 fanno

277 1851 531 1906 disunione,
553 1854 640 1896 che
657 1854 943 1896 conturbano
960 1854 1003 1896 13
1020 1853 1316 1910 Compagnia,
1338 1867 1466 1897 come
1483 1867 1531 1896 se
1549 1853 1645 1895 loro
1664 1860 1730 1896 tre
1750 1853 1874 1895 fusse
1892 1859 1910 1876 ²²

278 1937 394 1972 tutta
416 1931 458 1973 13
481 1929 782 1986 Compagnia.
1805 1922 1811 1927 „
1859 1914 1868 1921 .

362 2008 429 2060 Io,
455 2008 490 2050 F
494 2021 709 2051 rancesco
732 2006 935 2051 Antonio
959 2009 1188 2059 petrarca,
1214 2007 1357 2050 saccio
1381 2007 1482 2051 fede
1504 2006 1549 2049 di
1577 2008 1718 2050 hauer
1743 2013 1910 2048 cauato

277 2091 393 2127 tutto
411 2084 561 2139 quello
584 2086 669 2128 che
686 2085 711 2127 6
728 2084 888 2127 scritto
907 2084 952 2126 di
969 2099 1117 2140 sopra,
1138 2100 1164 2127 a
1180 2085 1323 2128 uerbo
1346 2085 1403 2127 ad
1422 2085 1628 2137 uerbum,
1649 2084 1693 2126 d'
1714 2097 1805 2125 una
1821 2083 1908 2147 let-

276 2169 371 2204 tera
393 2162 449 2204 de
472 2167 667 2204 maestro
692 2161 944 2213 Bobadilla,
969 2161 1126 2204 scritta
1148 2161 1193 2203 di
1215 2175 1298 2204 sua
1321 2174 1473 2206 mano,

361 2239 424 2287 Io,
452 2237 606 2281 Pietro
624 2237 700 2293 gia
724 2237 766 2280 d'
790 2239 904 2280 altro
929 2237 1098 2291 Pietro,
1124 2239 1181 2282 da
1204 2237 1417 2294 parochia
1439 2238 1556 2280 della
1573 2238 1742 2288 Marca,
1764 2235 1908 2279 saccio

276 2315 378 2359 fede
399 2315 445 2357 d'
467 2317 610 2358 hauer
631 2315 923 2358 collationato
953 2322 1125 2370 quanto
1157 2314 1202 2357 di
1233 2329 1368 2370 sopra
1396 2314 1433 2357 si
1462 2313 1674 2357 contiene
1703 2326 1789 2356 eon
1819 2327 1910 2355 una

275 2393 435 2436 lettera
456 2393 512 2435 de
534 2399 732 2436 maestro
755 2392 1005 2444 Bobadilla,
1032 2391 1189 2435 scritta
1211 2391 1256 2434 di
1274 2406 1409 2434 mano
1431 2406 1528 2434 sua.

346 2569 363 2586 a
413 2558 494 2604 Sic,
512 2568 581 2604 pro
591 2557 765 2604 fosser0.
