2098 3470
494 293 771 330 Montium-A
795 290 1054 328 Germanus
1076 297 1419 334 superamus-44
1657 298 1728 335 259

231 394 475 440 Ordinarie
495 393 732 438 contiones
752 393 866 437 fient
885 392 932 436 in
954 392 1123 437 sacello
1144 390 1423 448 germanice.

229 472 391 518 Latine
412 471 510 517 fieri
530 477 744 528 poterunt
760 469 996 514 contiones
1011 476 1143 513 extra
1158 468 1380 521 ordinem,
1399 468 1438 511 si
1456 468 1623 511 nostris
1638 469 1773 512 detur

134 557 324 607 tempus
346 556 397 592 ut
412 564 463 594 se
483 555 700 606 parent...

228 628 400 672 Rector
419 632 550 669 curet
570 639 648 682 per
670 639 722 669 se
743 624 818 669 uel
837 623 976 668 alium
998 630 1051 666 ut
1071 623 1403 667 admoneantur
1430 622 1635 675 abbates,
1663 637 1772 666 suos

131 691 407 756 monachos,
432 702 511 759 qui
533 701 698 746 uiuunt
718 701 810 754 hic,
833 715 925 744 non
946 700 1107 745 uiuere
1127 699 1354 757 religiose.

229 782 322 826 Det
341 779 620 824 confessario
640 777 890 822 domestico
915 785 1067 822 rector
1094 791 1228 821 casus
1264 783 1524 822 reseruatos
1545 791 1651 820 cum
1674 774 1771 819 Suis

0 890 32 914 2,
127 857 533 915 explicationibus,
557 863 604 900 et
625 854 949 900 instructiones
970 869 1130 899 omnes
1150 869 1234 911 pro
1260 853 1562 897 confessariis.

0 915 8 936 ξ
195 989 199 994 ¹
228 935 335 979 Non
361 934 606 977 admodum
634 932 808 989 prolixe
835 932 948 975 fiant
978 931 1075 975 toni
1106 934 1136 984 ¹,
1170 938 1218 975 et
1245 931 1360 974 fiant
1397 937 1575 974 tantum
1612 930 1776 974 diebus

128 1009 395 1055 dominicis.

226 1089 299 1133 Ne
325 1087 595 1131 omittantur
631 1086 971 1131 exhortationes
995 1085 1273 1130 domesticae
1298 1085 1495 1142 'singulis
1522 1085 1774 1129 hebdoma—

128 1164 227 1219 dis,
250 1173 298 1210 et
316 1164 365 1208 in
385 1164 456 1208 his
472 1179 531 1208 ne
551 1164 840 1221 attingantur
859 1163 1027 1220 priuati
1047 1164 1238 1206 fratrum
1259 1163 1484 1207 defectus.

228 1244 289 1287 D.
314 1243 484 1286 Torres
503 1242 519 1263 ²
543 1257 603 1286 ne
619 1241 756 1284 faciat
771 1240 1112 1284 catechismum.

227 1318 580 1364 Exhortationes
601 1319 768 1363 habeat
792 1318 864 1361 uel
886 1325 1052 1370 rector,
1075 1318 1150 1361 vel
1166 1318 1376 1362 doctores
1394 1317 1613 1375 theologi,
1629 1302 1685 1361 'ut
1702 1317 1775 1360 ui-

132 1390 328 1436 debitur
347 1389 528 1436 rectori.

914 1522 996 1566 44

865 1628 873 1633 »
945 1617 968 1651 †

880 1654 1026 1710 Jesvs.
1046 1648 1053 1654 ’

227 1746 472 1804 ALIQUA
494 1748 578 1792 EX
599 1748 689 1806 IIS,
715 1748 892 1804 QUAE
918 1749 1090 1792 DIXIT
1116 1750 1296 1794 RDUS.
1332 1750 1384 1792 P.
1413 1748 1687 1792 NATALIS

677 1838 910 1869 muNGAE
948 1839 1170 1870 SECUNDO
1205 1827 1240 1872 ⁵.

227 1932 286 1976 D.
325 1932 526 1975 Thomas
547 1932 564 1952 ⁴
582 1931 724 1976 libere
746 1938 854 1988 agat
874 1946 979 1975 cum
999 1931 1233 1989 discipulis
1253 1932 1364 1976 suis.

227 2010 299 2053 De
321 2008 542 2061 candelis,
566 2015 618 2051 vt
638 2007 854 2052 fratribus
875 2023 967 2052 non
988 2008 1139 2052 desint
1160 2009 1459 2056 necessariae.

226 2087 299 2130 De
314 2085 626 2143 hypocaustis‚
650 2093 701 2128 vt
722 2085 812 2129 sint
833 2075 1070 2130 commoda
1098 2086 1262 2130 studiis
1283 2087 1491 2133 fratrum.

226 2163 298 2208 De
319 2164 586 2207 Hermanno
606 2162 841 2219 scriptore,
866 2171 916 2206 vt
936 2163 1206 2216 dimittatur,
1231 2165 1304 2208 vel
1325 2171 1479 2221 partes
1501 2178 1579 2209 eas
1600 2164 1773 2208 habere

91 2227 101 2254 ³
126 2246 284 2292 curet,
308 2253 427 2296 quae
448 2239 640 2296 dignum
662 2240 790 2283 illum
810 2239 1149 2297 dispensatione
1170 2241 1353 2285 faciant.

87 2312 89 2315 ’
231 2318 286 2360 Ρ.
310 2317 491 2374 Gaspar
512 2318 528 2339 ³
554 2323 709 2361 vtatur
729 2316 982 2374 priuilegiis
1002 2317 1050 2360 in
1071 2332 1164 2360 non
1184 2317 1445 2370 ieiunandO,
1471 2325 1560 2362 etc.

78 2395 107 2410 ²
227 2394 299 2438 De
320 2394 473 2448 rebus,
498 2408 612 2450 quas
634 2395 780 2436 Pater
800 2397 954 2437 noster
974 2395 1159 2451 scripsit
1178 2403 1212 2447 ²,
1237 2394 1424 2447 scilicet,
1449 2410 1507 2438 an
1536 2394 1679 2438 nostri
1702 2409 1777 2437 as-

208 2533 228 2552 ²
277 2523 389 2560 Prius
404 2535 506 2571 quas
521 2523 687 2559 romani
697 2524 960 2571 scripserunt,
991 2530 1128 2571 postea
1157 2524 1308 2560 Natalis
1337 2524 1563 2560 emendavit
1582 2530 1624 2560 ut
1643 2536 1773 2571 supra.

99 2660 102 2661 ⁷
214 2623 226 2644 ¹
275 2623 378 2660 Toni
394 2624 435 2662 in
453 2613 654 2661 Societate
671 2626 917 2672 appellantur
941 2625 1132 2673 quaedam
1156 2626 1346 2662 exercitia
1362 2626 1672 2670 declamationis,
1694 2631 1775 2661 tum

99 2683 359 2730 „fs-generalia,
375 2689 459 2720 tum
477 2683 741 2732 particularia.

211 2743 229 2764 ⁵
277 2742 322 2779 P.
341 2743 607 2791 Hieronymus
623 2744 783 2790 Torres,
802 2745 925 2780 lector
942 2745 1177 2791 theologiae.
1788 2788 1796 2794 ,

210 2801 227 2823 ⁵
274 2801 333 2837 Ex
345 2803 570 2849 archetypo,
585 2802 751 2838 aNatali
765 2802 984 2848 emendato,
1000 2803 1040 2839 in
1053 2803 1189 2839 codice
1202 2803 1343 2841 N.atal
1361 2805 1477 2838 instr.
1492 2803 1646 2843 Germ„
1664 2802 1780 2837 unico

213 2867 284 2906 ,10
296 2860 363 2907 (8).
378 2861 516 2897 Manus
529 2861 685 2898 videtur
698 2862 742 2897 P.
758 2862 991 2898 Theodorici
1005 2861 1169 2908 Canisii,
1183 2862 1346 2898 rectoris
1360 2861 1590 2907 dilingensis
1605 2861 1760 2907 collegi'
1738 2873 1778 2898 ¹1.

117 2955 121 2958 ,
125 2916 252 2957 :Haec
267 2918 475 2957 instructio
492 2931 595 2957 anno
622 2920 714 2965 1566
741 2920 835 2956 data
860 2921 948 2958 fuit.
978 2920 1042 2958 Cf.
1074 2921 1203 2967 Epist.
1235 2922 1285 2957 P.
1318 2921 1468 2962 Ναᾱαί,
1490 2920 1559 2966 111,
1581 2919 1616 2965 8,
1638 2929 1697 2964 25,
1718 2919 1780 2964 26,

20 3003 22 3018 .
97 3004 100 3005 γ
123 2974 227 3022 340,
243 2982 321 3014 etc.
342 2978 522 3015 Alterum
538 2981 765 3026 exemplum
782 2981 1047 3027 apographum
1066 2986 1128 3016 est
1145 2980 1258 3026 ibid„
1275 2980 1341 3015 fol.
1363 2979 1421 3015 38.

105 3032 122 3034 ’
147 3054 150 3055 ’
211 3035 231 3057 ⁴
268 3037 325 3072 -Ρ,
347 3037 519 3073 Thomas
539 3037 692 3074 Gallus.
713 3037 775 3074 Cf.
794 3039 924 3085 Epist.
946 3039 996 3075 P.
1016 3039 1167 3081 Nadal,
1186 3039 1256 3083 ΙΙΙ,
1272 3038 1307 3073 S.

107 3094 110 3098 ’
149 3120 152 3121 ⁷
214 3096 232 3118 ⁸
280 3096 523 3143 Haywodus,
544 3097 666 3134 lector
684 3098 926 3144 theologiae.
