2098 3470
501 243 779 280 Mon-uanum
803 241 1062 278 Gssnmumn
1085 245 1335 276 summoms
1341 236 1431 273 -36
1671 236 1740 282 237

231 345 357 403 Quid
377 345 415 389 si
436 345 558 389 domi
579 345 826 388 haberetur
846 341 982 387 lectio
1003 355 1194 385 casuum
1210 339 1537 391 conscientiae,
1559 347 1605 383 et
1623 340 1785 382 admo-

145 430 329 466 neretur
349 422 560 479 princeps
582 429 632 464 ut
653 421 860 477 adigeret
881 418 1142 463 sacerdotes
1163 424 1209 462 et
1231 416 1423 461 clericos
1448 416 1562 459 alios
1586 424 1636 458 ut
1659 415 1788 459 audi-

95 515 105 529 ’
146 507 248 545 rent
276 513 376 543 eam
407 498 668 552 lectionem,
701 504 749 541 et
769 504 1002 554 praeterea
1022 496 1194 539 faceret
1213 493 1431 546 edictum,
1456 493 1630 535 nullum
1653 507 1790 549 posse

144 576 364 632 consequi
392 575 614 621 beneficia
645 573 955 618 ecclesiastica
985 586 1066 630 per
1096 570 1367 628 principem,
1409 570 1484 614 uel
1515 585 1616 614 esse
1653 585 1788 626 paro-

143 654 283 696 chum
304 654 342 706 ⁸,
367 653 454 696 nisi
475 652 630 696 audiat
657 665 792 694 casus
819 648 1141 701 conscientiae3
1173 656 1220 692 et
1246 647 1354 691 huic
1381 646 1566 692 lectioni
1594 661 1784 690 casuum

141 729 450 774 conscientiae
470 735 626 785 posset
647 726 867 784 coniungi
886 726 1023 771 lectio
1043 724 1459 769 controuersiarum
1483 724 1629 767 facilis
1650 723 1687 766 b.

234 806 472 851 Habeatur
493 805 698 849 doctrina
714 803 959 848 christiana
979 802 1026 845 in
1049 804 1107 846 D.
1133 802 1310 845 Nicolai
1338 803 1366 854 ¹,
1391 808 1438 844 et
1465 802 1678 844 dicantur
1706 816 1789 845 ve-

144 897 277 940 spere
298 890 436 926 cantu
459 883 675 939 figuram,
706 890 758 924 ut
785 881 916 935 solet,
945 887 991 923 et
1019 880 1182 924 doceat
1208 878 1464 922 doctrinam
1492 878 1787 922 christianam

66 999 69 1001 ,
147 962 212 1024 Μ.ι
235 959 499 1004 Fischerius
519 967 551 1003 ⁰.

234 1037 584 1080 Admoneantur
605 1035 964 1087 concionatores,
989 1042 1041 1078 ut
1063 1034 1340 1090 frequenter,
1365 1040 1591 1090 oportune
1617 1039 1785 1084 tamen,

145 1114 447 1158 adhortentur
467 1113 696 1157 auditores
718 1113 776 1155 ad
797 1111 1098 1168 frequentiam
1120 1111 1392 1155 sacramenti
1413 1109 1724 1167 poenitentiae
1742 1117 1788 1152 et

131 1189 478 1234 -communionis
499 1204 552 1233 ac
579 1190 636 1234 ad
658 1189 928 1234 orationem.

233 1268 471 1311 Habeatur
492 1267 636 1310 oratio
663 1282 690 1310 a
717 1266 1016 1319 scholasticis,
1047 1274 1100 1309 ut
1127 1267 1304 1311 solebat
1330 1264 1488 1310 haberi
1516 1265 1679 1309 diebus
1706 1266 1787 1308 do-

146 1344 340 1398 minicis,
363 1352 410 1389 et
430 1345 712 1401 significetur
733 1344 928 1387 dominis
944 1359 1031 1388 nos
1046 1359 1139 1387 non
1155 1344 1325 1401 habere
1342 1331 1479 1386 alium
1497 1342 1787 1386 commodio-

146 1435 243 1466 rem
263 1422 411 1465 locum
435 1423 493 1465 ad
514 1423 620 1475 hoc,
646 1421 734 1464 nisi
755 1422 934 1464 scholas
956 1428 1151 1465 nostras.

233 1498 325 1543 Vbi
352 1506 422 1542 est
450 1500 616 1543 festum
646 1498 693 1542 in
720 1498 1021 1551 hebdomade,
1051 1497 1251 1542 habeant
1288 1498 1453 1541 fratres
1489 1496 1788 1540 nihilominus

146 1575 338 1620 eandem
360 1576 703 1630 recreationem,
727 1590 862 1632 quam
885 1576 1050 1628 solent,
1076 1575 1227 1631 quoad
1247 1574 1347 1620 fieri
1362 1574 1545 1631 poterit.

231 1651 477 1696 Diuidatur
497 1652 645 1696 media
666 1654 778 1696 hora
794 1651 1012 1696 orationis
1033 1651 1339 1708 uespertinae,
1358 1659 1404 1695 et
1421 1666 1515 1694 uno
1531 1651 1788 1706 quadrante

147 1736 278 1773 orent
298 1729 503 1786 proxime
525 1737 630 1773 ante
651 1743 861 1786 coenam,
876 1729 1071 1774 letaniae
1089 1743 1198 1772 uero
1215 1729 1469 1788 recitentur
1486 1735 1589 1785 post
1607 1742 1784 1772 recrea-

149 1805 319 1850 tionem
342 1814 629 1850 nocturnam.

235 1883 287 1926 In
307 1883 521 1940 profestis
548 1883 828 1927 solemnibus
855 1891 1070 1928 maneant
1096 1883 1359 1927 scholastici
1382 1898 1520 1927 unam
1550 1882 1786 1931 horam,in

145 1959 312 2004 scholis
332 1967 436 2016 post
457 1960 706 2014 meridiem,
731 1961 829 2005 aliis
850 1975 962 2006 uero
983 1961 1031 2004 in
1058 1961 1272 2018 profestis
1293 1959 1617 2004 communibus
1646 1961 1788 2002 horas

146 2036 280 2081 duas.

215 2147 235 2165 ²
258 2137 332 2173 ΜΒ.
348 2139 586 2184 parachum.
637 2140 704 2167 —b
731 2139 773 2174 In
788 2138 978 2182 margine:
999 2139 1082 2174 Per
1099 2139 1237 2174 adesso
1254 2150 1350 2180 non,
1370 2138 1512 2186 partim
1535 2150 1557 2174 a
1582 2138 1675 2174 Nat.
1696 2150 1787 2174 exa-

145 2201 286 2233 ratum.
338 2207 402 2225 —0
426 2197 652 2246 Sequuntur
669 2198 798 2246 aliqua
815 2198 1040 2235 obliterata.

143 2285 283 2322 eodem
299 2286 383 2322 fere
396 2294 572 2334 tempore
589 2293 804 2332 exaratum,
824 2287 929 2324 foliis
947 2286 1070 2333 53-55.
1091 2288 1200 2323 Haec
1219 2287 1367 2324 monita
1384 2288 1476 2324 data
1494 2294 1587 2324 sunt
1605 2300 1627 2324 a
1652 2289 1784 2324 Natali

145 2356 280 2381 mense
297 2345 415 2392 Junio
427 2346 519 2382 anni
536 2347 640 2394 1566,
654 2346 746 2383 dum
763 2358 996 2383 monacense
1009 2347 1219 2394 collegium
1234 2349 1504 2395 perlustraret,
1518 2358 1595 2396 quo
1609 2354 1786 2394 tempore

145 2403 194 2440 P.
216 2405 446 2441 Dominicus
469 2406 693 2452 Menginus,
718 2406 905 2452 magister
928 2406 1179 2453 novitiorum,
1205 2407 1352 2443 ibidem
1379 2407 1429 2442 ad
1453 2419 1594 2443 munus
1622 2407 1786 2443 rectoris

71 2459 78 2492 ᾗ
145 2469 344 2511 promotus
361 2464 447 2512 fuit,
468 2465 512 2502 P.
531 2466 682 2501 Thoma
700 2466 928 2502 Darbishiro
952 2466 1008 2502 illi
1032 2466 1073 2502 in
1096 2467 1224 2503 officio
1249 2466 1485 2503 instituendi
1509 2467 1681 2503 novitios
1708 2466 1785 2501 suf-

146 2521 269 2559 fecto.
291 2522 354 2559 Cf.
374 2524 503 2571 Epist.
525 2525 575 2560 P.
593 2524 745 2567 Nadal,
764 2525 835 2572 111,
861 2525 941 2570 167.

217 2581 229 2604 ¹
280 2583 462 2619 «Habent
479 2589 610 2619 tamen
628 2584 831 2631 [eremitae
849 2584 896 2621 S.
919 2584 1148 2632 Augustini]
1166 2590 1207 2620 et
1224 2585 1341 2632 aliud,
1363 2585 1435 2621 sed
1453 2585 1577 2631 magis
1597 2585 1783 2630 exiguum

146 2642 337 2688 templum
350 2642 436 2678 siue
450 2642 646 2679 Sacellum
662 2645 710 2679 D.
727 2643 881 2680 Nicolai
894 2655 972 2680 non
986 2645 1120 2691 procul
1134 2644 1332 2692 dissitum,
1347 2645 1387 2680 in
1401 2655 1477 2692 quo
1491 2644 1783 2680 Catechismum

75 2693 82 2733 ’ἱ
145 2699 287 2736 diebus
303 2700 416 2737 festis
435 2702 704 2749 explicant...»
722 2704 780 2738 Ex
798 2703 996 2740 «Historia
1013 2704 1063 2740 de
1086 2704 1200 2740 initio
1224 2710 1265 2740 et
1282 2717 1493 2752 progressu
1512 2704 1679 2749 Collegii
1703 2705 1784 2739 Mo·

72 2757 87 2801 ζ’·
146 2759 391 2796 nachiensis»
409 2760 511 2807 apud
527 2762 884 2808 BRAUNSBERGER,
902 2764 980 2799 loc.
1002 2764 1088 2809 cit.‚
1106 2764 1154 2810 ΙΙ,
1176 2763 1260 2809 876.
1278 2765 1322 2799 In
1339 2765 1461 2800 altera
1479 2769 1610 2798 autem
1629 2763 1783 2798 relatio·

81 2810 86 2874 ἶ
145 2829 211 2864 ne,
223 2829 247 2854 a
259 2819 304 2854 P.
318 2819 563 2862 Theodorico
576 2820 749 2866 Canisio,
764 2822 1010 2858 monacensis
1023 2823 1183 2867 collegii
1195 2823 1369 2859 secundo
1382 2829 1548 2866 rectore,
1570 2834 1671 2858 anno
1692 2822 1783 2867 1563

145 2876 291 2925 scripta
315 2883 356 2914 et
379 2879 543 2915 Romam
573 2879 703 2926 missa,
731 2881 829 2916 haec
850 2881 1059 2918 habentur:
1092 2883 1231 2918 «Anno
1261 2881 1510 2927 sexagesimo
1540 2881 1664 2927 primo
1694 2887 1782 2927 post

87 2944 94 2969 .“
142 2935 321 2984 [festum]
338 2944 588 2984 pentecostes
604 2939 796 2987 auspicati
813 2952 949 2976 sumus
966 2942 1177 2977 lectionem
1194 2941 1395 2977 doctrinae
1419 2940 1679 2986 Christianae,
1706 2941 1781 2976 Do-

94 3048 97 3050 *
148 2993 301 3031 minicis
324 3002 365 3032 et
387 2996 500 3033 festis
521 2997 682 3045 diebus,
707 2998 747 3034 in
769 3001 914 3036 sacello
938 3001 988 3037 D.
1013 3000 1186 3047 Nicolai,
1210 3000 1355 3036 nostris
1384 2999 1549 3035 aedibus
1580 2999 1782 3036 vicino...»

142 3053 266 3101 Ihm„
283 3066 373 3102 pag.
388 3054 473 3102 873,
486 3056 571 3102 874.
