2098 3470
799 256 1231 295 Insrnucrionzs—or
1716 263 1786 301 515

195 373 302 405 cum
323 360 448 405 omni
469 360 742 408 rectitudine
762 359 822 404 sit
838 358 952 403 ratio
967 358 1254 416 gubernandi
1271 358 1448 411 efficax,
1468 365 1606 414 atque
1621 357 1832 401 immobi—

197 435 252 480 lis
273 437 318 479 in
342 436 622 490 vniuersum,
645 445 692 482 et
712 451 830 494 quae
849 450 955 480 cum
971 436 1068 479 =fine
1089 442 1351 480 constanter
1371 429 1841 491 atque'magnanimi·

197 520 268 558 ter
285 513 607 570 coniungatur.
633 515 772 570 Quod
793 527 901 557 vero
921 513 980 556 ad
1007 512 1226 564 suauiter,
1260 518 1310 554 vt
1336 511 1383 554 in
1411 511 1760 568 particularibus
1787 518 1834 554 et

198 605 348 635 rerum
393 605 475 633 vsu
517 591 788 634 adhibeatur
827 589 1098 642 moderatio,
1144 586 1509 645 longanimitas,-
1533 587 1828 639 sustinentia,

195 666 371 723 epiekia
394 681 446 710 ac
468 666 759 722 dispensatio,
789 666 915 710 iuxta
942 666 1066 721 quod
1093 665 1305 722 expedire
1331 664 1577 709 videbitur.
1607 666 1835 708 Nonnun-

197 757 335 799 quam
363 758 472 786 vero
499 743 782 788 dissimulare
809 743 960 798 aliqua
986 742 1072 785 erit
1101 742 1226 793 vtile,
1255 742 1303 784 in
1328 741 1554 797 aliquibus
1575 741 1832 797 indulgere,

198 820 245 863 in
262 808 490 875 aliquibus
506 820 888 872 condescendere,
909 826 957 862 vt
974 818 1199 863 Dominus
1214 818 1396 862 docebit
1412 818 1688 874 superiores.
1707 819 1836 861 Haec

199 910 311 940 vero
336 896 540 940 suauitas
566 896 804 953 dirigenda
831 910 1010 952 semper
1038 902 1108 940 est
1139 896 1211 938 ad:
1227 894 1363 938 illam·
1381 894 1711 947 fortitudinem,
1747 909 1838 949 quo

200 973 384 1017 tandem
421 981 467 1016 et
503 973 664 1017 melius
700 972 958 1016 institutum
995 972 1235 1017 Societatis
1264 972 1552 1023 obseruetur,
1588 979 1635 1015 et
1662 978 1837 1014 certum

202 1050 340 1092 finem
371 1049 493 1093 illius
519 1063 868 1104 consequamur.
903 1048 1112 1093 Emineat
1139 1062 1248 1092 vero
1275 1048 1322 1091 in
1353 1048 1475 1091 omni
1506 1047 1842 1104 gubernatione

203 1126 397 1169 formula
432 1125 747 1183 benignitatis,
786 1125 1165 1178 mansuetudinis,
1205 1124 1532 1180 charitatisque
1568 1124 1758 1178 Christi,
1798 1132 1844 1169 et

200 1203 509 1258 apostolorum
541 1203 664 1247 Petri
688 1210 734 1247 et
757 1203 905 1259 Pauli,
931 1201 1100 1260 [quam]
1129 1192 1176 1246 in
1208 1202 1454 1259 diplomate
1485 1201 1844 1245 confirmationis

206 1293 485 1336 accepimus.

206 1397 289 1440 418
855 1407 916 1437 DE
938 1406 1194 1437 cumcnms

226 1546 236 1565 ·.
301 1513 538 1556 Habeatur
564 1526 682 1567 aqua
710 1513 949 1556 benedicta
977 1511 1023 1555 in
1051 1512 1216 1567 quouis
1242 1512 1477 1563 cubiculo,
1509 1519 1554 1556 et
1583 1511 1720 1556 etiam
1744 1512 1848 1568 piae

210 1589 456 1647 imagineS‚
481 1589 640 1635 saltem
663 1604 768 1632 vna.

301 1667 568 1725 Superiores
589 1674 636 1711 et
657 1675 973 1722 procuratores
995 1668 1124 1710 claue
1152 1673 1337 1711 teneant
1365 1681 1448 1710 sua
1475 1667 1686 1711 cubicula
1714 1668 1850 1710 obse-

210 1750 327 1787 rata:
347 1743 538 1790 ministri
555 1743 663 1789 item
682 1751 728 1787 et
745 1743 1043 1787 subministri.
1064 1744 1269 1788 Aliorum
1287 1744 1458 1796 nullus,
1477 1745 1550 1788 vel
1567 1744 1848 1796 cubiculum,

210 1820 284 1864 vel
306 1834 475 1872 arcam,
498 1821 571 1865 vel
593 1820 807 1867 scrinium
831 1821 1018 1864 habebit
1038 1822 1261 1873 clausum,
1286 1822 1359 1864 vel
1380 1820 1624 1877 quicquam
1648 1821 1849 1871 omnino;

211 1896 738 1953 exquisitissimefautem
761 1897 1031 1953 inquiratur,
1056 1898 1093 1940 si
1124 1897 1232 1953 quid
1254 1898 1445 1942 fortasse
1473 1898 1607 1950 desit,
1640 1905 1686 1942 et
1715 1911 1851 1942 seue-

214 1973 390 2018 rissime
410 1973 662 2032 castigetur
683 1982 719 2021 ’ὁ
1421 1978 1425 1983 “

798 2091 802 2095 ’
867 2102 929 2131 DE
954 2101 1159 2131 vsssrirn
1186 2086 1197 2113 ¹

258 2235 264 2252 -,
306 2206 470 2249 Vestes
492 2211 751 2248 nostrorum
774 2206 1052 2250 domesticae
1074 2221 1130 2250 ex
1152 2206 1362 2250 crassiori
1382 2207 1852 2264 aliquopanno-fiant,

218 2296 307 2330 non
330 2282 511 2338 quidem
534 2282 671 2338 nigri,
690 2284 771 2327 sed
796 2283 951 2326 viridis
972 2284 1208 2327 cuiusdam
1230 2283 1249 2310 ι’
1270 2284 1450 2335 coloris,
1474 2285 1551 2339 qui
1576 2300 1673 2327 mos
1697 2285 1781 2327 fuit
1810 2286 1854 2327 in

217 2359 445 2403 Societate
468 2374 493 2401 a
519 2361 568 2402 P.
603 2360 780 2416 Ignatio
808 2375 949 2415 vsque
977 2368 1008 2410 ἦ
1034 2369 1129 2412 aut,
1160 2361 1196 2403 si
1227 2361 1275 2403 hi
1296 2362 1473 2405 colores
1496 2362 1628 2404 facile
1660 2362 1853 2404 inueniri

218 2442 472 2491 nequeunt,
504 2435 594 2478 sint
626 2436 811 2479 alterius
838 2437 1073 2480 cuiusdam
1104 2437 1306 2490 honesti,
1336 2445 1387 2480 vt
1418 2438 1707 2494 prouincialis
1745 2452 1845 2481 cen-

218 2513 376 2556 suerit.
1300 2518 1302 2520 '

290 2661 308 2677 a
340 2658 384 2684 10
407 2651 478 2685 ult.
506 2651 626 2692 verba
647 2649 782 2693 ,addita
808 2631 1016 2696 posterius.
1069 2652 1136 2679 —b
1168 2651 1211 2686 In
1238 2650 1488 2687 Cod..Vatic.
1518 2662 1536 2697 3
1555 2653 1657 2686 'haec
1688 2661 1708 2685 2
1737 2653 1856 2686 verba

221 2709 446 2760 emendav'it
476 2709 578 2743 Nat:
600 2720 648 2743 ex
677 2709 847 2752 uiolacei
871 2712 944 2743 aut
970 2709 1167 2745 cinericii.
1219 2711 1418 2756 -eHaee
1438 2712 1509 2748 ult,
1535 2722 1557 2755 9
1583 2712 1701 2745 verba
1726 2711 1857 2745 addita

221 2774 312 2802 sunt
329 2768 368 2803 in
390 2766 485 2803 Coei.
517 2769 641 2803 Vatic.
664 2778 681 2812 3
701 2780 722 2803 a
741 2768 832 2806 Nat.
846 2795 855 2805 .

293 2886 302 2905 ¹
354 2885 468 2920 Edita
485 2891 546 2921 est
564 2886 660 2921 haec
678 2886 897 2928 instructio,
916 2886 1095 2933 quamvis
1113 2899 1190 2923 non
1208 2888 1377 2933 integre,
1397 2899 1418 2922 a
1438 2887 1480 2922 P.
1502 2889 1858 2932 BRAUNSBERGER,

222 2945 296 2980 loe.
315 2944 399 2990 cit.‚
419 2945 490 2990 IV,
507 2943 678 2989 348-349.
699 2945 814 2980 Plura
832 2945 872 2980 in
891 2952 1024 2981 nostro
1041 2947 1224 2993 exemplo
1242 2946 1448 2981 emendata
1476 2948 1538 2980 vel
1562 2952 1674 2981 aucta
1699 2948 1747 2981 ab
1773 2946 1859 2992 ipso

223 3004 268 3040 P.
296 3003 424 3039 Natali
450 3004 711 3049 reperiuntur,
730 3015 779 3039 ex
798 3004 844 3039 iis
862 3015 962 3051 quae
987 3016 1119 3051 supra,
1144 3017 1234 3052 pag.
1259 3005 1344 3051 408,
1373 3012 1505 3040 annot.
1532 3013 1559 3050 1,
1586 3005 1861 3040 animadverti-

226 3073 325 3098 mus.
344 3062 577 3108 Praecipuas
594 3062 877 3109 discrepantias
892 3064 1046 3110 proprio
1065 3065 1150 3099 loco
1168 3071 1365 3100 notamus.
