2098 3470
335 277 408 315 306
810 281 965 318 erms
990 281 1233 317 Hmnouvm
1258 281 1408 318 NADAL

370 383 574 440 Joannes
593 383 813 440 Baptista,
839 383 991 436 italus,
1016 381 1304 426 infirmarius.

377 459 751 516 Christophorus,
775 461 955 515 slesius,
980 467 1140 505 sartor.

375 537 688 595 Wolfgangus
711 538 983 595 Adolphius,
1009 536 1280 590 austriacus,
1308 537 1392 580 fuit
1415 537 1741 582 credentiarius
1761 546 1793 582 ὓ.

1067 681 1134 722 m

1057 774 1141 859 Jiis.

907 899 1284 944 INSTRUCTIO

300 1009 362 1038 DE
401 1008 649 1046 PERsoNJs,
689 1009 752 1038 DE
790 1008 1085 1046 DEFUNcns,
1126 1008 1289 1046 DEQUE
1328 1009 1483 1038 1N1T1o
1522 1009 1583 1039 ET
1626 1008 1892 1040 AUGMENTO

352 1085 580 1115 coLLEGn
605 1085 895 1116 V1ENNENsrs
919 1085 1080 1124 USQUE
1101 1086 1354 1116 ADANNUM
1384 1073 1495 1127 1566
1515 1086 1778 1117 INCLUSIUE
1804 1074 1831 1116 ¹.

947 1145 955 1158 ι

832 1187 885 1213 ΕΤ
911 1186 1040 1214 PRIMO
1065 1186 1122 1213 DE
1147 1186 1352 1214 PERSONIS

983 1287 1213 1317 PROFESSI

371 1392 408 1423 1.
460 1381 529 1423 ῑΡ.
571 1380 788 1424 Nicolaus
825 1381 1040 1435 Lanoyus
1075 1379 1253 1424 Vienna
1288 1380 1496 1425 discessit
1535 1393 1590 1436 23
1627 1382 1907 1438 Septembris

275 1455 604 1513 Oenipontum.
630 1456 696 1500 Ibi
720 1458 901 1500 futurus
924 1463 1087 1500 rector.

361 1545 401 1576 2.
470 1535 526 1579 Ρ.
550 1533 823 1577 Laurentius
847 1533 1044 1590 Magius,
1071 1534 1206 1576 modo
1228 1532 1275 1576 in
1298 1535 1385 1577 hac
1408 1533 1666 1579 uisitatione
1685 1533 1739 1578 P.
1761 1537 1904 1580 Nata-

271 1610 325 1653 lis
348 1606 496 1654 factus
518 1618 588 1654 est
610 1610 920 1667 prouincialis.

360 1701 403 1743 3.
467 1688 526 1730 P.
567 1688 807 1732 Cornelius
846 1688 1142 1744 Bragelmans
1202 1721 1212 1740 ,
1252 1702 1374 1731 nunc
1411 1703 1502 1731 non
1540 1695 1608 1732 est
1645 1691 1902 1745 praefectus

271 1764 440 1821 templi,
476 1779 561 1809 nec
590 1764 703 1821 legit
734 1764 986 1808 doctrinam
1018 1764 1244 1820 xpianam.
1275 1764 1576 1809 scholasticis.
1610 1766 1691 1809 Est
1715 1766 1900 1823 >praefe-

267 1848 369 1885 ctus
391 1841 529 1886 horti.

1178 1687 1196 1711 b

928 1967 1238 1998 SACERDOTES

352 2086 394 2127 4.
462 2075 521 2116 D.
542 2075 747 2131 Joannes
768 2072 1008 2128 Seijdelius
1035 2071 1200 2115 missus
1227 2078 1297 2115 est
1326 2071 1604 2116 Tirnauiam:
1636 2074 1772 2116 modo
1799 2074 1896 2130 agit

263 2149 560 2195 ecclesiasten
583 2149 787 2194 Posonii.

351 2238 394 2281 5.
459 2228 517 2270 D.
538 2229 740 2285 Joannes
762 2227 1079 2269 Aschermann
1102 2225 1266 2269 missus
1288 2232 1357 2270 est
1378 2226 1424 2269 in
1448 2226 1698 2270 Poloniam.

349 2305 392 2347 6.
458 2305 516 2347 D.
545 2303 822 2347 Adalbertus
846 2304 1056 2346 Bauzeck
1079 2302 1191 2345 nihil
1212 2303 1351 2347 habet
1371 2303 1494 2347 noui.

349 2392 392 2434 7.
458 2383 521 2425 M.
549 2380 820 2424 Franciscus
843 2380 1009 2424 Sunier
1031 2379 1197 2423 missus
1219 2387 1289 2423 est
1310 2379 1356 2422 in
1380 2380 1632 2424 Poloniam.

348 2459 389 2500 8.
456 2459 519 2501 Μ.
547 2456 859 2501 Theodoricus
882 2458 939 2499 ab
962 2457 1329 2500 Hauechkesche
1351 2456 1465 2499 nihil
1486 2456 1595 2500 noui
1615 2457 1768 2500 habet.
1791 2510 1794 2513 y

345 2550 388 2592 9.
455 2536 520 2580 M.
546 2533 780 2577 Emericus
802 2533 1054 2585 Forslerus,
1079 2547 1218 2586 nunc,
1243 2532 1457 2576 uisitante
1479 2535 1534 2577 R.
1560 2534 1614 2577 P.
1634 2532 1786 2577 Natali
1802 2534 1888 2576 hoc

252 2611 516 2668 collegium,
537 2612 685 2655 factus
699 2617 769 2654 est
786 2618 948 2653 rector.
970 2609 1168 2653 Docebit
1183 2610 1479 2653 scholasticos
1495 2609 1746 2654 doctrinam
1763 2609 1889 2653 chri-

254 2688 447 2733 stianam
472 2688 625 2732 latine.

324 2847 342 2865 a
391 2837 482 2872 Nat.
502 2837 542 2873 in
561 2847 684 2885 marg.
699 2836 960 2882 Polo[niam].
1015 2837 1080 2863 —b
1107 2835 1186 2871 Sic.
1203 2835 1311 2871 Alibi
1329 2835 1368 2871 in
1387 2834 1526 2871 iisdem
1544 2834 1732 2881 catalogis
1749 2833 1884 2871 scribi-

248 2902 315 2932 ·tur
333 2897 601 2944 Brogelmau.

325 3031 333 3049 ¹
386 3028 445 3062 Ex
463 3028 685 3074 apographo
702 3036 862 3071 coaevo,
884 3026 1028 3074 triplici
1048 3026 1155 3073 folio,
1181 3037 1299 3074 pagg.
1325 3033 1496 3071 271-274.
1515 3024 1664 3063 Omnes
1689 3025 1882 3072 pagellae,

249 3093 402 3133 praeter
419 3092 611 3134 quartam,
630 3086 807 3133 signatae
826 3091 932 3122 sunt.
951 3085 1153 3132 Scriptura
1170 3091 1231 3122 est
1246 3085 1370 3122 nitida
1388 3091 1428 3122 et
1445 3089 1636 3121 accurata.
