<?xml version="1.0" encoding="UTF-8"?>
<!DOCTYPE html PUBLIC "-//W3C//DTD XHTML 1.0 Transitional//EN"
    "http://www.w3.org/TR/xhtml1/DTD/xhtml1-transitional.dtd">
<html xmlns="http://www.w3.org/1999/xhtml" xml:lang="en" lang="en">
 <head>
  <title>
</title>
<meta http-equiv="Content-Type" content="text/html;charset=utf-8" />
  <meta name='ocr-system' content='tesseract 3.04.00' />
  <meta name='ocr-capabilities' content='ocr_page ocr_carea ocr_par ocr_line ocrx_word'/>
</head>
<body>
  <div class='ocr_page' id='page_1' title='image "./epistolaephieron04nadauoft_0153.png"; bbox 0 0 2098 3470; ppageno 0'>
   <div class='ocr_carea' id='block_1_1' title="bbox 0 0 442 314">
    <p class='ocr_par' dir='ltr' id='par_1_1' title="bbox 0 0 442 314">
     <span class='ocr_line' id='line_1_1' title="bbox 0 0 442 314; baseline 0 3156"><span class='ocrx_word' id='word_1_1' title='bbox 0 0 442 314; x_wconf 95' lang='lat' dir='ltr'><strong> </strong></span> 
     </span>
    </p>
   </div>
   <div class='ocr_carea' id='block_1_2' title="bbox 0 1720 91 3470">
    <p class='ocr_par' dir='ltr' id='par_1_2' title="bbox 0 1720 91 3470">
     <span class='ocr_line' id='line_1_2' title="bbox 0 1720 91 3470; baseline 0 0"><span class='ocrx_word' id='word_1_2' title='bbox 0 1720 91 3470; x_wconf 95' lang='lat' dir='ltr'><strong> </strong></span> 
     </span>
    </p>
   </div>
   <div class='ocr_carea' id='block_1_3' title="bbox 718 297 1776 343">
    <p class='ocr_par' dir='ltr' id='par_1_3' title="bbox 718 297 1776 343">
     <span class='ocr_line' id='line_1_3' title="bbox 718 297 1776 343; baseline -0.003 -8"><span class='ocrx_word' id='word_1_3' title='bbox 718 299 994 336; x_wconf 46' lang='lat' dir='ltr'><strong>Mommsen]</strong></span> <span class='ocrx_word' id='word_1_4' title='bbox 1019 297 1290 334; x_wconf 76' lang='lat' dir='ltr'>ITALlAE—13</span> <span class='ocrx_word' id='word_1_5' title='bbox 1711 307 1776 343; x_wconf 81' lang='lat'><strong>127</strong></span> 
     </span>
    </p>
   </div>
   <div class='ocr_carea' id='block_1_4' title="bbox 173 400 1824 1611">
    <p class='ocr_par' dir='ltr' id='par_1_4' title="bbox 173 400 1824 1611">
     <span class='ocr_line' id='line_1_4' title="bbox 182 400 1824 457; baseline -0.001 -13"><span class='ocrx_word' id='word_1_6' title='bbox 182 412 304 454; x_wconf 86' lang='lat' dir='ltr'><strong>rum,</strong></span> <span class='ocrx_word' id='word_1_7' title='bbox 327 401 581 445; x_wconf 88' lang='lat' dir='ltr'><strong>secundum</strong></span> <span class='ocrx_word' id='word_1_8' title='bbox 608 401 800 446; x_wconf 86' lang='lat' dir='ltr'><strong>formam</strong></span> <span class='ocrx_word' id='word_1_9' title='bbox 830 400 1194 457; x_wconf 87' lang='lat' dir='ltr'><strong>priuilegiorum,</strong></span> <span class='ocrx_word' id='word_1_10' title='bbox 1229 400 1398 444; x_wconf 89' lang='lat' dir='ltr'><strong>habere</strong></span> <span class='ocrx_word' id='word_1_11' title='bbox 1435 407 1706 456; x_wconf 85' lang='lat' dir='ltr'><strong>potestatem</strong></span> <span class='ocrx_word' id='word_1_12' title='bbox 1740 401 1824 443; x_wconf 90' lang='lat' dir='ltr'><strong>eli-</strong></span> 
     </span>
     <span class='ocr_line' id='line_1_5' title="bbox 174 465 1823 535; baseline -0.002 -13"><span class='ocrx_word' id='word_1_13' title='bbox 174 465 326 534; x_wconf 68' lang='lat' dir='ltr'><strong>gendi</strong></span> <span class='ocrx_word' id='word_1_14' title='bbox 362 477 449 521; x_wconf 87' lang='lat' dir='ltr'>sibi</span> <span class='ocrx_word' id='word_1_15' title='bbox 485 477 812 535; x_wconf 87' lang='lat' dir='ltr'><strong>praepositum,</strong></span> <span class='ocrx_word' id='word_1_16' title='bbox 846 485 926 520; x_wconf 89' lang='lat' dir='ltr'><strong>aut</strong></span> <span class='ocrx_word' id='word_1_17' title='bbox 962 477 1144 521; x_wconf 84' lang='lat' dir='ltr'><strong>interim</strong></span> <span class='ocrx_word' id='word_1_18' title='bbox 1182 476 1418 527; x_wconf 83' lang='lat' dir='ltr'><strong>vicarium,</strong></span> <span class='ocrx_word' id='word_1_19' title='bbox 1462 491 1700 532; x_wconf 85' lang='lat' dir='ltr'><strong>usquequo</strong></span> <span class='ocrx_word' id='word_1_20' title='bbox 1744 478 1823 520; x_wconf 88' lang='lat' dir='ltr'><strong>fiat</strong></span> 
     </span>
     <span class='ocr_line' id='line_1_6' title="bbox 180 553 1821 611; baseline -0.001 -13"><span class='ocrx_word' id='word_1_21' title='bbox 180 554 482 611; x_wconf 81' lang='lat' dir='ltr'><strong>congregatio</strong></span> <span class='ocrx_word' id='word_1_22' title='bbox 509 554 752 611; x_wconf 85' lang='lat' dir='ltr'><strong>generalis,</strong></span> <span class='ocrx_word' id='word_1_23' title='bbox 782 554 1022 610; x_wconf 80' lang='lat' dir='ltr'><strong>eidemque</strong></span> <span class='ocrx_word' id='word_1_24' title='bbox 1054 553 1298 598; x_wconf 87' lang='lat' dir='ltr'><strong>Societatis</strong></span> <span class='ocrx_word' id='word_1_25' title='bbox 1329 553 1521 610; x_wconf 85' lang='lat' dir='ltr'><strong>negocia</strong></span> <span class='ocrx_word' id='word_1_26' title='bbox 1550 554 1821 598; x_wconf 87' lang='lat' dir='ltr'><strong>conficiendi</strong></span> 
     </span>
     <span class='ocr_line' id='line_1_7' title="bbox 179 630 1819 687; baseline 0 -13"><span class='ocrx_word' id='word_1_27' title='bbox 179 644 319 676; x_wconf 87' lang='lat' dir='ltr'><strong>curae</strong></span> <span class='ocrx_word' id='word_1_28' title='bbox 339 645 441 675; x_wconf 88' lang='lat' dir='ltr'><strong>esse</strong></span> <span class='ocrx_word' id='word_1_29' title='bbox 462 631 636 687; x_wconf 84' lang='lat' dir='ltr'><strong>absque</strong></span> <span class='ocrx_word' id='word_1_30' title='bbox 657 630 849 674; x_wconf 90' lang='lat' dir='ltr'><strong>aliorum</strong></span> <span class='ocrx_word' id='word_1_31' title='bbox 872 630 1152 675; x_wconf 83' lang='lat' dir='ltr'><strong>uelconsilio</strong></span> <span class='ocrx_word' id='word_1_32' title='bbox 1170 631 1244 673; x_wconf 92' lang='lat' dir='ltr'><strong>uel</strong></span> <span class='ocrx_word' id='word_1_33' title='bbox 1266 644 1496 674; x_wconf 89' lang='lat' dir='ltr'><strong>consensu</strong></span> <span class='ocrx_word' id='word_1_34' title='bbox 1518 630 1563 673; x_wconf 92' lang='lat' dir='ltr'><strong>in</strong></span> <span class='ocrx_word' id='word_1_35' title='bbox 1582 632 1718 674; x_wconf 87' lang='lat' dir='ltr'><strong>rebus</strong></span> <span class='ocrx_word' id='word_1_36' title='bbox 1738 646 1819 686; x_wconf 81' lang='lat' dir='ltr'><strong>ge-</strong></span> 
     </span>
     <span class='ocr_line' id='line_1_8' title="bbox 179 707 1630 765; baseline 0 -15"><span class='ocrx_word' id='word_1_37' title='bbox 179 707 348 760; x_wconf 80' lang='lat' dir='ltr'><strong>rendiS,</strong></span> <span class='ocrx_word' id='word_1_38' title='bbox 373 722 487 763; x_wconf 89' lang='lat' dir='ltr'><strong>quas</strong></span> <span class='ocrx_word' id='word_1_39' title='bbox 509 709 584 753; x_wconf 88' lang='lat' dir='ltr'><strong>uel</strong></span> <span class='ocrx_word' id='word_1_40' title='bbox 605 707 693 751; x_wconf 88' lang='lat' dir='ltr'>sibi</span> <span class='ocrx_word' id='word_1_41' title='bbox 713 709 905 765; x_wconf 82' lang='lat' dir='ltr'><strong>placeat,</strong></span> <span class='ocrx_word' id='word_1_42' title='bbox 931 709 1006 752; x_wconf 88' lang='lat' dir='ltr'><strong>uel</strong></span> <span class='ocrx_word' id='word_1_43' title='bbox 1026 707 1378 751; x_wconf 82' lang='lat' dir='ltr'><strong>constitutiones</strong></span> <span class='ocrx_word' id='word_1_44' title='bbox 1399 709 1630 750; x_wconf 77' lang='lat' dir='ltr'><strong>mandent.</strong></span> 
     </span>
     <span class='ocr_line' id='line_1_9' title="bbox 255 784 1819 841; baseline 0 -14"><span class='ocrx_word' id='word_1_45' title='bbox 255 785 441 827; x_wconf 90' lang='lat' dir='ltr'><strong>.Decem</strong></span> <span class='ocrx_word' id='word_1_46' title='bbox 456 785 627 841; x_wconf 89' lang='lat' dir='ltr'><strong>primos</strong></span> <span class='ocrx_word' id='word_1_47' title='bbox 642 785 924 837; x_wconf 82' lang='lat' dir='ltr'>fundatores,</span> <span class='ocrx_word' id='word_1_48' title='bbox 944 793 1082 841; x_wconf 87' lang='lat' dir='ltr'><strong>atque</strong></span> <span class='ocrx_word' id='word_1_49' title='bbox 1098 786 1215 828; x_wconf 89' lang='lat' dir='ltr'><strong>adeo</strong></span> <span class='ocrx_word' id='word_1_50' title='bbox 1232 791 1435 828; x_wconf 90' lang='lat' dir='ltr'><strong>oratores</strong></span> <span class='ocrx_word' id='word_1_51' title='bbox 1452 792 1498 827; x_wconf 92' lang='lat' dir='ltr'><strong>et</strong></span> <span class='ocrx_word' id='word_1_52' title='bbox 1514 784 1678 835; x_wconf 90' lang='lat' dir='ltr'><strong>socios,</strong></span> <span class='ocrx_word' id='word_1_53' title='bbox 1698 786 1819 827; x_wconf 78' lang='lat' dir='ltr'><strong>solos</strong></span> 
     </span>
     <span class='ocr_line' id='line_1_10' title="bbox 178 859 1817 917; baseline -0.001 -13"><span class='ocrx_word' id='word_1_54' title='bbox 178 859 457 905; x_wconf 87' lang='lat' dir='ltr'><strong>Societatem</strong></span> <span class='ocrx_word' id='word_1_55' title='bbox 494 862 659 914; x_wconf 88' lang='lat' dir='ltr'><strong>facere,</strong></span> <span class='ocrx_word' id='word_1_56' title='bbox 698 861 942 904; x_wconf 89' lang='lat' dir='ltr'><strong>ridiculum</strong></span> <span class='ocrx_word' id='word_1_57' title='bbox 980 876 1080 906; x_wconf 90' lang='lat' dir='ltr'><strong>esse</strong></span> <span class='ocrx_word' id='word_1_58' title='bbox 1102 862 1244 917; x_wconf 85' lang='lat' dir='ltr'><strong>puto,</strong></span> <span class='ocrx_word' id='word_1_59' title='bbox 1285 862 1366 904; x_wconf 90' lang='lat' dir='ltr'><strong>sed</strong></span> <span class='ocrx_word' id='word_1_60' title='bbox 1403 868 1576 916; x_wconf 87' lang='lat' dir='ltr'><strong>partem</strong></span> <span class='ocrx_word' id='word_1_61' title='bbox 1621 868 1817 915; x_wconf 85' lang='lat' dir='ltr'><strong>tantum,</strong></span> 
     </span>
     <span class='ocr_line' id='line_1_11' title="bbox 179 929 1542 995; baseline 0.001 -16"><span class='ocrx_word' id='word_1_62' title='bbox 179 935 308 980; x_wconf 84' lang='lat' dir='ltr'><strong>iuxta</strong></span> <span class='ocrx_word' id='word_1_63' title='bbox 329 937 671 995; x_wconf 87' lang='lat' dir='ltr'><strong>priuilegiorum</strong></span> <span class='ocrx_word' id='word_1_64' title='bbox 689 929 884 982; x_wconf 64' lang='lat' dir='ltr'><strong>formam</strong></span> <span class='ocrx_word' id='word_1_65' title='bbox 905 946 952 981; x_wconf 89' lang='lat' dir='ltr'><strong>et</strong></span> <span class='ocrx_word' id='word_1_66' title='bbox 972 938 1084 982; x_wconf 88' lang='lat' dir='ltr'><strong>iuris</strong></span> <span class='ocrx_word' id='word_1_67' title='bbox 1105 936 1542 995; x_wconf 81' lang='lat' dir='ltr'><strong>interpretationem.</strong></span> 
     </span>
     <span class='ocr_line' id='line_1_12' title="bbox 269 1010 1815 1071; baseline 0 -11"><span class='ocrx_word' id='word_1_68' title='bbox 269 1010 529 1071; x_wconf 58' lang='lat' dir='ltr'><strong>Scripturas</strong></span> <span class='ocrx_word' id='word_1_69' title='bbox 549 1022 700 1059; x_wconf 85' lang='lat' dir='ltr'><strong>autem</strong></span> <span class='ocrx_word' id='word_1_70' title='bbox 723 1030 778 1059; x_wconf 90' lang='lat' dir='ltr'><strong>ac</strong></span> <span class='ocrx_word' id='word_1_71' title='bbox 799 1015 999 1060; x_wconf 87' lang='lat' dir='ltr'><strong>rationes</strong></span> <span class='ocrx_word' id='word_1_72' title='bbox 1020 1015 1195 1060; x_wconf 88' lang='lat' dir='ltr'><strong>aeditas</strong></span> <span class='ocrx_word' id='word_1_73' title='bbox 1216 1031 1243 1059; x_wconf 90' lang='lat' dir='ltr'><strong>a</strong></span> <span class='ocrx_word' id='word_1_74' title='bbox 1273 1017 1327 1059; x_wconf 89' lang='lat' dir='ltr'><strong>R.</strong></span> <span class='ocrx_word' id='word_1_75' title='bbox 1362 1018 1417 1061; x_wconf 89' lang='lat' dir='ltr'><strong>P.</strong></span> <span class='ocrx_word' id='word_1_76' title='bbox 1447 1017 1566 1059; x_wconf 87' lang='lat' dir='ltr'><strong>Dno.</strong></span> <span class='ocrx_word' id='word_1_77' title='bbox 1604 1016 1815 1068; x_wconf 88' lang='lat' dir='ltr'><strong>Nicolao,</strong></span> 
     </span>
     <span class='ocr_line' id='line_1_13' title="bbox 179 1090 1814 1149; baseline 0.001 -15"><span class='ocrx_word' id='word_1_78' title='bbox 179 1090 419 1146; x_wconf 64' lang='lat' dir='ltr'><strong>presertim</strong></span> <span class='ocrx_word' id='word_1_79' title='bbox 455 1091 595 1145; x_wconf 90' lang='lat' dir='ltr'><strong>illam,</strong></span> <span class='ocrx_word' id='word_1_80' title='bbox 634 1107 752 1148; x_wconf 88' lang='lat' dir='ltr'><strong>quae</strong></span> <span class='ocrx_word' id='word_1_81' title='bbox 780 1093 1027 1137; x_wconf 87' lang='lat' dir='ltr'><strong>vernacula</strong></span> <span class='ocrx_word' id='word_1_82' title='bbox 1053 1092 1214 1149; x_wconf 84' lang='lat' dir='ltr'><strong>lingua</strong></span> <span class='ocrx_word' id='word_1_83' title='bbox 1243 1092 1410 1149; x_wconf 88' lang='lat' dir='ltr'><strong>scripta</strong></span> <span class='ocrx_word' id='word_1_84' title='bbox 1444 1100 1529 1145; x_wconf 88' lang='lat' dir='ltr'><strong>est,</strong></span> <span class='ocrx_word' id='word_1_85' title='bbox 1565 1101 1610 1137; x_wconf 90' lang='lat' dir='ltr'><strong>et</strong></span> <span class='ocrx_word' id='word_1_86' title='bbox 1643 1093 1814 1149; x_wconf 87' lang='lat' dir='ltr'><strong>incipit:</strong></span> 
     </span>
     <span class='ocr_line' id='line_1_14' title="bbox 181 1167 1813 1226; baseline 0 -14"><span class='ocrx_word' id='word_1_87' title='bbox 181 1167 314 1212; x_wconf 78' lang='lat' dir='ltr'><strong>«Non</strong></span> <span class='ocrx_word' id='word_1_88' title='bbox 347 1168 496 1225; x_wconf 90' lang='lat' dir='ltr'><strong>saprei</strong></span> <span class='ocrx_word' id='word_1_89' title='bbox 533 1169 577 1212; x_wconf 91' lang='lat' dir='ltr'><strong>io</strong></span> <span class='ocrx_word' id='word_1_90' title='bbox 611 1169 812 1226; x_wconf 89' lang='lat' dir='ltr'><strong>parlare»</strong></span> <span class='ocrx_word' id='word_1_91' title='bbox 852 1177 940 1213; x_wconf 90' lang='lat' dir='ltr'><strong>etc.</strong></span> <span class='ocrx_word' id='word_1_92' title='bbox 987 1172 1015 1222; x_wconf 91' lang='lat'><strong>¹,</strong></span> <span class='ocrx_word' id='word_1_93' title='bbox 1060 1169 1458 1222; x_wconf 89' lang='lat' dir='ltr'><strong>immortificatam,</strong></span> <span class='ocrx_word' id='word_1_94' title='bbox 1504 1178 1813 1226; x_wconf 85' lang='lat' dir='ltr'><strong>arrogantem,</strong></span> 
     </span>
     <span class='ocr_line' id='line_1_15' title="bbox 177 1244 1814 1303; baseline 0.002 -16"><span class='ocrx_word' id='word_1_95' title='bbox 177 1244 508 1298; x_wconf 83' lang='lat' dir='ltr'><strong>scandalosam,</strong></span> <span class='ocrx_word' id='word_1_96' title='bbox 533 1245 661 1303; x_wconf 89' lang='lat' dir='ltr'><strong>(citra</strong></span> <span class='ocrx_word' id='word_1_97' title='bbox 682 1245 908 1299; x_wconf 90' lang='lat' dir='ltr'><strong>iniuriam,</strong></span> <span class='ocrx_word' id='word_1_98' title='bbox 928 1254 1008 1290; x_wconf 89' lang='lat' dir='ltr'><strong>aut</strong></span> <span class='ocrx_word' id='word_1_99' title='bbox 1029 1246 1240 1302; x_wconf 89' lang='lat' dir='ltr'><strong>quemuis</strong></span> <span class='ocrx_word' id='word_1_100' title='bbox 1260 1246 1568 1290; x_wconf 86' lang='lat' dir='ltr'><strong>calumniandi</strong></span> <span class='ocrx_word' id='word_1_101' title='bbox 1599 1247 1814 1302; x_wconf 77' lang='lat' dir='ltr'><strong>animum)</strong></span> 
     </span>
     <span class='ocr_line' id='line_1_16' title="bbox 174 1317 1814 1381; baseline 0.003 -20"><span class='ocrx_word' id='word_1_102' title='bbox 174 1317 389 1373; x_wconf 79' lang='lat' dir='ltr'><strong>indicaui,</strong></span> <span class='ocrx_word' id='word_1_103' title='bbox 414 1330 461 1366; x_wconf 91' lang='lat' dir='ltr'><strong>et</strong></span> <span class='ocrx_word' id='word_1_104' title='bbox 480 1323 650 1366; x_wconf 90' lang='lat' dir='ltr'><strong>nedum</strong></span> <span class='ocrx_word' id='word_1_105' title='bbox 671 1323 929 1380; x_wconf 84' lang='lat' dir='ltr'><strong>professore</strong></span> <span class='ocrx_word' id='word_1_106' title='bbox 951 1323 1095 1380; x_wconf 89' lang='lat' dir='ltr'><strong>primo</strong></span> <span class='ocrx_word' id='word_1_107' title='bbox 1116 1322 1361 1368; x_wconf 89' lang='lat' dir='ltr'><strong>Societatis</strong></span> <span class='ocrx_word' id='word_1_108' title='bbox 1382 1325 1510 1381; x_wconf 91' lang='lat' dir='ltr'><strong>Jesu,</strong></span> <span class='ocrx_word' id='word_1_109' title='bbox 1542 1331 1589 1367; x_wconf 89' lang='lat' dir='ltr'><strong>et</strong></span> <span class='ocrx_word' id='word_1_110' title='bbox 1617 1324 1695 1379; x_wconf 92' lang='lat' dir='ltr'><strong>qui</strong></span> <span class='ocrx_word' id='word_1_111' title='bbox 1725 1339 1814 1380; x_wconf 79' lang='lat' dir='ltr'><strong>gu-</strong></span> 
     </span>
     <span class='ocr_line' id='line_1_17' title="bbox 176 1389 1813 1456; baseline 0.001 -15"><span class='ocrx_word' id='word_1_112' title='bbox 176 1395 384 1441; x_wconf 87' lang='lat' dir='ltr'><strong>bernium</strong></span> <span class='ocrx_word' id='word_1_113' title='bbox 411 1389 682 1456; x_wconf 85' lang='lat' dir='ltr'><strong>praetendit,</strong></span> <span class='ocrx_word' id='word_1_114' title='bbox 713 1401 1017 1456; x_wconf 90' lang='lat' dir='ltr'><strong>omnibusque</strong></span> <span class='ocrx_word' id='word_1_115' title='bbox 1046 1409 1143 1444; x_wconf 89' lang='lat' dir='ltr'><strong>tum</strong></span> <span class='ocrx_word' id='word_1_116' title='bbox 1170 1401 1443 1455; x_wconf 90' lang='lat' dir='ltr'><strong>humilitate,</strong></span> <span class='ocrx_word' id='word_1_117' title='bbox 1469 1409 1566 1444; x_wconf 92' lang='lat' dir='ltr'><strong>tum</strong></span> <span class='ocrx_word' id='word_1_118' title='bbox 1590 1401 1813 1444; x_wconf 88' lang='lat' dir='ltr'><strong>modestia</strong></span> 
     </span>
     <span class='ocr_line' id='line_1_18' title="bbox 175 1470 1808 1534; baseline 0.003 -18"><span class='ocrx_word' id='word_1_119' title='bbox 175 1470 231 1516; x_wconf 65' lang='lat' dir='ltr'><strong>ac</strong></span> <span class='ocrx_word' id='word_1_120' title='bbox 257 1475 607 1520; x_wconf 85' lang='lat' dir='ltr'><strong>mansuetudine</strong></span> <span class='ocrx_word' id='word_1_121' title='bbox 636 1478 843 1534; x_wconf 80' lang='lat' dir='ltr'><strong>exemplo</strong></span> <span class='ocrx_word' id='word_1_122' title='bbox 873 1492 975 1522; x_wconf 88' lang='lat' dir='ltr'><strong>esse</strong></span> <span class='ocrx_word' id='word_1_123' title='bbox 1001 1479 1205 1530; x_wconf 91' lang='lat' dir='ltr'><strong>deberet,</strong></span> <span class='ocrx_word' id='word_1_124' title='bbox 1241 1479 1322 1522; x_wconf 89' lang='lat' dir='ltr'><strong>sed</strong></span> <span class='ocrx_word' id='word_1_125' title='bbox 1354 1492 1412 1522; x_wconf 91' lang='lat' dir='ltr'><strong>ne</strong></span> <span class='ocrx_word' id='word_1_126' title='bbox 1440 1478 1581 1521; x_wconf 91' lang='lat' dir='ltr'><strong>milite</strong></span> <span class='ocrx_word' id='word_1_127' title='bbox 1609 1477 1808 1533; x_wconf 89' lang='lat' dir='ltr'><strong>quidem,</strong></span> 
     </span>
     <span class='ocr_line' id='line_1_19' title="bbox 173 1550 1811 1611; baseline 0.004 -18"><span class='ocrx_word' id='word_1_128' title='bbox 173 1556 253 1594; x_wconf 87' lang='lat' dir='ltr'><strong>aut</strong></span> <span class='ocrx_word' id='word_1_129' title='bbox 272 1550 371 1595; x_wconf 92' lang='lat' dir='ltr'><strong>viro</strong></span> <span class='ocrx_word' id='word_1_130' title='bbox 391 1552 591 1608; x_wconf 85' lang='lat' dir='ltr'><strong>alioquin</strong></span> <span class='ocrx_word' id='word_1_131' title='bbox 614 1553 926 1608; x_wconf 90' lang='lat' dir='ltr'><strong>immoderato,</strong></span> <span class='ocrx_word' id='word_1_132' title='bbox 952 1555 1138 1611; x_wconf 82' lang='lat' dir='ltr'><strong>dignam</strong></span> <span class='ocrx_word' id='word_1_133' title='bbox 1161 1569 1263 1599; x_wconf 91' lang='lat' dir='ltr'><strong>esse</strong></span> <span class='ocrx_word' id='word_1_134' title='bbox 1284 1556 1459 1609; x_wconf 92' lang='lat' dir='ltr'><strong>censui;</strong></span> <span class='ocrx_word' id='word_1_135' title='bbox 1486 1562 1683 1611; x_wconf 88' lang='lat' dir='ltr'><strong>cumque</strong></span> <span class='ocrx_word' id='word_1_136' title='bbox 1715 1555 1811 1611; x_wconf 89' lang='lat' dir='ltr'><strong>ipse</strong></span> 
     </span>
    </p>
   </div>
   <div class='ocr_carea' id='block_1_5' title="bbox 118 1620 1810 1688">
    <p class='ocr_par' dir='ltr' id='par_1_5' title="bbox 118 1620 1810 1688">
     <span class='ocr_line' id='line_1_20' title="bbox 118 1620 1810 1688; baseline 0.002 -18"><span class='ocrx_word' id='word_1_137' title='bbox 118 1620 121 1621; x_wconf 37' lang='lat'><em>⁷</em></span> <span class='ocrx_word' id='word_1_138' title='bbox 171 1627 297 1671; x_wconf 84' lang='lat' dir='ltr'><strong>solus</strong></span> <span class='ocrx_word' id='word_1_139' title='bbox 316 1629 604 1685; x_wconf 83' lang='lat' dir='ltr'><strong>gubernandi</strong></span> <span class='ocrx_word' id='word_1_140' title='bbox 631 1630 703 1674; x_wconf 88' lang='lat' dir='ltr'><strong>ius</strong></span> <span class='ocrx_word' id='word_1_141' title='bbox 725 1632 980 1687; x_wconf 89' lang='lat' dir='ltr'><strong>pretendat‚</strong></span> <span class='ocrx_word' id='word_1_142' title='bbox 1006 1632 1191 1687; x_wconf 90' lang='lat' dir='ltr'><strong>reliquis</strong></span> <span class='ocrx_word' id='word_1_143' title='bbox 1212 1632 1573 1688; x_wconf 84' lang='lat' dir='ltr'><strong>quiescentibus,</strong></span> <span class='ocrx_word' id='word_1_144' title='bbox 1598 1647 1689 1675; x_wconf 89' lang='lat' dir='ltr'><strong>non</strong></span> <span class='ocrx_word' id='word_1_145' title='bbox 1712 1633 1810 1675; x_wconf 88' lang='lat' dir='ltr'><strong>sine</strong></span> 
     </span>
    </p>
   </div>
   <div class='ocr_carea' id='block_1_6' title="bbox 171 1705 1808 2519">
    <p class='ocr_par' dir='ltr' id='par_1_6' title="bbox 171 1705 1808 1842">
     <span class='ocr_line' id='line_1_21' title="bbox 171 1705 1808 1766; baseline 0.003 -20"><span class='ocrx_word' id='word_1_146' title='bbox 171 1717 341 1763; x_wconf 85' lang='lat' dir='ltr'><strong>magna</strong></span> <span class='ocrx_word' id='word_1_147' title='bbox 359 1719 415 1749; x_wconf 88' lang='lat' dir='ltr'><strong>ac</strong></span> <span class='ocrx_word' id='word_1_148' title='bbox 435 1705 636 1750; x_wconf 87' lang='lat' dir='ltr'><strong>uiolenta</strong></span> <span class='ocrx_word' id='word_1_149' title='bbox 651 1707 912 1752; x_wconf 84' lang='lat' dir='ltr'><strong>ambitionis</strong></span> <span class='ocrx_word' id='word_1_150' title='bbox 929 1709 1269 1766; x_wconf 88' lang='lat' dir='ltr'><strong>presumptione</strong></span> <span class='ocrx_word' id='word_1_151' title='bbox 1286 1709 1613 1754; x_wconf 87' lang='lat' dir='ltr'><strong>conscideratis</strong></span> <span class='ocrx_word' id='word_1_152' title='bbox 1630 1709 1808 1752; x_wconf 86' lang='lat' dir='ltr'><strong>consci-</strong></span> 
     </span>
     <span class='ocr_line' id='line_1_22' title="bbox 171 1780 1604 1842; baseline 0.003 -18"><span class='ocrx_word' id='word_1_153' title='bbox 171 1780 384 1825; x_wconf 88' lang='lat' dir='ltr'><strong>derandis</strong></span> <span class='ocrx_word' id='word_1_154' title='bbox 403 1782 502 1827; x_wconf 87' lang='lat' dir='ltr'><strong>fieri</strong></span> <span class='ocrx_word' id='word_1_155' title='bbox 522 1784 726 1840; x_wconf 89' lang='lat' dir='ltr'><strong>potuisse</strong></span> <span class='ocrx_word' id='word_1_156' title='bbox 747 1785 1019 1830; x_wconf 85' lang='lat' dir='ltr'><strong>existimaui.</strong></span> <span class='ocrx_word' id='word_1_157' title='bbox 1047 1787 1096 1829; x_wconf 94' lang='lat' dir='ltr'><strong>In</strong></span> <span class='ocrx_word' id='word_1_158' title='bbox 1120 1801 1315 1842; x_wconf 88' lang='lat' dir='ltr'><strong>quorum</strong></span> <span class='ocrx_word' id='word_1_159' title='bbox 1337 1787 1490 1838; x_wconf 86' lang='lat' dir='ltr'><strong>fidem,</strong></span> <span class='ocrx_word' id='word_1_160' title='bbox 1515 1794 1604 1829; x_wconf 90' lang='lat' dir='ltr'><strong>etc.</strong></span> 
     </span>
    </p>

    <p class='ocr_par' dir='ltr' id='par_1_7' title="bbox 242 1859 1352 1919">
     <span class='ocr_line' id='line_1_23' title="bbox 242 1859 1352 1919; baseline 0.005 -18"><span class='ocrx_word' id='word_1_161' title='bbox 242 1859 430 1919; x_wconf 81' lang='lat' dir='ltr'><strong>-Datum</strong></span> <span class='ocrx_word' id='word_1_162' title='bbox 453 1861 640 1912; x_wconf 89' lang='lat' dir='ltr'><strong>Romae,</strong></span> <span class='ocrx_word' id='word_1_163' title='bbox 664 1862 739 1906; x_wconf 91' lang='lat' dir='ltr'><strong>die</strong></span> <span class='ocrx_word' id='word_1_164' title='bbox 760 1863 803 1918; x_wconf 84' lang='lat' dir='ltr'><strong>xj</strong></span> <span class='ocrx_word' id='word_1_165' title='bbox 827 1863 1098 1908; x_wconf 86' lang='lat' dir='ltr'><strong>Settembris</strong></span> <span class='ocrx_word' id='word_1_166' title='bbox 1121 1877 1309 1908; x_wconf 78' lang='lat' dir='ltr'><strong>M.D.Lvl</strong></span> <span class='ocrx_word' id='word_1_167' title='bbox 1313 1877 1352 1917; x_wconf 87' lang='lat' dir='ltr'><strong>J.</strong></span> 
     </span>
    </p>

    <p class='ocr_par' dir='ltr' id='par_1_8' title="bbox 171 1935 1806 2068">
     <span class='ocr_line' id='line_1_24' title="bbox 255 1935 1806 1996; baseline 0.002 -18"><span class='ocrx_word' id='word_1_168' title='bbox 255 1935 294 1978; x_wconf 91' lang='lat' dir='ltr'>F</span> <span class='ocrx_word' id='word_1_169' title='bbox 298 1948 473 1983; x_wconf 76' lang='lat' dir='ltr'>ULUIUS</span> <span class='ocrx_word' id='word_1_170' title='bbox 515 1939 824 1992; x_wconf 75' lang='lat' dir='ltr'><strong>ANDRo‘rms,</strong></span> <span class='ocrx_word' id='word_1_171' title='bbox 864 1940 1069 1983; x_wconf 84' lang='lat' dir='ltr'><strong>eiusdem</strong></span> <span class='ocrx_word' id='word_1_172' title='bbox 1106 1939 1348 1984; x_wconf 85' lang='lat' dir='ltr'><strong>Societatis</strong></span> <span class='ocrx_word' id='word_1_173' title='bbox 1385 1940 1614 1996; x_wconf 87' lang='lat' dir='ltr'><strong>sacerdos,</strong></span> <span class='ocrx_word' id='word_1_174' title='bbox 1666 1955 1806 1982; x_wconf 86' lang='lat' dir='ltr'><strong>manu</strong></span> 
     </span>
     <span class='ocr_line' id='line_1_25' title="bbox 171 2023 366 2068; baseline 0.005 -14"><span class='ocrx_word' id='word_1_175' title='bbox 171 2023 366 2068; x_wconf 83' lang='lat' dir='ltr'><strong>propna.</strong></span> 
     </span>
    </p>

    <p class='ocr_par' dir='ltr' id='par_1_9' title="bbox 478 2123 1491 2519">
     <span class='ocr_line' id='line_1_26' title="bbox 950 2123 1027 2166; baseline -0.013 0"><span class='ocrx_word' id='word_1_176' title='bbox 950 2123 1027 2166; x_wconf 70' lang='lat'><strong>13</strong></span> 
     </span>
     <span class='ocr_line' id='line_1_27' title="bbox 478 2204 1491 2252; baseline 0.005 -6"><span class='ocrx_word' id='word_1_177' title='bbox 478 2204 548 2247; x_wconf 91' lang='grc' dir='ltr'><strong>Ρ.</strong></span> <span class='ocrx_word' id='word_1_178' title='bbox 603 2205 1077 2250; x_wconf 83' lang='lat' dir='ltr'><strong>HlERONYMI</strong></span> <span class='ocrx_word' id='word_1_179' title='bbox 1129 2208 1491 2252; x_wconf 92' lang='lat' dir='ltr'><strong>NATALIS</strong></span> 
     </span>
     <span class='ocr_line' id='line_1_28' title="bbox 629 2307 1352 2340; baseline 0.004 -3"><span class='ocrx_word' id='word_1_180' title='bbox 629 2307 897 2339; x_wconf 78' lang='lat' dir='ltr'><strong>RESPONsm</strong></span> <span class='ocrx_word' id='word_1_181' title='bbox 931 2310 1352 2340; x_wconf 80' lang='lat' dir='ltr'>ACCUSATIONIBUS</span> 
     </span>
     <span class='ocr_line' id='line_1_29' title="bbox 582 2387 1386 2427; baseline 0.004 -4"><span class='ocrx_word' id='word_1_182' title='bbox 582 2387 632 2424; x_wconf 92' lang='lat' dir='ltr'><strong>P.</strong></span> <span class='ocrx_word' id='word_1_183' title='bbox 680 2388 943 2426; x_wconf 90' lang='lat' dir='ltr'>NICOLAI</span> <span class='ocrx_word' id='word_1_184' title='bbox 983 2389 1386 2427; x_wconf 85' lang='lat' dir='ltr'><strong>BOBADILLAE</strong></span> 
     </span>
     <span class='ocr_line' id='line_1_30' title="bbox 664 2472 1308 2519; baseline 0.008 -12"><span class='ocrx_word' id='word_1_185' title='bbox 664 2479 824 2517; x_wconf 68' lang='lat' dir='ltr'><strong>Roma,</strong></span> <span class='ocrx_word' id='word_1_186' title='bbox 852 2481 1050 2508; x_wconf 70' lang='lat' dir='ltr'><strong>Aucus’ro</strong></span> <span class='ocrx_word' id='word_1_187' title='bbox 1076 2472 1136 2519; x_wconf 69' lang='grc' dir='ltr'><strong>(ἓ)</strong></span> <span class='ocrx_word' id='word_1_188' title='bbox 1165 2482 1254 2519; x_wconf 85' lang='lat'>1557</span> <span class='ocrx_word' id='word_1_189' title='bbox 1280 2477 1308 2512; x_wconf 69' lang='lat'><strong>2.</strong></span> 
     </span>
    </p>
   </div>
   <div class='ocr_carea' id='block_1_7' title="bbox 513 2554 1444 2604">
    <p class='ocr_par' dir='ltr' id='par_1_10' title="bbox 513 2554 1444 2604">
     <span class='ocr_line' id='line_1_31' title="bbox 513 2554 1444 2604; baseline 0.004 -16"><span class='ocrx_word' id='word_1_190' title='bbox 513 2554 766 2590; x_wconf 80' lang='lat' dir='ltr'><strong>Adversaria</strong></span> <span class='ocrx_word' id='word_1_191' title='bbox 798 2556 968 2591; x_wconf 84' lang='lat' dir='ltr'><strong>actionis</strong></span> <span class='ocrx_word' id='word_1_192' title='bbox 1009 2556 1081 2591; x_wconf 86' lang='lat' dir='ltr'><strong>sub</strong></span> <span class='ocrx_word' id='word_1_193' title='bbox 1113 2569 1155 2592; x_wconf 87' lang='lat' dir='ltr'><strong>n.</strong></span> <span class='ocrx_word' id='word_1_194' title='bbox 1193 2565 1243 2602; x_wconf 82' lang='lat'><strong>15</strong></span> <span class='ocrx_word' id='word_1_195' title='bbox 1274 2558 1444 2604; x_wconf 82' lang='lat' dir='ltr'><strong>positae.</strong></span> 
     </span>
    </p>
   </div>
   <div class='ocr_carea' id='block_1_8' title="bbox 253 2641 1794 2703">
    <p class='ocr_par' dir='ltr' id='par_1_11' title="bbox 253 2641 1794 2703">
     <span class='ocr_line' id='line_1_32' title="bbox 253 2641 1794 2703; baseline 0.001 -18"><span class='ocrx_word' id='word_1_196' title='bbox 253 2641 383 2697; x_wconf 79' lang='lat' dir='ltr'><strong>Quas</strong></span> <span class='ocrx_word' id='word_1_197' title='bbox 402 2656 564 2692; x_wconf 77' lang='lat' dir='ltr'><strong>causas</strong></span> <span class='ocrx_word' id='word_1_198' title='bbox 590 2645 776 2688; x_wconf 85' lang='lat' dir='ltr'><strong>adducit</strong></span> <span class='ocrx_word' id='word_1_199' title='bbox 795 2647 870 2689; x_wconf 90' lang='lat' dir='ltr'><strong>-N.</strong></span> <span class='ocrx_word' id='word_1_200' title='bbox 902 2654 935 2698; x_wconf 73' lang='lat'><strong>²,</strong></span> <span class='ocrx_word' id='word_1_201' title='bbox 967 2661 1043 2690; x_wconf 88' lang='lat' dir='ltr'><strong>eas</strong></span> <span class='ocrx_word' id='word_1_202' title='bbox 1081 2647 1258 2703; x_wconf 86' lang='lat' dir='ltr'><strong>colligit</strong></span> <span class='ocrx_word' id='word_1_203' title='bbox 1285 2662 1310 2690; x_wconf 93' lang='lat' dir='ltr'><strong>e</strong></span> <span class='ocrx_word' id='word_1_204' title='bbox 1339 2647 1506 2689; x_wconf 79' lang='lat' dir='ltr'><strong>iudicio</strong></span> <span class='ocrx_word' id='word_1_205' title='bbox 1537 2655 1794 2688; x_wconf 81' lang='lat' dir='ltr'><strong>nostrarum</strong></span> 
     </span>
    </p>
   </div>
   <div class='ocr_carea' id='block_1_9' title="bbox 234 2765 1400 2814">
    <p class='ocr_par' dir='ltr' id='par_1_12' title="bbox 234 2765 1400 2814">
     <span class='ocr_line' id='line_1_33' title="bbox 234 2765 1400 2814; baseline 0.004 -14"><span class='ocrx_word' id='word_1_206' title='bbox 234 2774 253 2792; x_wconf 78' lang='lat'><em>²</em></span> <span class='ocrx_word' id='word_1_207' title='bbox 278 2765 450 2812; x_wconf 85' lang='lat' dir='ltr'><strong>Autogr.</strong></span> <span class='ocrx_word' id='word_1_208' title='bbox 473 2767 536 2803; x_wconf 88' lang='lat' dir='ltr'><strong>hic</strong></span> <span class='ocrx_word' id='word_1_209' title='bbox 553 2773 594 2803; x_wconf 89' lang='lat' dir='ltr'><strong>et</strong></span> <span class='ocrx_word' id='word_1_210' title='bbox 612 2767 726 2814; x_wconf 84' lang='lat' dir='ltr'><strong>infra,</strong></span> <span class='ocrx_word' id='word_1_211' title='bbox 745 2769 990 2806; x_wconf 87' lang='lat' dir='ltr'><strong>Bobadillam</strong></span> <span class='ocrx_word' id='word_1_212' title='bbox 1009 2770 1139 2806; x_wconf 84' lang='lat' dir='ltr'><strong>littera</strong></span> <span class='ocrx_word' id='word_1_213' title='bbox 1159 2771 1210 2806; x_wconf 91' lang='lat' dir='ltr'><strong>N.</strong></span> <span class='ocrx_word' id='word_1_214' title='bbox 1238 2770 1400 2806; x_wconf 87' lang='lat' dir='ltr'><strong>indicat.</strong></span> 
     </span>
    </p>
   </div>
   <div class='ocr_carea' id='block_1_10' title="bbox 167 2839 430 2848">
    <p class='ocr_par' dir='ltr' id='par_1_13' title="bbox 167 2839 430 2848">
     <span class='ocr_line' id='line_1_34' title="bbox 167 2839 430 2848; baseline 0 622"><span class='ocrx_word' id='word_1_215' title='bbox 167 2839 430 2848; x_wconf 95' lang='lat' dir='ltr'><strong> </strong></span> 
     </span>
    </p>
   </div>
   <div class='ocr_carea' id='block_1_11' title="bbox 49 2878 1539 2930">
    <p class='ocr_par' dir='ltr' id='par_1_14' title="bbox 49 2878 1539 2930">
     <span class='ocr_line' id='line_1_35' title="bbox 49 2878 1539 2930; baseline 0.003 -17"><span class='ocrx_word' id='word_1_216' title='bbox 49 2881 54 2885; x_wconf 88' lang='lat'>&#39;</span> <span class='ocrx_word' id='word_1_217' title='bbox 115 2917 119 2922; x_wconf 51' lang='grc'><strong><em>,</em></strong></span> <span class='ocrx_word' id='word_1_218' title='bbox 155 2895 180 2920; x_wconf 70' lang='grc'><strong>4,</strong></span> <span class='ocrx_word' id='word_1_219' title='bbox 238 2878 249 2900; x_wconf 82' lang='lat'>¹</span> <span class='ocrx_word' id='word_1_220' title='bbox 299 2879 386 2915; x_wconf 92' lang='lat' dir='ltr'><strong>Hoc</strong></span> <span class='ocrx_word' id='word_1_221' title='bbox 403 2887 697 2917; x_wconf 87' lang='lat' dir='ltr'><strong>monumentum</strong></span> <span class='ocrx_word' id='word_1_222' title='bbox 714 2881 863 2918; x_wconf 90' lang='lat' dir='ltr'><strong>editum</strong></span> <span class='ocrx_word' id='word_1_223' title='bbox 879 2884 1001 2919; x_wconf 88' lang='lat' dir='ltr'><strong>habes</strong></span> <span class='ocrx_word' id='word_1_224' title='bbox 1020 2884 1214 2930; x_wconf 85' lang='lat' dir='ltr'><strong>superius,</strong></span> <span class='ocrx_word' id='word_1_225' title='bbox 1234 2885 1306 2919; x_wconf 87' lang='lat' dir='ltr'><strong>sub</strong></span> <span class='ocrx_word' id='word_1_226' title='bbox 1326 2894 1486 2919; x_wconf 87' lang='lat' dir='ltr'><strong>numero</strong></span> <span class='ocrx_word' id='word_1_227' title='bbox 1504 2895 1539 2927; x_wconf 77' lang='lat'><strong>4.</strong></span> 
     </span>
    </p>
   </div>
   <div class='ocr_carea' id='block_1_12' title="bbox 161 2932 1794 3164">
    <p class='ocr_par' dir='ltr' id='par_1_15' title="bbox 161 2932 1794 3164">
     <span class='ocr_line' id='line_1_36' title="bbox 232 2932 1793 2990; baseline 0.002 -17"><span class='ocrx_word' id='word_1_228' title='bbox 232 2932 248 2959; x_wconf 52' lang='grc' dir='ltr'>ἐ</span> <span class='ocrx_word' id='word_1_229' title='bbox 298 2938 356 2973; x_wconf 84' lang='lat' dir='ltr'><strong>Ex</strong></span> <span class='ocrx_word' id='word_1_230' title='bbox 372 2940 627 2986; x_wconf 87' lang='lat' dir='ltr'><strong>autographo,</strong></span> <span class='ocrx_word' id='word_1_231' title='bbox 647 2939 687 2975; x_wconf 89' lang='lat' dir='ltr'><strong>in</strong></span> <span class='ocrx_word' id='word_1_232' title='bbox 704 2940 842 2977; x_wconf 91' lang='lat' dir='ltr'><strong>codice</strong></span> <span class='ocrx_word' id='word_1_233' title='bbox 861 2942 922 2977; x_wconf 86' lang='lat' dir='ltr'><strong>De</strong></span> <span class='ocrx_word' id='word_1_234' title='bbox 939 2943 1055 2978; x_wconf 81' lang='lat' dir='ltr'><strong>rebus</strong></span> <span class='ocrx_word' id='word_1_235' title='bbox 1069 2954 1212 2990; x_wconf 81' lang='lat' dir='ltr'><strong>congr,</strong></span> <span class='ocrx_word' id='word_1_236' title='bbox 1228 2955 1322 2990; x_wconf 85' lang='lat' dir='ltr'><strong>gen.</strong></span> <span class='ocrx_word' id='word_1_237' title='bbox 1346 2943 1380 2976; x_wconf 89' lang='lat' dir='ltr'><strong>I·</strong></span> <span class='ocrx_word' id='word_1_238' title='bbox 1394 2944 1433 2983; x_wconf 79' lang='lat' dir='ltr'><strong>V,</strong></span> <span class='ocrx_word' id='word_1_239' title='bbox 1455 2942 1520 2977; x_wconf 83' lang='lat' dir='ltr'><strong>fol.</strong></span> <span class='ocrx_word' id='word_1_240' title='bbox 1543 2941 1663 2984; x_wconf 72' lang='lat'><strong>29-33.</strong></span> <span class='ocrx_word' id='word_1_241' title='bbox 1693 2942 1793 2977; x_wconf 87' lang='lat' dir='ltr'><strong>Sunt</strong></span> 
     </span>
     <span class='ocr_line' id='line_1_37' title="bbox 162 2997 1793 3048; baseline 0.002 -17"><span class='ocrx_word' id='word_1_242' title='bbox 162 3000 293 3032; x_wconf 78' lang='lat' dir='ltr'><strong>autem</strong></span> <span class='ocrx_word' id='word_1_243' title='bbox 309 2997 406 3032; x_wconf 89' lang='lat' dir='ltr'><strong>haec</strong></span> <span class='ocrx_word' id='word_1_244' title='bbox 423 2997 658 3044; x_wconf 88' lang='lat' dir='ltr'><strong>adversaria,</strong></span> <span class='ocrx_word' id='word_1_245' title='bbox 677 3011 777 3046; x_wconf 83' lang='lat' dir='ltr'><strong>quae</strong></span> <span class='ocrx_word' id='word_1_246' title='bbox 801 3001 952 3037; x_wconf 87' lang='lat' dir='ltr'><strong>Natalis</strong></span> <span class='ocrx_word' id='word_1_247' title='bbox 969 3003 1123 3048; x_wconf 85' lang='lat' dir='ltr'><strong>propria</strong></span> <span class='ocrx_word' id='word_1_248' title='bbox 1142 3014 1258 3037; x_wconf 88' lang='lat' dir='ltr'><strong>manu</strong></span> <span class='ocrx_word' id='word_1_249' title='bbox 1276 3002 1462 3047; x_wconf 80' lang='lat' dir='ltr'><strong>exaravit,</strong></span> <span class='ocrx_word' id='word_1_250' title='bbox 1486 3002 1524 3035; x_wconf 90' lang='lat' dir='ltr'><strong>ni</strong></span> <span class='ocrx_word' id='word_1_251' title='bbox 1543 3001 1723 3046; x_wconf 83' lang='lat' dir='ltr'><strong>fallimur,</strong></span> <span class='ocrx_word' id='word_1_252' title='bbox 1746 3001 1793 3035; x_wconf 89' lang='lat' dir='ltr'><strong>ad</strong></span> 
     </span>
     <span class='ocr_line' id='line_1_38' title="bbox 161 3055 1790 3107; baseline 0.002 -17"><span class='ocrx_word' id='word_1_253' title='bbox 161 3055 488 3102; x_wconf 83' lang='lat' dir='ltr'><strong>respondendum,</strong></span> <span class='ocrx_word' id='word_1_254' title='bbox 506 3069 637 3094; x_wconf 85' lang='lat' dir='ltr'><strong>coram</strong></span> <span class='ocrx_word' id='word_1_255' title='bbox 653 3058 839 3095; x_wconf 83' lang='lat' dir='ltr'><strong>cardinali</strong></span> <span class='ocrx_word' id='word_1_256' title='bbox 858 3060 1061 3107; x_wconf 86' lang='lat' dir='ltr'><strong>Carpensi,</strong></span> <span class='ocrx_word' id='word_1_257' title='bbox 1082 3061 1290 3096; x_wconf 83' lang='lat' dir='ltr'><strong>Societatis</strong></span> <span class='ocrx_word' id='word_1_258' title='bbox 1310 3066 1541 3106; x_wconf 85' lang='lat' dir='ltr'><strong>protectore,</strong></span> <span class='ocrx_word' id='word_1_259' title='bbox 1563 3059 1790 3094; x_wconf 83' lang='lat' dir='ltr'><strong>Bobadillae</strong></span> 
     </span>
     <span class='ocr_line' id='line_1_39' title="bbox 164 3114 1794 3164; baseline 0.002 -15"><span class='ocrx_word' id='word_1_260' title='bbox 164 3114 478 3152; x_wconf 86' lang='lat' dir='ltr'><strong>accusationibus</strong></span> <span class='ocrx_word' id='word_1_261' title='bbox 507 3117 546 3152; x_wconf 87' lang='lat' dir='ltr'><strong>in</strong></span> <span class='ocrx_word' id='word_1_262' title='bbox 577 3117 778 3164; x_wconf 84' lang='lat' dir='ltr'><strong>Lainium,</strong></span> <span class='ocrx_word' id='word_1_263' title='bbox 804 3119 1016 3155; x_wconf 83' lang='lat' dir='ltr'><strong>Polancum</strong></span> <span class='ocrx_word' id='word_1_264' title='bbox 1047 3125 1087 3155; x_wconf 89' lang='lat' dir='ltr'><strong>et</strong></span> <span class='ocrx_word' id='word_1_265' title='bbox 1118 3119 1296 3155; x_wconf 86' lang='lat' dir='ltr'><strong>Natalem</strong></span> <span class='ocrx_word' id='word_1_266' title='bbox 1331 3118 1510 3154; x_wconf 82' lang='lat' dir='ltr'><strong>incussis.</strong></span> <span class='ocrx_word' id='word_1_267' title='bbox 1544 3118 1605 3154; x_wconf 83' lang='lat' dir='ltr'><strong>Cf.</strong></span> <span class='ocrx_word' id='word_1_268' title='bbox 1632 3118 1794 3152; x_wconf 70' lang='lat' dir='ltr'><strong>NataIis</strong></span> 
     </span>
    </p>
   </div>
  </div>
 </body>
</html>
