2098 3470
199 0 587 58 guen-wfvw

151 36 158 43 ⁵
191 38 227 47 ·““·
246 41 250 43 ’
275 46 278 51 ι
378 43 383 53 ⁴
413 35 419 39 ¹
461 47 466 52 -
508 40 529 51 .'
582 35 586 38 '

609 260 885 303 Monmnznn
908 269 1166 302 pnovmcmz
1191 265 1528 311 Rufinam—54
1757 265 1827 311 327

325 367 576 412 Coadiutor
595 367 695 412 coci
715 380 962 425 germanus
989 366 1205 410 ¹vvidetur
1224 366 1362 410 etiam
1383 366 1672 423 recipiendus
1694 368 1752 411 ad
1769 382 1872 424 pro-

238 443 487 499 bationem,
510 445 646 488 modo
661 443 759 501 ipse
779 444 826 487 id
848 451 972 501 petat
988 457 1045 488 ex
1067 458 1132 496 se,
1158 458 1252 487 non
1276 451 1428 487 motus
1460 445 1516 486 ab
1546 445 1713 499 aliquo:
1740 453 1870 501 pote-

239 521 298 564 rit
319 528 472 565 tamen
494 522 700 567 modeste
722 521 874 578 dirigi.
1864 517 1867 528 ’

286 588 293 593 ’
327 598 588 642 Luminaria
602 599 694 642 duo
716 605 943 655 ponantur
963 598 1009 641 in
1032 597 1144 641 locis
1167 597 1376 654 publicis,
1403 598 1789 655 prouideaturque
1811 601 1869 644 de

237 676 373 718 modo
393 677 586 719 honesto
608 683 655 721 et
675 674 968 720 conuenienti
991 674 1068 718 vbi
1089 681 1136 720 et
1158 675 1386 730 quomodo
1403 676 1666 718 collocanda
1683 687 1805 720 sunt.
1859 736 1861 738 -

328 751 638 797 Ministrantes
658 766 844 796 mensae
864 751 1122 795 ministrent
1144 759 1360 807 cooperto
1381 750 1547 807 capite.

328 829 559 885 Campana
596 830 851 872 scholarum
887 829 1021 871 detur
1057 828 1241 885 signum
1263 827 1311 870 in
1341 843 1521 880 aurora,
1551 836 1597 871 et
1621 830 1797 885 vesperi
1821 830 1866 872 in

197 920 211 933 ·
235 906 506 962 crepusculo
526 905 674 949 noctis
693 913 741 950 et
756 905 942 949 meridie
963 906 1029 949 ad·
1041 905 1293 949 orationem
1317 920 1397 961 per
1414 914 1506 948 tres
1524 906 1684 962 pulsus
1700 908 1872 951 breues

171 983 173 986 ’
237 982 439 1039 qualibet
458 982 558 1027 vice
579 997 683 1030 cum
704 983 856 1038 aliquo
875 983 1134 1028 interuallo:
1159 982 1344 1039 signum
1367 983 1621 1026 communis
1650 983 1867 1028 orationis

237 1059 437 1117 collegii,
463 1067 552 1103 tam
576 1074 724 1113 mane,
749 1075 886 1115 quam
917 1046 1112 1116 vesperi,
1152 1059 1335 1103 dabitur
1372 1074 1455 1115 per
1492 1073 1760 1115 campanam
1784 1062 1865 1104 do-

237 1135 487 1181 mesticam.

324 1213 488 1257 Vestes
520 1215 730 1258 suffultas
767 1212 959 1271 pellibus
995 1214 1148 1256 nullus
1179 1220 1350 1265 Vtatur,
1381 1228 1438 1256 ne
1461 1213 1744 1269 prouintialis
1766 1215 1866 1270 qui—

233 1290 354 1343 dem,
378 1289 466 1333 nisi
487 1290 527 1334 si
548 1290 650 1346 quis
669 1290 876 1334 infirmus
896 1290 972 1344 sit,
995 1298 1042 1334 et
1063 1290 1127 1332 illi
1147 1290 1356 1333 videatur
1379 1289 1480 1333 talis
1497 1290 1637 1334 vestis
1660 1306 1867 1335 necessa-

236 1365 321 1421 ria,
344 1381 429 1410 nec
450 1367 584 1410 aliam
606 1368 867 1411 conficiant.

322 1444 653 1488 Intermittatur
673 1444 921 1501 processio,
946 1459 1063 1501 quae
1083 1446 1306 1489 hactenus
1335 1446 1456 1488 facta
1483 1452 1553 1488 est
1581 1451 1740 1489 contra
1770 1454 1866 1489 tur-

234 1535 353 1574 cam,
377 1527 424 1565 et
445 1521 547 1565 loco
583 1521 719 1575 illius,
758 1529 997 1578 postquam
1035 1521 1217 1565 missam
1255 1521 1448 1565 audiunt
1471 1522 1679 1575 studiosi,
1711 1523 1870 1580 legant

235 1597 448 1644 lithanias
468 1598 632 1644 diebus
654 1598 883 1645 mercurii.

320 1675 424 1719 Fiat
443 1683 696 1733 suggestus
716 1675 763 1719 in
780 1677 935 1719 schola
952 1676 1276 1720 humaniorum
1293 1678 1543 1731 literarum,
1564 1686 1609 1722 et
1627 1678 1867 1722 consilium
1932 1730 1938 1734 .

157 1755 165 1761 '
230 1752 541 1797 vniuersitatis
567 1760 612 1797 et
641 1753 872 1797 facultatis
898 1753 1063 1796 artium
1090 1755 1316 1798 habeatur
1337 1755 1383 1798 in
1416 1756 1563 1800 classe
1592 1756 1867 1812 theologiae;

227 1831 351 1888 quod
371 1829 410 1873 si
431 1829 523 1873 illic
545 1830 624 1873 fiat
644 1829 890 1887 pulpitum,
915 1845 1006 1874 non
1028 1831 1289 1887 opportebit
1312 1839 1490 1877 mutare
1512 1833 1773 1876 concilium.

318 1907 394 1951 Ad
414 1906 693 1951 ientaculum
721 1906 908 1952 veniant
946 1908 1108 1951 fratres
1135 1907 1286 1961 simul3
1321 1910 1443 1964 quod
1466 1909 1503 1952 si
1537 1910 1700 1965 aliquis
1731 1911 1869 1953 fuerit

229 1983 487 2029 necessario
508 1983 753 2040 impeditus
773 1998 828 2028 eo
856 1991 1078 2041 tempore,
1102 1984 1166 2028 illi
1188 1992 1339 2041 potest
1367 1987 1558 2031 concedi
1588 1987 1865 2031 ientaculum

228 2061 302 2105 vel
322 2060 407 2104 soli
427 2061 502 2105 vel
522 2075 628 2103 cum
656 2060 815 2118 paucis
842 2061 1048 2104 similiter
1075 2061 1318 2118 impeditis3
1350 2064 1484 2107 detur
1512 2078 1622 2107 vero
1653 2078 1763 2107 cura
1786 2064 1862 2106 vni

228 2151 406 2191 eorum,
431 2137 508 2194 qui
529 2137 724 2181 audiunt
740 2152 920 2182 sacrum
943 2139 1271 2192 studiosorum,
1296 2147 1363 2193 vt,
1388 2141 1464 2183 vbi
1495 2141 1712 2186 redierint
1735 2155 1790 2184 ex
1812 2155 1869 2183 eo

227 2228 375 2268 sacro,
399 2215 551 2258 ‘statim
574 2215 690 2258 duos
710 2216 869 2271 pulsus
890 2216 968 2260 det
989 2230 1224 2272 campana,
1250 2217 1417 2272 quibus
1445 2218 1731 2274 significetur
1753 2232 1864 2261 euo-

228 2291 322 2335 cari
342 2292 400 2336 ad
420 2291 698 2336 ientaculum
715 2307 810 2345 eos,
835 2293 914 2348 qui
935 2293 1083 2336 solent
1105 2307 1160 2338 eo
1179 2293 1262 2336 vti.

316 2368 483 2414 Missae
510 2369 671 2412 nullibi
697 2370 985 2414 celebrentur
1022 2369 1130 2413 foris
1150 2371 1208 2414 ad
1244 2371 1521 2428 supplendas
1557 2372 1864 2428 obligationes

214 2439 402 2498 eorum,
426 2445 504 2501 qui
522 2453 736 2491 tenentur
756 2461 834 2491 eas
849 2447 1096 2500 celebrare;
1116 2455 1332 2503 poterunt
1355 2456 1505 2491 tamen
1524 2449 1768 2505 aliquando
1787 2463 1866 2492 ce-

227 2521 392 2565 lebrari
413 2521 497 2578 pro
517 2523 788 2566 monialibus
816 2523 862 2566 in
899 2523 998 2566 istis
1035 2523 1180 2567 tribus
1216 2525 1506 2569 monasteriis
1543 2526 1689 2568 sancti
1718 2527 1860 2568 Fran-

228 2597 355 2652 cisci,
379 2599 584 2642 albarum
605 2607 652 2644 et
673 2607 856 2644 sanctae
874 2600 1070 2657 Agnetis
1091 2609 1138 2646 et
1155 2601 1269 2655 aliis,
1289 2603 1553 2658 praesertim
1573 2602 1647 2644 vbi
1666 2602 1865 2644 domini-

227 2674 293 2719 cis
314 2683 394 2719 aut
430 2666 558 2721 festis
594 2677 756 2721 diebus
777 2678 997 2722 deberent
1034 2692 1188 2723 carere
1209 2693 1355 2733 sacro,
1381 2687 1425 2722 et
1458 2679 1533 2721 vbi
1557 2679 1752 2721 sciamus
1781 2692 1860 2721 eas

226 2753 352 2796 nulla
373 2752 548 2798 ratione
569 2768 705 2810 posse
726 2755 896 2799 habere
917 2754 996 2809 qui
1018 2755 1215 2799 celebret
1223 2770 1232 2808 3
1253 2763 1299 2799 et
1318 2763 1467 2798 tamen
1488 2756 1613 2798 nullo
1630 2764 1763 2810 pacto
1781 2755 1862 2797 fiat

225 2828 466 2884 ordinarie,
489 2845 548 2874 ne
570 2831 825 2887 frequentia
847 2838 927 2874 aut
948 2833 1234 2876 consuetudo
1251 2832 1393 2889 pariat
1411 2832 1752 2888 obligationem,
1775 2844 1863 2874 nec

225 2905 362 2949 simul
382 2906 428 2949 in
450 2907 604 2951 multis
625 2907 755 2957 locis.

297 3014 308 3034 ¹
358 3011 487 3049 Cocus
500 3013 657 3060 collegii
675 3019 759 3050 erat
777 3015 948 3060 Joannes
966 3016 1107 3052 Faber.
1122 3015 1186 3052 Cf.
1206 3018 1427 3062 catalogum
1448 3015 1538 3051 anni
1562 3016 1650 3061 1567
1677 3027 1791 3062 supra
1806 3017 1863 3051 al—

222 3071 416 3116 legatum.
