2098 3470
775 241 1124 278 supremarum(
1133 241 1222 277 -26
1695 243 1769 290 &79

144 370 154 378 ·
169 345 314 390 misso
333 344 424 389 iam
444 350 742 401 praeceptore
759 343 958 398 quodam
981 342 1122 399 gallo,
1140 357 1275 398 quem
1298 343 1501 400 ipsorum
1518 344 1667 401 gratia
1684 359 1713 400 4
1729 361 1814 389 an-

172 436 261 467 nos
296 421 419 466 domi
450 421 674 473 aluerant3
702 426 1007 475 curatumque
1043 420 1239 476 amplius
1277 428 1328 463 ut
1361 420 1448 464 illis
1485 421 1814 479 adiungeretur

165 499 357 556 quidam
384 498 705 555 paedagogus,
735 496 815 552 qui
841 510 921 540 eos
948 497 1006 540 ad
1034 497 1216 540 scholas
1238 498 1443 549 duceret,
1475 505 1521 541 et
1550 499 1808 552 reduceret,

170 577 347 633 absque
367 589 460 631 quo
480 574 570 618 illis
590 573 761 630 alioqui
783 588 842 618 ne
862 573 1049 616 domum
1072 573 1256 628 quidem
1283 574 1441 631 egredi
1463 575 1645 620 licebat.

261 655 371 698 Post
387 654 472 696 hos
486 652 618 703 duOS,
628 651 928 707 paedagogus
944 650 1128 694 tandem
1145 650 1330 705 quidam
1348 652 1577 704 sacerdos,
1590 652 1658 695 vir
1676 668 1806 710 egre·

164 730 272 787 gius
285 737 333 774 et
348 731 499 773 Deum
517 727 697 779 timens,
717 741 774 771 ex
791 727 991 782 quodam
1011 726 1180 783 oppido
1200 723 1287 769 fuit
1309 737 1545 780 evocatus,
1569 738 1619 772 ut
1641 744 1808 786 puero-

166 821 270 851 rum
287 820 445 850 curam
468 804 736 861 susciperet,
761 804 839 860 qui
862 817 1050 847 munere
1073 818 1158 846 suo
1174 803 1524 860 diligentissime
1542 807 1808 862 perfunctus

161 892 252 937 est,
275 890 322 927 et
343 882 645 934 sanctissime3
672 896 779 925 mox
801 881 920 924 enim
944 881 1123 924 curavit
1146 890 1197 924 ut
1225 881 1312 924 illis
1342 890 1610 926 emerentur
1649 898 1807 939 preces

139 962 219 1005 „13.
245 959 466 1016 Virginis,
493 966 539 1003 et
561 973 773 1010 coronae,
799 957 1070 1014 curavitque
1095 965 1143 1001 ut
1165 972 1321 1001 secum
1347 960 1484 1001 horas
1506 973 1659 1002 sacras
1691 960 1806 1003 reci·

164 1045 330 1090 tarent,
355 1045 401 1082 et
423 1044 474 1080 ut
495 1050 632 1092 saepe
653 1036 861 1092 legerent
883 1036 1023 1078 libros
1044 1035 1320 1092 spirituales,
1346 1037 1403 1079 ad
1426 1051 1542 1097 quae
1564 1036 1806 1081 difficulter

165 1114 358 1172 perduci
374 1114 599 1171 poterant,
619 1127 724 1156 cum
744 1115 832 1155 hoc
850 1113 986 1155 modo
1001 1120 1137 1155 antea
1153 1127 1245 1155 non
1265 1112 1335 1155 usi
1355 1113 1562 1156 fuissent.
1579 1114 1803 1157 Paulatim

159 1197 314 1237 tamen
336 1190 563 1235 Dominus
585 1204 662 1233 cor
690 1189 874 1232 maioris
907 1189 1059 1232 fratris
1086 1188 1150 1231 ita
1171 1189 1415 1245 disposuit,
1453 1198 1503 1232 ut
1538 1189 1804 1234 familiarius

161 1269 347 1323 tandem
370 1281 474 1311 cum
498 1268 576 1310 illo
597 1269 655 1311 de
677 1268 815 1310 rebus
836 1266 1149 1323 spiritualibus
1171 1267 1523 1321 colloqueretur.

249 1345 402 1390 Semel
415 1345 551 1388 etiam
570 1343 752 1396 accidit,
775 1351 841 1395 ut,
862 1358 968 1387 cum
986 1343 1144 1386 maiori
1164 1343 1291 1386 fratri
1310 1344 1381 1395 (de
1395 1358 1486 1399 quo
1509 1359 1631 1387 nunc
1654 1344 1801 1400 loqui-

162 1423 280 1478 mur)
303 1421 1014 1478 Landolphum‘Carthusianum‚
1028 1421 1087 1463 de
1110 1420 1321 1476 passione
1336 1421 1536 1472 Domini,
1553 1422 1798 1477 legendum

158 1498 379 1553 dedisset,
403 1498 466 1542 ita
487 1485 562 1542 hic
585 1499 642 1541 ad
672 1499 913 1554 lacrymas,
938 1497 1048 1553 quin
1072 1498 1207 1542 etiam
1238 1497 1387 1541 minor
1410 1499 1562 1550 frater,
1588 1498 1800 1541 commoti

159 1583 284 1627 sunt,
311 1583 360 1618 ut
383 1590 490 1631 prae
512 1575 599 1618 illis
621 1575 696 1618 vix
719 1574 884 1617 librum
906 1574 1134 1630 inspicere
1156 1582 1362 1630 possent:
1384 1583 1430 1619 et
1452 1591 1508 1618 ex
1525 1590 1579 1618 eo
1597 1583 1799 1631 tempore

158 1652 299 1695 vitam
322 1659 515 1705 mutare,
539 1659 585 1696 et
612 1659 777 1695 octavo
805 1666 987 1707 quoque
1017 1651 1090 1694 die
1119 1652 1327 1695 confiteri
1357 1660 1615 1695 statuerunt
1646 1666 1796 1694 coram

158 1731 246 1773 hoc
267 1729 521 1782 sacerdote,
547 1730 671 1784 quod
693 1728 828 1772 etiam
858 1728 1081 1773 fecerunt.

245 1805 472 1849 Dominus
507 1813 661 1850 autern
698 1820 791 1848 non
828 1805 1076 1850 desistebat
1113 1805 1222 1849 huic
1258 1806 1417 1849 maiori
1455 1821 1633 1862 semper
1670 1807 1799 1862 plura

154 1882 349 1926 calcaria
371 1883 559 1936 addere,
575 1890 622 1926 et
643 1883 700 1926 ad
722 1882 894 1926 maiora
915 1883 1155 1938 instigare,
1181 1891 1234 1926 ut
1254 1883 1408 1935 etiam,
1430 1884 1601 1926 mundo
1620 1883 1794 1934 relicto,

155 1973 208 2004 se
231 1966 379 2003 toturn
401 1959 600 2003 Domino
622 1959 811 2011 dicaret,
838 1961 961 2016 quod
984 1961 1179 2015 quadam
1203 1968 1341 2004 nocte
1363 1961 1425 2003 illi
1448 1961 1572 2004 venit
1595 1961 1640 2003 in
1670 1975 1796 2003 men-

155 2041 265 2089 tem,
288 2037 553 2093 praesertim
576 2051 680 2080 cum
703 2036 907 2080 audisset
928 2038 1160 2092 quendam
1183 2052 1318 2080 suum
1341 2046 1588 2094 cognatum
1612 2037 1796 2093 religio·

153 2127 258 2157 nem
281 2113 521 2158 Societatis
535 2115 648 2172 Jesu
671 2113 931 2170 ingressum
956 2114 1113 2167 fuisse3
1139 2115 1262 2170 quod
1283 2116 1398 2158 adeo
1426 2130 1530 2159 eum
1563 2114 1792 2166 excitavit,

153 2195 205 2231 ut
225 2189 507 2243 decerneret,
533 2189 869 2246 quamprimum
894 2191 1087 2233 facultas
1109 2192 1311 2243 daretur,
1338 2192 1519 2235 tandem
1543 2205 1592 2234 se
1614 2205 1794 2245 quoque

151 2263 484 2322 ingressurum;
510 2280 645 2321 quarn
669 2280 763 2309 rem
788 2273 938 2309 tamen
964 2267 1230 2322 parentibus
1253 2267 1428 2323 aperire
1451 2281 1542 2310 non
1563 2274 1634 2310 est
1655 2281 1794 2308 ausus

151 2355 238 2386 nec
259 2341 394 2385 etiam
420 2342 546 2386 Patri
573 2342 742 2395 Natali,
774 2343 939 2387 rectori
970 2352 1080 2386 tunc
1109 2344 1292 2400 collegii
1321 2343 1577 2395 Societatis;
1610 2344 1690 2386 sed
1718 2357 1791 2385 sa·

145 2418 381 2461 cerdotem
409 2433 545 2461 suurn
575 2419 701 2471 adiit,
742 2434 940 2475 eumque
977 2420 1174 2477 rogavit,
1218 2428 1269 2464 ut
1310 2422 1433 2464 Patri
1470 2419 1620 2463 Natali
1657 2434 1789 2462 suum
1841 2442 1845 2447 ·

144 2494 424 2538 desiderium
440 2496 708 2551 explicaret.
726 2497 864 2552 Quod
883 2497 962 2539 ubi
980 2497 1172 2545 audivit,
1188 2498 1334 2542 laetus
1354 2497 1479 2540 Patri
1498 2496 1647 2539 Natali
1666 2504 1764 2538 retu
1776 2521 1789 2525 —

148 2570 216 2623 lit,
229 2571 307 2626 qui
325 2573 559 2628 respondit
580 2588 630 2616 se
646 2573 775 2616 illum
794 2574 1119 2626 admissurum,
1141 2575 1178 2617 si
1196 2584 1406 2630 parentes
1423 2575 1521 2618 eius
1544 2574 1588 2615 id
1603 2572 1788 2628 permit-

148 2655 313 2701 terent,
338 2663 460 2702 nam,
485 2649 641 2693 invitis
663 2648 947 2706 parentibus,
974 2651 1089 2693 nihil
1111 2665 1160 2694 se
1185 2652 1411 2694 facturum
1434 2651 1629 2694 dicebat.
1652 2649 1788 2704 Quod

146 2723 227 2766 ubi
264 2724 444 2770 iuvenis
474 2726 683 2779 rescivit,
724 2728 990 2783 parentibus
1027 2727 1218 2772 ridendo
1255 2727 1489 2778 indicavit,
1518 2735 1566 2768 ut
1588 2726 1786 2768 animum

144 2815 305 2845 eorum
321 2803 534 2859 'experiri
570 2813 746 2860 posset,
781 2805 861 2860 qui
897 2804 1034 2848 etiam
1071 2804 1262 2848 ridendo
1295 2805 1629 2860 respondebant
1664 2818 1713 2846 se
1743 2796 1787 2845 id

146 2885 309 2935 optare
345 2893 398 2923 ac
435 2881 574 2934 velle;
615 2882 696 2925 sed
732 2895 838 2924 cum
874 2881 1023 2938 ipsum
1061 2881 1182 2926 serio
1219 2881 1343 2936 loqui
1381 2888 1639 2931 cernerent,
1681 2894 1784 2923 eum

146 2955 332 2999 omnino
354 2956 412 2999 ab
433 2957 695 3001 huiusmodi
717 2958 928 3001 instituto
954 2972 1146 3001 avocare
1169 2958 1320 3000 conati
1351 2965 1473 3008 sunt,
1505 2971 1557 2999 ac
1587 2956 1786 3011 quotidie

141 3031 204 3076 de
224 3033 311 3076 hac
332 3047 383 3076 re
405 3034 578 3079 mentio
601 3034 752 3091 aliqua
775 3035 931 3080 fiebat.

1047 0 1135 17 ’νήει
1184 0 1196 3 ’·
1216 0 1230 5 ,
1279 0 2098 42 v--r-jfsvrsssswwv-mpflwfflffwsoeffl
