2098 3470
288 274 357 321 342
761 276 915 313 PATms
941 277 1186 313 HIERONYMI
1211 276 1363 312 NADAL

240 382 458 431 quantum
477 377 562 420 fert
575 390 685 420 vsus
698 377 914 434 regionis.
931 379 1110 430 Const.,
1129 391 1229 434 cap.
1256 379 1297 430 8,
1319 384 1434 434 part.
1456 390 1500 432 4,
1520 385 1566 422 et
1582 379 1764 423 decreto
1782 378 1875 439 [93}

240 452 614 509 congregationis
638 466 653 497 1
666 461 716 497 ‚³⁸
739 455 804 498 ¹...

329 529 484 573 Nostri
502 544 593 572 non
615 530 773 574 ludant
795 531 943 588 globis
965 532 1010 574 in
1033 531 1218 587 campis,
1245 531 1329 574 nisi
1353 531 1592 588 separatim
1616 533 1673 574 ab
1696 532 1808 576 aliis.

329 605 407 650 Vti
430 613 621 662 possunt
643 607 848 661 clamide,
868 597 976 650 dum
999 614 1109 651 eunt
1131 608 1188 650 ad
1211 621 1410 664 campos.

331 683 590 726 Bernardus
613 690 658 726 et
681 683 871 740 Egidius
893 684 1059 728 facient
1081 691 1226 736 actus,
1247 684 1352 740 quia
1373 686 1544 729 habent
1566 686 1743 730 bursas.

330 761 434 803 Non
456 766 525 804 est
557 761 679 815 quod
710 760 901 804 ministri
939 768 1016 804 aut
1060 760 1337 805 subministri
1371 761 1456 804 soli
1486 763 1682 805 habeant
1720 762 1880 807 claues.

242 837 382 880 cellae
405 836 606 881 vinariae
636 844 714 881 aut
741 853 878 894 penu,
911 838 990 882 sed
1018 837 1095 894 qui
1124 844 1193 880 est
1221 837 1504 894 dispensator
1533 838 1669 882 etiam
1693 840 1873 892 habeat,

243 913 375 957 cuius
397 928 533 957 curae
555 913 812 959 immediate
834 914 1055 957 incumbit
1076 929 1232 958 earum
1254 929 1423 967 rerum,
1444 930 1561 971 quae
1583 915 1627 957 in
1651 914 1739 958 illis
1765 915 1881 959 locis

243 997 592 1036 conseruantur.
612 991 823 1049 Ministri,
847 991 1129 1034 subministri
1146 998 1191 1034 et
1209 991 1396 1051 rectoris
1413 999 1482 1036 est
1498 991 1676 1048 ingredi
1695 992 1883 1048 quando

242 1067 419 1120 volunt,
444 1082 547 1111 nam
571 1068 656 1110 sub
678 1067 854 1111 illorum
879 1074 1103 1124 potestate
1127 1075 1196 1112 est
1218 1068 1558 1125 dispensator...

335 1144 663 1197 Poenitentias‚
688 1160 768 1201 pro
790 1146 959 1188 sanctis
981 1152 1191 1201 acceptas
1219 1159 1302 1188 suo
1330 1145 1531 1198 arbitrio,
1558 1146 1717 1189 fratres
1746 1145 1880 1188 exhi-

245 1223 383 1265 beant
400 1221 580 1275 rectori,
596 1236 678 1264 suo
695 1222 877 1265 nomine
893 1221 1189 1278 subscriptas.
1203 1223 1368 1266 Rector
1384 1222 1483 1266 illas
1501 1223 1573 1267 vel
1590 1221 1880 1279 temperabit,

245 1299 317 1342 vel
339 1298 491 1352 etiam,
517 1298 554 1341 si
576 1298 804 1342 leuissime
825 1306 992 1351 essent,
1019 1298 1223 1355 augebit,
1248 1300 1480 1343 moderate
1502 1306 1672 1353 tamen,
1702 1305 1748 1343 et
1774 1298 1879 1342 illas

248 1375 414 1419 facient
436 1382 626 1429 secrete,
651 1383 696 1419 et
719 1376 913 1420 referent
935 1376 992 1418 ad
1015 1383 1236 1420 rectorem
1260 1391 1317 1419 an
1341 1375 1544 1421 fecerint.

336 1451 556 1508 Superior
577 1451 760 1496 visitare
781 1452 1007 1497 interdum
1031 1452 1195 1509 poterit
1218 1453 1440 1497 amicos...

338 1531 427 1573 Pro
449 1529 708 1572 domesticis
729 1528 956 1574 exercitiis
978 1544 1196 1586 campana
1224 1531 1528 1586 suspendatur
1555 1530 1600 1572 in
1630 1531 1732 1573 loco
1760 1529 1882 1573 desi-

247 1613 402 1663 gnato.
431 1607 607 1651 Interea
628 1607 737 1649 dum
759 1607 814 1650 lis
835 1608 967 1650 durat
990 1608 1022 1659 ²,
1047 1622 1139 1650 non
1161 1608 1238 1650 fiat
1260 1607 1470 1651 executio
1493 1607 1630 1650 huius
1652 1607 1772 1652 rei...

336 1685 407 1728 Ne
434 1683 681 1727 retineatur
708 1698 901 1727 vacuum
930 1683 1190 1727 cubiculum
1220 1683 1516 1740 prouintialis,
1559 1684 1638 1728 sed
1676 1683 1882 1728 habitent

249 1760 338 1813 alii,
370 1761 468 1817 ipso
496 1761 684 1805 absente
710 1761 784 1804 vel
811 1761 1077 1805 decedente:
1112 1760 1209 1817 ipse
1240 1768 1391 1805 tamen
1419 1760 1675 1813 discedens,
1707 1760 1745 1804 si
1773 1759 1883 1816 quid

249 1838 430 1890 habeat,
452 1838 574 1894 quod
595 1851 685 1880 non
709 1836 952 1882 conueniat
975 1837 1088 1880 alios
1106 1837 1276 1891 videre,
1297 1838 1539 1880 concludat
1561 1836 1607 1879 in
1629 1836 1758 1880 cista.

339 1910 630 1958 Prouintialis
651 1928 735 1958 nec
758 1922 904 1958 rector
928 1915 1134 1958 comedat
1151 1914 1197 1957 in
1215 1914 1440 1967 cubiculo,
1462 1915 1541 1958 sed
1557 1914 1604 1956 in
1622 1913 1879 1972 refectorio.

252 1990 425 2035 Poterit
447 1998 598 2034 tamen
619 1978 901 2047 prouintialis
929 1990 974 2033 in
1003 1990 1214 2034 cubiculo
1241 1990 1495 2044 comedere,
1526 1991 1709 2046 quando
1737 1989 1886 2046 primo

251 2068 401 2111 veniet
424 2069 481 2111 ad
503 2067 762 2124 collegium,
782 2069 933 2111 semel.

337 2144 627 2189 Prouintialis
649 2144 696 2187 in
717 2144 841 2188 victu
871 2159 954 2187 suo
987 2151 1139 2190 seruet
1167 2144 1371 2189 ordinem
1402 2143 1659 2198 Societatis,
1690 2143 1882 2195 scilicet,

250 2221 320 2265 bis
337 2223 560 2276 comedat,
577 2222 954 2279 quemadmodum
973 2221 1258 2278 praescripsit
1276 2223 1327 2265 Ρ.
1351 2221 1556 2278 Ignatius
1573 2220 1696 2264 Patri
1712 2219 1881 2266 Natali.

338 2300 513 2342 Interea
528 2313 632 2342 cum
655 2312 743 2355 ego
765 2298 939 2342 rediero
960 2314 1015 2343 ex
1032 2306 1189 2355 sancto
1207 2299 1470 2342 Audomaro
1489 2299 1520 2350 ⁵,
1540 2297 1693 2358 videat
1711 2303 1877 2348 rector,

249 2391 306 2419 an
330 2391 409 2432 per
431 2376 627 2432 aliquam
645 2375 895 2419 modestam
912 2375 1263 2420 insinuationem
1282 2382 1327 2419 et
1344 2374 1538 2432 gratiam
1555 2375 1886 2418 monachorum

251 2453 593 2496 martinensium
617 2452 839 2510 possimus
862 2453 1095 2508 consequi,
1121 2461 1171 2496 ut
1193 2453 1325 2497 liceat
1347 2452 1478 2495 nobis
1505 2450 1890 2508 simplicissimum

255 2545 435 2574 murum
458 2531 529 2574 vel
545 2537 687 2574 ratem
709 2529 866 2573 illitam
889 2530 1047 2586 argilla
1069 2530 1261 2586 erigere,
1283 2543 1372 2585 qua
1388 2534 1655 2585 prospectus
1671 2534 1717 2571 et
1734 2533 1885 2570 trans-

255 2607 346 2651 itus
384 2606 526 2651 facilis
557 2622 583 2651 e
615 2603 930 2651 nostro‘horto
963 2607 1007 2649 in
1041 2607 1218 2650 illorum
1257 2605 1549 2662 impediatur:
1591 2605 1663 2649 uel
1700 2612 1883 2648 curetur

252 2684 372 2728 idem
394 2700 474 2742 per
495 2684 639 2738 illum,
664 2684 742 2740 qui
762 2683 1000 2737 inhabitat,
1027 2684 1221 2727 amicum
1244 2690 1507 2727 nostrum...

328 2793 337 2813 ¹
389 2790 451 2827 Cf.
476 2790 784 2826 constitutiones
800 2791 886 2826 Soc.
898 2790 998 2836 Jesu
1018 2790 1090 2826 lat.
1106 2793 1144 2826 et
1162 2789 1278 2835 hisp„
1295 2800 1384 2836 pag.
1405 2787 1484 2833 1363
1500 2793 1540 2824 et
1550 2789 1787 2824 Institutum
1802 2788 1891 2824 Soc.

243 2851 346 2896 Jesu
366 2850 607 2895 (Florentiae
627 2849 733 2896 1893)
751 2850 800 2896 ΙΙ,
825 2849 904 2893 176.

323 2911 338 2931 2
389 2910 449 2945 De
474 2909 543 2945 lite
567 2908 762 2956 superius,
784 2908 896 2944 initio
923 2908 1038 2954 hujus
1063 2907 1346 2955 instructionis,
1366 2912 1580 2943 memorata
1603 2906 1706 2943 circa
1731 2905 1888 2942 domum

255 2968 463 3015 licentiati,
483 2980 611 3004 sermo
630 2979 718 3004 esse
737 2967 905 3004 videtur.

326 3030 341 3050 ⁵
391 3029 578 3064 Sanctum
613 3028 878 3064 Audomarum
913 3027 1022 3063 venit
1057 3027 1207 3063 Natalis
1245 3038 1334 3063 cum
1370 3027 1413 3062 Ρ.
1456 3026 1620 3063 Costero
1660 3024 1699 3061 in
1740 3029 1893 3061 aestate

254 3088 347 3124 anni
368 3088 471 3133 1567.
492 3087 554 3124 Cf.
576 3088 705 3135 Epist.
726 3088 776 3123 P.
791 3087 943 3132 Nadal,
963 3087 1032 3131 III,
1051 3087 1122 3132 496
1136 3092 1175 3122 et
1190 3099 1298 3134 seqq.
