2098 3470
465 226 618 271 Drc‘rA,
643 233 701 260 Ex
724 223 977 260 sommis-ris
999 221 1214 258 Pan-rmus
1238 228 1459 259 conten
1473 223 1571 268 —65
1714 225 1782 270 641

197 334 288 371 tur.
314 329 464 372 Debet
484 327 627 384 igitur
647 334 666 352 ²
686 325 832 383 magis
853 324 1142 369 considerare
1161 325 1298 378 bona,
1324 338 1440 380 quae
1465 325 1587 378 facit,
1612 334 1657 370 et
1676 327 1722 370 in
1745 327 1832 372 illis

200 404 355 448 uidere
375 403 740 469 imperfectiones
760 409 806 447 et
821 402 868 446 in
889 401 978 445 illis
998 414 1159 446 curare
1181 407 1233 444 ut
1248 401 1385 444 etiam
1402 402 1648 458 perfectius
1667 419 1831 460 opere—

200 477 290 536 tur;
314 490 361 526 et
382 483 428 525 in
451 483 539 526 hoc
562 481 735 526 uersari
755 479 903 538 magis
924 480 1179 536 proficuum
1200 486 1286 523 est.
1311 480 1429 522 Nam
1459 479 1519 522 ita
1543 481 1832 526 considerare

200 574 306 604 suas
327 559 691 616 imperfectiones
717 558 765 601 in
792 572 960 615 genere
987 564 1034 602 et
1064 556 1111 599 in
1147 555 1224 599 illa
1259 555 1624 602 consideratione
1660 559 1832 603 diutius

199 637 365 680 morari
387 651 546 693 parum
574 637 760 693 prodest
780 634 814 678 b.
844 635 995 679 Debet
1020 633 1162 690 igitur
1191 641 1208 659 ‘²
1240 633 1434 678 formare
1461 635 1687 689 quandam
1719 651 1832 680 con-

200 712 452 757 clusionem
475 727 525 757 se
546 713 860 770 imperfectum
877 725 977 755 esse
993 718 1039 755 et
1056 709 1288 762 miserum,
1306 717 1354 753 et
1369 717 1527 766 postea
1543 711 1832 756 considerare

201 791 429 846 quomodo
466 805 536 843 ea,
574 804 691 846 quae
726 800 925 842 exercet,
964 787 1210 845 perfectius
1245 795 1470 832 exerceat.
1511 789 1659 833 Debet
1697 790 1833 833 etiam

200 881 358 911 curam
380 868 551 912 habere
571 874 756 911 actuum
778 865 1062 920 interiorum,
1091 864 1169 908 illa
1198 864 1474 917 examinare,
1509 864 1584 908 illa
1615 867 1834 921 perficere

201 951 249 989 et
271 958 378 988 cum
399 944 487 988 illis
508 959 721 1002 magnam
742 943 963 988 rationem
983 943 1169 987 habere.

290 1023 408 1069 262v
448 1023 617 1068 ‘Debet
653 1036 834 1075 cauere,
873 1021 1056 1077 quando
1091 1019 1304 1064 mulieres
1339 1019 1584 1076 proficiunt
1615 1019 1663 1063 in
1700 1022 1836 1064 rebus

202 1097 514 1157 spiritualibus
534 1114 638 1143 cum
661 1099 775 1156 ipso,
801 1098 906 1154 quia
926 1097 1132 1141 naturale
1153 1104 1223 1140 est
1244 1097 1368 1153 quod
1389 1096 1492 1152 quis
1519 1106 1638 1140 amet
1661 1098 1708 1140 in
1731 1098 1833 1150 alio,

202 1179 327 1233 quod
347 1192 429 1234 per
448 1176 596 1233 ipsum
618 1178 746 1221 Deus
777 1182 989 1232 operatus
1019 1181 1105 1227 est,
1139 1189 1200 1218 ne
1230 1174 1437 1218 effundat
1467 1189 1546 1217 cor
1577 1190 1687 1231 erga
1720 1176 1834 1229 illaS,

143 1300 146 1301 ⁷
202 1254 284 1298 sed
303 1268 484 1310 semper
505 1260 707 1298 reservet
728 1267 806 1296 cor
826 1266 960 1296 suum
982 1253 1097 1304 Deo;
1121 1259 1167 1294 et
1190 1266 1249 1296 ne
1270 1251 1381 1295 fidat
1398 1252 1591 1294 multum
1608 1252 1711 1305 illis,
1733 1252 1838 1309 quia

203 1331 341 1376 ualde
361 1338 470 1374 sunt
490 1330 746 1384 mutabiles;
770 1330 907 1374 debet
928 1329 1028 1372 illas
1049 1327 1264 1372 adiuvare
1287 1336 1508 1384 quantum
1530 1336 1697 1385 potest,
1723 1330 1838 1374 2631·

201 1409 262 1453 de
281 1415 465 1453 caetero
485 1406 697 1451 admirari
722 1407 780 1450 de
802 1420 1088 1462 quacumque
1108 1405 1245 1449 etiam
1269 1405 1451 1449 minima
1478 1407 1834 1462 perseuerantia.

201 1486 352 1530 Debet
368 1499 527 1528 curare
543 1484 688 1541 primo
706 1491 756 1526 ut
772 1485 982 1528 ostendat
996 1483 1063 1527 eis
1078 1497 1297 1540 quaerere
1309 1484 1502 1528 salutem
1518 1492 1565 1527 et
1581 1486 1836 1541 profectum

201 1570 248 1607 et
269 1562 434 1606 blande
455 1561 670 1618 incipere,
695 1562 775 1606 sed
797 1575 1013 1605 successu
1045 1559 1261 1616 temporis
1287 1560 1516 1605 duriorem
1545 1576 1595 1605 se
1627 1564 1835 1618 prebere,

202 1647 250 1683 et
285 1653 344 1683 ne
380 1640 519 1682 homo
556 1639 766 1681 turbetur
802 1643 982 1694 postea,
1021 1638 1158 1682 debet
1193 1652 1372 1694 semper
1407 1638 1455 1681 in
1491 1638 1838 1695 proficientibus

206 1716 360 1761 videre
381 1716 631 1759 bonitatem
652 1715 739 1760 Dei
769 1721 1035 1771 operantem
1062 1729 1145 1771 pro
1172 1722 1300 1767 tunc,
1325 1722 1371 1759 et
1393 1715 1458 1759 sic
1481 1717 1630 1759 Deum
1652 1717 1838 1759 laudare

204 1793 254 1836 in
273 1793 341 1845 eis
361 1807 444 1850 pro
464 1807 520 1836 eo
541 1799 763 1848 tempore,
783 1799 830 1835 et
846 1806 1125 1848 cognoscere
1141 1791 1431 1849 fragilitatem
1450 1793 1663 1845 hominis,
1684 1801 1729 1837 et
1748 1808 1837 1836 non

205 1870 348 1916 fidere
369 1869 416 1913 in
438 1884 510 1913 eo.

295 1946 527 2004 Cogitatio
549 1948 606 1990 de
627 1947 805 1991 inferno
827 1954 897 1990 est
918 1945 1111 1990 maxime
1132 1947 1354 2003 proficua,
1385 1948 1552 1990 nedum
1582 1948 1840 2004 incipienti-

206 2025 311 2077 bus,
330 2024 411 2068 sed
427 2031 473 2067 et
488 2023 831 2080 proficientibus
844 2030 891 2067 et
908 2022 1135 2078 perfectis.
1155 2023 1287 2068 Sicut
1302 2023 1422 2068 enim
1437 2024 1610 2068 litteras
1627 2033 1837 2077 tractant,

206 2115 289 2145 seu
310 2100 454 2157 prima
474 2101 715 2154 elementa,
741 2107 787 2143 et
811 2099 954 2157 pueri,
979 2107 1026 2147 et
1047 2100 1350 2157 grammatici,
1374 2102 1512 2159 logici
1541 2112 1587 2145 et
1617 2103 1837 2159 theologi,

206 2178 286 2221 sed
307 2177 431 2221 vario
452 2178 603 2221 modo:
638 2177 770 2234 pueri
801 2178 946 2221 solum
977 2185 1267 2235 cognoscunt
1299 2179 1540 2227 elementa.
1577 2180 1715 2235 aliqui
1753 2184 1839 2222 iarn

205 2255 424 2311 syllabas,
465 2254 703 2298 maiusculi
739 2255 827 2297 iam
864 2255 1042 2311 legunt,
1074 2262 1127 2318 vet
1153 2256 1438 2312 grammatici
1475 2256 1760 2313 intelligunt,
1796 2265 1842 2300 et

208 2331 408 2388 theologi
439 2347 495 2376 ex
522 2331 693 2376 eisdem
726 2331 889 2376 litteris
918 2332 1048 2388 plura
1078 2333 1390 2388 speculantur,
1429 2341 1478 2376 ut
1509 2342 1634 2390 patet
1671 2334 1715 2375 in
1756 2335 1842 2376 isto

206 2409 348 2452 verbo
374 2407 733 2461 «Hierusalem»;
766 2409 872 2464 quia
898 2408 1028 2465 pueri
1056 2410 1204 2452 solum
1231 2410 1306 2454 uel
1333 2410 1506 2454 litteras
1535 2418 1839 2466 cognoscunt,

208 2485 284 2528 uel
303 2485 504 2541 syllabas
524 2485 703 2542 legunt;
728 2484 850 2528 illam
876 2499 1035 2529 vocem
1063 2487 1389 2542 grammaticus
1418 2488 1504 2530 iam
1535 2487 1748 2543 intelligit
1777 2487 1844 2529 ci-

208 2562 414 2615 vitatem;
441 2562 685 2618 theologus
706 2561 900 2605 animam
930 2569 975 2606 et
1002 2563 1241 2607 ecclesiam
1271 2564 1643 2620 triumphantem.
1678 2564 1754 2607 Sic
1787 2578 1843 2606 ex

208 2638 500 2683 meditatione
537 2638 718 2691 inferni,
758 2637 1028 2694 incipientes
1065 2638 1271 2684 timorem
1309 2640 1514 2692 eliciunt3
1555 2640 1844 2696 proficientes

209 2714 529 2767 humilitatem3
563 2715 754 2772 perfecti
781 2730 996 2767 amorem.
1028 2717 1087 2759 Et
1122 2717 1242 2760 sicut
1279 2717 1431 2774 pueris
1468 2718 1601 2760 datur
1638 2717 1767 2773 panis
1799 2725 1844 2760 et

211 2791 490 2844 hominibus,
515 2799 562 2835 et
588 2806 752 2848 panem
780 2793 1027 2835 comedunt
1054 2806 1158 2836 cum
1186 2808 1476 2849 quocumque
1505 2793 1592 2836 alio
1625 2793 1742 2844 cibo,
1779 2793 1843 2835 sic

176 2863 183 2875 ⁹
210 2869 379 2913 debent
416 2868 674 2925 spirituales
711 2868 1054 2913 meditationem
1090 2870 1265 2923 mortis,
1305 2870 1458 2914 iudicii
1497 2879 1541 2914 et
1580 2870 1759 2921 inferni,
1799 2877 1845 2912 et

282 2984 299 3002 a
349 2975 447 3010 Hoc.
474 2975 585 3011 verb.
612 2987 634 3010 a
658 2975 749 3011 Nat.
781 2974 957 3011 additum
985 2981 1061 3011 est.
1110 2998 1138 3002 —
1160 2979 1179 3005 b
1205 2977 1314 3013 Haec
1347 2986 1367 3012 2
1399 2977 1518 3011 verba
1543 2988 1564 3011 a
1597 2975 1686 3011 Nat.
1715 2974 1845 3010 addita

177 3035 182 3043 ²
216 3038 322 3069 sunt.
370 3043 437 3061 -c
462 3034 572 3069 Haec
589 3033 778 3081 particula
795 3045 818 3069 a
836 3034 922 3070 Nat.
938 3034 1070 3070 addita
1083 3042 1158 3072 est.

389 3097 503 3126 Epist.
524 3098 562 3127 P.
583 3098 718 3133 Nnml„
738 3106 816 3127 που.
835 3098 899 3128 IV.
1633 3100 1669 3128 ⁴22
