2098 3470
293 254 364 300 304
765 255 920 292 ans
945 257 1188 293 Hmnomrm
1215 258 1364 294 NADAL

338 358 390 399 P.
419 356 659 400 Cornelius
682 358 973 414 Brogelman,
998 359 1185 411 flander,
1212 358 1517 403 confessarius
1539 361 1744 403 fratrum.

338 435 390 477 P.
434 434 715 478 Adalbertus
759 435 986 487 Bauzeck,
1027 436 1231 486 boemus,
1272 436 1499 491 professor
1538 436 1796 493 theologiae
1837 444 1889 482 et

250 511 512 566 praefectus
535 511 706 567 templi.

341 588 393 629 P.
414 589 616 644 Joannes
634 587 934 641 Ascherman‚
954 603 1187 640 morauus,
1210 589 1437 644 professor
1455 589 1729 646 theologiae,
1750 604 1884 646 prae-

251 665 405 707 fectus
428 664 583 720 templi
604 672 637 708 ³.

341 741 393 783 P.
413 742 618 798 Joannes
641 740 859 785 Nicolaus
887 742 1079 793 Donius,
1111 742 1298 794 flander,
1325 742 1581 797 praefectus
1609 741 1815 786 sanitatis
1837 750 1887 786 et

249 817 522 860 studiorum.

340 895 393 936 Ρ.
422 894 733 950 VVolfgangus
757 894 1022 951 Pijrringer,
1050 909 1312 950 germanus,
1337 898 1605 951 praeceptor
1634 895 1892 940 rhetorices

251 977 299 1015 et
324 972 583 1026 praefectus
611 978 787 1015 cantus.

344 1050 397 1092 P.
423 1047 610 1091 Gabriel
633 1049 844 1100 Morales,
870 1051 1118 1104 hyspanus,
1143 1049 1377 1104 professor
1404 1049 1764 1093 mathematices.

344 1126 397 1167 P.
426 1126 627 1168 Thomas
651 1125 933 1177 Sdelaritius,
959 1124 1175 1180 illyricus,
1202 1126 1638 1182 professorlogices.
1701 1169 1703 1171 ,

345 1203 398 1245 Ρ.
426 1201 659 1258 Georgius
681 1203 889 1254 Scherer,
917 1216 1177 1258 germanus,
1203 1202 1489 1247 ecclesiastes
1511 1202 1686 1259 templi.

346 1280 398 1322 P.
427 1278 741 1323 Theodoricus
763 1278 797 1332 b,
1060 1279 1352 1334 westphalus,
1378 1284 1527 1323 rector
1550 1279 1732 1336 collegii
1760 1278 1890 1323 noui.

346 1358 398 1399 P.
425 1355 685 1400 Alexander
702 1357 875 1407 Heller,
902 1355 1170 1408 austriacus‚
1196 1356 1422 1411 professor
1443 1357 1653 1412 physices
1674 1364 1706 1400 ⁶.

346 1435 401 1478 P.
426 1434 462 1476 F
466 1431 699 1475 ranciscus
720 1432 899 1483 Sunier,
926 1433 1175 1486 catalanus,
1202 1441 1349 1475 rector
1371 1433 1688 1476 conuictorum
1709 1432 1746 1478 d.

348 1513 401 1554 P.
429 1510 670 1553 Balthasar
691 1517 708 1535 ὃ
975 1510 1189 1562 bauarus,
1215 1511 1446 1565 professor
1471 1509 1657 1567 linguae
1679 1523 1893 1567 graecae.

349 1589 402 1631 P.
431 1589 551 1631 Paez
572 1586 597 1630 f.

347 1666 406 1708 D.
434 1663 704 1709 Strobelius.

350 1821 417 1862 M.
455 1818 742 1863 Christianus
766 1818 1017 1871 Penninck,
1038 1820 1225 1872 flander,
1250 1820 1479 1875 professor
1501 1818 1830 1876 philosophiae.

351 1898 415 1940 M.
443 1896 663 1939 Albertus
685 1895 996 1946 Theoboltius,
1022 1895 1198 1948 slesius,
1225 1897 1451 1952 professor
1479 1895 1774 1939 humanitatis
1795 1904 1829 1938 Ε.

354 1974 420 2016 M.
453 1973 722 2015 Theodorus
744 1973 964 2024 Busaeus,
989 1973 1176 2024 flander,
1202 1974 1428 2028 professor
1451 1972 1763 2016 humanitatis.

355 2051 417 2093 M.
446 2051 707 2106 Stephanus
729 2050 911 2102 Arator,
935 2063 1154 2105 vngarus,
1179 2051 1408 2105 professor
1437 2062 1453 2092 1
1487 2049 1643 2092 classis
1664 2063 1895 2105 gramma-

261 2127 390 2171 tices.

352 2206 413 2248 M.
442 2203 738 2248 Sebastianus
759 2201 778 2227 ¹²
987 2204 1203 2256 bauarus,
1235 2204 1462 2259 professor
1491 2216 1515 2246 2
1554 2203 1712 2246 classis
1739 2217 1892 2260 gram—

262 2281 467 2326 matices.

356 2360 418 2401 M.
447 2357 726 2402 Benedictus
746 2357 923 2409 Gallus,
948 2356 1164 2412 illyricus,
1190 2358 1416 2413 professor
1442 2371 1465 2412 3
1489 2357 1645 2400 classis
1667 2371 1898 2414 gramma-

269 2435 380 2479 tices
403 2442 448 2478 et
472 2434 654 2478 adiutor
675 2435 795 2489 apud
818 2434 1076 2489 collegiales
1097 2433 1121 2476 i.

355 2515 417 2556 M.
448 2511 669 2556 Melchior
692 2510 886 2562 Pichler,
914 2510 1193 2566 tyrolensisj,
1220 2510 1400 2555 infimae
1428 2511 1585 2554 classis
1614 2518 1898 2566 praeceptor.

357 2589 526 2641 Dauid,
551 2602 770 2645 vngarus,
796 2588 975 2642 adjutor
997 2587 1042 2629 in
1065 2587 1219 2631 infima
1241 2589 1398 2631 classe.

336 2718 354 2735 a
403 2708 446 2742 In
466 2718 588 2752 marg.
605 2706 695 2742 Nat.
717 2715 845 2739 manu:
868 2706 1136 2751 Pultoui[am]
1187 2707 1253 2733 ——b
1273 2706 1365 2740 Post
1383 2716 1524 2740 nomen
1544 2705 1713 2751 spatium
1731 2715 1901 2740 vacuum

263 2779 333 2814 pro
351 2766 584 2812 cognomine
602 2765 781 2800 relictum
801 2770 874 2800 est.
896 2764 1002 2799 Alibi
1022 2765 1061 2799 in
1079 2765 1139 2799 his
1157 2764 1343 2810 catalogis
1358 2764 1499 2799 dicitur
1518 2764 1568 2799 ab
1586 2763 1900 2801 Hauechkesche.

266 2837 331 2855 -c
363 2827 406 2861 In
432 2837 553 2871 marg.
581 2825 672 2860 Nat.
700 2836 828 2860 manu:
860 2825 1156 2871 Ol[0mutium].
1208 2827 1275 2852 -d
1308 2825 1398 2860 Nat.
1424 2825 1463 2860 in
1489 2836 1610 2870 marg.
1637 2824 1903 2870 Polo[niam].

265 2897 330 2914 —c
356 2885 533 2932 Spatium
564 2895 730 2923 vacuum
761 2894 829 2928 pro
859 2883 1106 2928 cognomine.
1157 2885 1219 2910 —f
1253 2885 1337 2934 Hoc
1367 2894 1509 2919 nomen
1538 2888 1578 2918 et
1610 2893 1778 2930 sequens
1807 2882 1904 2918 Nat.

267 2957 382 2980 manu
401 2943 531 2979 addita
550 2949 654 2980 sunt.
706 2953 772 2977 —s
799 2942 889 2980 Nat.
910 2942 949 2977 in
975 2954 1095 2987 marg.
1122 2943 1402 2988 Pul[toviam].
1457 2963 1482 2968 -
1502 2944 1521 2969 h
1541 2941 1719 2988 Spatium
1738 2952 1824 2977 vac.
1843 2952 1902 2976 re-

267 3007 401 3042 lictum
428 3016 497 3051 pro
521 3003 768 3049 cognomine.
821 3004 877 3029 —i
904 3003 994 3056 Nat.
1020 3003 1059 3038 in
1085 3014 1206 3049 marg.
1233 3015 1265 3038 c.
1292 3016 1331 3039 n.
1384 3003 1439 3036 -J'
1465 3002 1549 3038 Sub
1573 3004 1646 3038 hoc
1671 3002 1786 3038 verb.
1810 3001 1903 3039 Nat..

269 3065 437 3111 scripsit:
459 3063 704 3111 vwgis[ter].
