2098 3470
223 270 292 315 476
695 271 850 308 Partus
876 273 1119 309 HmRoNvm
1145 272 1297 310 NADAL

176 371 525 416 consuetudine.
547 373 792 428 Quomodo
810 389 859 419 se
881 374 1073 431 gesserit
1094 374 1140 418 in
1163 374 1314 430 quiete
1337 390 1362 419 a
1384 375 1573 432 prandio
1595 383 1641 420 et
1659 391 1685 420 a
1706 390 1813 421 coe-

178 462 255 502 na,
275 455 322 492 et
340 462 446 491 num
468 449 679 501 abfuerit,
701 450 771 494 vel
787 450 1014 495 solitarius
1033 451 1182 496 fuerit.
1203 452 1273 495 De
1290 452 1526 505 modestia,
1547 454 1810 508 praesertim

176 525 223 567 in
253 525 378 577 ludo,
411 525 456 568 in
486 527 631 570 classe
661 536 706 571 et
735 528 858 571 foris.
891 530 961 573 De
989 528 1215 583 colloquio
1243 543 1393 572 rerum
1422 529 1709 574 secularium.
1741 531 1811 574 De

178 592 486 646 moderatione
509 612 552 646 et
570 603 779 647 decentia
794 604 841 647 in
859 605 1112 657 refectorio,
1132 604 1177 647 in
1196 605 1284 648 cibi
1302 614 1526 662 potusque
1550 606 1812 662 sumptione

174 686 221 720 et
251 678 350 722 aliis
379 678 425 721 in
455 680 606 724 rebus.
634 681 835 734 Petatur,
861 690 907 726 et
935 681 1116 737 quidem
1145 682 1279 736 serio,
1303 697 1361 726 an
1389 683 1636 726 obseruent
1664 683 1720 726 ad
1741 682 1812 726 di·

176 754 465 799 stinctionem
489 758 700 800 horarum
718 758 1024 813 quotidianam
1047 774 1116 811 ea,
1137 774 1254 814 quae
1270 759 1587 816 significantur
1609 759 1805 816 agenda,

174 839 222 876 et
242 834 625 888 quemadmodum
653 848 707 878 ea
734 835 1094 879 obseruauerint.
1121 834 1393 894 Quae[nam]
1417 851 1508 879 non
1530 837 1810 880 obseruaue-

176 908 279 952 rint.
300 910 371 954 De
387 910 671 967 negligentia
689 911 734 954 in
752 912 958 967 profectu
974 911 1212 968 spirituali,
1228 913 1300 956 vel
1317 914 1374 957 de
1391 912 1654 956 remissione
1670 911 1810 956 animi

176 986 220 1028 in
243 987 379 1030 rebus
402 987 713 1042 spiritualibus
742 996 786 1033 et
807 988 1086 1044 perfectione
1108 990 1445 1044 consequenda.
1473 988 1647 1032 Poterit
1669 988 1805 1033 etiam

174 1065 232 1108 de
253 1064 351 1107 aliis
373 1063 546 1120 regulis
574 1064 859 1122 interrogari,
887 1065 923 1108 si
950 1064 1158 1108 videatur
1180 1065 1484 1109 necessarium
1509 1066 1714 1108 futurum
1735 1066 1811 1109 vel

174 1141 297 1185 vtile.
323 1145 409 1187 300
433 1140 482 1186 Si
506 1141 615 1197 quid
637 1149 871 1198 praeterea
893 1142 980 1185 illis
1005 1150 1215 1185 occurrat
1245 1142 1290 1185 in
1320 1142 1602 1194 vniuersum,
1628 1149 1810 1199 praeter

175 1233 244 1271 ea,
270 1233 387 1274 quae
409 1219 495 1261 hoc
525 1218 732 1263 examine
753 1218 984 1271 dicuntur,
1010 1219 1067 1263 de
1089 1232 1144 1261 eo
1165 1218 1466 1276 interrogent.

844 1351 907 1380 DE
940 1341 1149 1381 OFFlcus

262 1452 332 1495 De
354 1449 514 1494 officiis
535 1449 629 1494 suis
650 1449 821 1506 singuli
852 1450 1189 1506 interrogentur
1217 1449 1343 1493 iuxta
1376 1449 1595 1493 rationem
1629 1450 1808 1508 obliga-

173 1527 309 1571 tionis
327 1526 624 1584 particularis,
650 1541 785 1583 quam
809 1526 977 1583 singuli
1000 1527 1170 1571 habent
1186 1541 1241 1570 ex
1262 1526 1431 1580 officio,
1451 1534 1496 1569 et
1513 1527 1571 1571 de
1589 1526 1687 1570 aliis
1705 1526 1811 1582 qui-

164 1606 293 1657 dem,
319 1604 661 1660 interrogentur
682 1619 738 1648 ex
760 1619 812 1647 ea
842 1604 1074 1656 facultate,
1107 1618 1243 1659 quam
1271 1610 1463 1660 possunt
1491 1603 1672 1659 assequi
1701 1617 1812 1648 con-

175 1681 364 1734 fessarii,
390 1681 516 1724 iuxta
538 1681 707 1725 variam
732 1681 952 1725 rationem
981 1680 1252 1724 officiorum:
1285 1682 1374 1724 hoc
1404 1682 1503 1724 loco
1532 1688 1710 1724 tantum
1738 1681 1810 1724 di-

173 1768 304 1804 cetur
337 1760 392 1802 de
415 1758 568 1802 officio
596 1758 976 1803 confessariorum
1013 1765 1058 1802 et
1096 1759 1399 1811 sacerdotum3
1421 1759 1477 1801 de
1506 1757 1604 1801 aliis
1625 1758 1702 1801 vbi
1725 1757 1814 1802 erit

177 1836 345 1880 ocium.

263 1914 619 1970 Interrogentur
655 1904 918 1955 sacerdotes:
954 1913 1025 1956 De
1047 1912 1169 1955 horis
1207 1911 1456 1955 canonicis.
1499 1913 1570 1956 De
1598 1923 1812 1967 prepara-

176 1990 299 2035 tione
316 1991 373 2033 ad
394 1990 576 2033 missam
598 1990 929 2034 celebrandam.
955 1991 1025 2032 De
1047 1989 1350 2033 celebratione
1379 1988 1558 2032 missae.
1591 1989 1649 2031 Et
1671 1988 1719 2032 in
1737 1988 1808 2032 his

176 2067 213 2110 si
236 2067 541 2123 negligenter,
567 2066 605 2110 si
627 2080 785 2122 parum
808 2073 996 2118 attente,
1028 2065 1065 2109 si
1102 2079 1208 2108 curn
1245 2066 1428 2109 defectu
1463 2065 1536 2109 vel
1560 2064 1810 2109 omissione

175 2144 342 2200 aliqua,
368 2145 441 2187 vel
462 2144 677 2187 scandalo
698 2142 789 2186 sint
810 2142 992 2187 versati.

267 2222 557 2279 Confessarz'z'
583 2234 708 2263 vero:
736 2222 807 2264 De
844 2219 1233 2264 administratione
1269 2219 1539 2263 sacramenti
1568 2219 1808 2276 poeniten-

176 2299 280 2351 tiae,
306 2306 352 2343 et
374 2298 420 2340 in
444 2299 532 2341 hoc
555 2312 646 2340 non
668 2297 812 2341 solum
836 2297 874 2339 si
896 2297 1004 2352 quid
1032 2296 1332 2353 neglexerint,
1359 2297 1431 2340 vel
1458 2295 1710 2350 omiserint,
1735 2300 1809 2342 301

174 2375 247 2418 vel
269 2375 391 2431 quod
428 2375 485 2417 ad
522 2372 901 2429 interrogationes
939 2372 1116 2425 attinet,
1148 2373 1220 2416 vel
1248 2373 1371 2428 quod
1408 2373 1465 2415 ad
1501 2371 1812 2428 impositiones

175 2451 495 2508 poenitentiae3
517 2451 598 2495 sed
619 2450 729 2493 illud
753 2449 1017 2493 nominatim
1045 2457 1114 2494 est
1142 2449 1530 2505 interrogandum,
1558 2463 1616 2492 an
1639 2448 1810 2505 aliquid

174 2528 364 2584 periculi
386 2528 472 2571 illis
496 2527 700 2572 euenerit
721 2526 767 2569 in
784 2526 1007 2570 audienda
1028 2526 1316 2570 confessione
1337 2525 1503 2581 aliqua,
1530 2526 1602 2570 vel
1623 2525 1810 2569 omnino

175 2604 404 2657 timeatur,
429 2612 475 2648 et
497 2618 606 2647 num
635 2602 804 2659 aliquid
831 2604 1022 2647 affectus
1044 2603 1212 2647 sentiat
1238 2602 1283 2645 in
1313 2617 1362 2646 se
1392 2602 1563 2646 moueri
1591 2602 1702 2659 erga
1725 2601 1809 2646 ali-

175 2696 310 2737 quam
333 2696 587 2738 personam,
613 2694 748 2736 quam
770 2679 939 2723 audiat.
966 2681 1042 2723 An
1064 2679 1310 2723 absoluerit
1331 2679 1525 2734 aliquem
1547 2693 1573 2722 e
1595 2678 1764 2722 nostris
1785 2693 1812 2722 a

175 2774 287 2802 casu
310 2759 462 2815 aliquo
501 2765 749 2803 reseruato.
775 2751 858 2800 An*
874 2757 986 2800 sciat
1014 2771 1063 2800 se
1096 2758 1266 2801 habere
1301 2757 1627 2800 authoritatem
1657 2756 1810 2800 absol-

178 2836 316 2887 uendi
337 2843 566 2889 externos,
597 2842 643 2878 et
670 2849 770 2878 eam
798 2833 998 2890 quidem,
1024 2848 1157 2889 quam
1181 2834 1295 2877 solet
1325 2834 1496 2877 habere
1518 2833 1739 2886 Societas;
1765 2840 1811 2876 et

178 2929 236 2957 an
258 2927 312 2957 ea
333 2912 610 2956 authoritate
627 2911 776 2967 aliqua
798 2910 973 2955 ratione
994 2912 1165 2954 abusus
1195 2910 1268 2963 sit,
1293 2911 1367 2953 vel
1399 2909 1585 2953 omnino
1614 2908 1809 2964 aliquem

175 2990 441 3042 absoluerit,
468 3004 603 3045 quern
632 3003 724 3032 non
751 2988 910 3032 debuit
937 2988 1010 3030 vel
1030 2989 1194 3044 potuit.
1221 2988 1296 3030 An
1318 2986 1364 3029 in
1393 2985 1681 3040 confessione
1703 2992 1812 3042 agat

175 3069 233 3111 de
254 3069 406 3119 rebus,
444 3081 560 3122 quae
588 3066 698 3109 nihil
721 3065 915 3109 attinent
946 3065 1005 3108 ad
1032 3063 1379 3108 confessionem.
1411 3065 1483 3108 De
1511 3061 1719 3106 ministro
1734 3075 1814 3106 sa-
