2098 3470
291 235 363 271 860
753 265 757 269 ,
869 236 1006 273 EPIST.
1035 235 1078 271 P.
1107 235 1258 271 NADAL

238 352 348 381 nam
372 338 436 394 (vt
457 337 579 381 soles
602 336 710 393 fere)
732 336 796 381 ita
818 337 909 380 hoc
931 337 1031 381 loco
1053 335 1291 380 confestim
1314 336 1461 380 exeris
1485 343 1612 380 tuum
1644 337 1877 390 affectum,

239 413 323 470 >qui
344 428 437 457 non
466 415 660 458 obscure
690 422 735 457 te
762 414 879 458 male
907 415 1045 457 habet
1077 414 1299 457 aduersus
1330 420 1484 456 nostra
1517 413 1746 466 exercitia,
1781 412 1880 458 siue

245 492 371 536 zelus
394 490 470 535 ille
502 498 590 536 est.
619 490 749 534 Vana
779 498 864 544 est,
901 490 1066 546 inquis,
1098 489 1438 545 contemplatio.
1469 489 1593 546 Quid
1625 496 1671 534 te
1707 490 1882 534 mouet?

244 570 380 624 Quae
402 574 471 611 est
494 575 572 610 tua
602 567 732 620 ratio,
756 568 879 623 quod
907 573 1245 624 argumentum,
1272 572 1321 608 vt
1344 573 1389 609 et
1416 565 1424 622 Ι
1451 573 1651 609 nostram
1673 573 1851 609 contem
1869 591 1878 596 -

246 643 493 701 plationem
517 651 564 689 et
584 659 668 687 nos
695 643 820 688 dicas
848 661 955 703 nim.
986 658 1077 687 non
1101 642 1299 687 verearis
1331 657 1388 686 ne
1421 657 1526 686 reus
1559 643 1641 685 fias
1673 641 1882 686 consilio?

244 723 339 767 'Sed
363 736 454 778 quo
477 728 612 778 pacto
633 721 812 779 colligis
832 722 1116 772 vanitatem?‚
1146 719 1316 775 «Quasi
1345 721 1472 763 Deus
1503 719 1578 763 illo
1610 720 1782 772 labore,
1814 718 1882 761 in-

244 798 366 855 quis,
387 798 681 842 afflictionem
699 806 745 843 et
762 798 1076 856 fatigationem
1094 796 1304 840 sentiat.»
1325 798 1429 840 Non
1447 797 1698 852 respondeo
1715 796 1879 848 adhuc;

249 877 331 921 sed
355 875 489 920 video
511 875 838 932 primurn-<quid
861 883 910 918 tu
940 889 1020 932 pro
1048 873 1180 917 nobis
1210 874 1500 930 respondeas,
1536 880 1582 916 et
1614 872 1750 916 fulcio
1784 880 1885 917 tuas

244 953 568 1010 responsiones
585 952 687 1010 (nisi
703 953 858 998 videar
874 952 1078 996 fortassis
1097 950 1447 1007 praeuaricator,
1463 950 1540 1005 qui
1559 957 1682 993 tuam
1700 963 1883 994 causam

250 1032 535 1082 sustentem).
563 1032 688 1074 Bene
716 1045 924 1082 excusas,
957 1031 1109 1082 Pater,
1141 1028 1261 1071 illius
1289 1026 1683 1084 contemplationis
1710 1026 1888 1070 vanita-

247 1115 358 1160 tem;
385 1109 515 1151 Deus
537 1107 657 1151 enim
680 1107 725 1150 in
748 1106 881 1150 Esaia
903 1107 1077 1150 laborat
1099 1114 1117 1131 ³
1139 1105 1368 1149 sustinens
1395 1106 1424 1157 ¹,
1450 1119 1584 1160 quem
1606 1104 1757 1146 locum
1785 1118 1884 1158 my·

245 1184 362 1229 stice
401 1185 710 1241 Hieronymus
746 1184 899 1236 vertit,
930 1191 975 1226 et
1006 1182 1266 1226 doctissime
1300 1181 1499 1237 quidem:
1542 1182 1884 1236 «Nequaquam,

248 1261 419 1318 inquit,
460 1261 683 1304 dimittam
721 1268 908 1317 peccata
944 1267 1153 1313 vestra»,
1194 1260 1316 1314 quod
1361 1257 1540 1302 videtur
1581 1273 1637 1302 ex
1679 1257 1887 1300 versione

246 1339 515 1395 Symmachi
551 1338 802 1395 accepisse:
848 1343 1054 1384 «ἐκοπώθτρ
1087 1340 1339 1388 ἱλασκόμενος»
1386 1335 1523 1379 vertit
1567 1336 1887 1390 Symmachus.

255 1416 444 1460 «Defeci
467 1416 566 1460 siue
587 1415 792 1459 laboraui
814 1415 1058 1459 miserans»
1091 1413 1177 1454 226
1203 1420 1252 1455 vt
1281 1413 1490 1455 ostendat
1518 1425 1567 1454 se
1598 1425 1886 1466 nequaquam

250 1494 368 1537 vltra
389 1494 505 1537 velle
522 1492 741 1536 misereri.
767 1493 858 1536 Sed
875 1490 1136 1534 huiusmodi
1154 1504 1242 1546 ego
1260 1489 1365 1532 alibi
1383 1482 1653 1545 prosecutus
1670 1502 1787 1540 sum,
1808 1502 1888 1543 pro

250 1585 352 1614 mea
375 1569 703 1622 mediocritate,
729 1576 775 1614 et
797 1583 1046 1626 prosequar
1071 1574 1130 1608 σὺν
1147 1572 1303 1620 Χριστῷ.
1329 1568 1366 1609 si
1389 1573 1552 1609 nactus
1581 1566 1710 1608 fuero
1737 1563 1886 1607 ocium

252 1647 512 1703 aliquando,
544 1654 591 1690 et
627 1660 745 1702 quae
781 1645 969 1702 concepi
1006 1646 1147 1687 multa
1186 1659 1242 1688 ex
1281 1643 1469 1688 veritate
1506 1641 1733 1693 hebraica,
1773 1655 1890 1696 quae

256 1725 525 1780 theologum
547 1724 707 1768 iuuare
727 1722 918 1780 possint,
943 1721 1297 1765 literis-tradam.
1324 1722 1460 1764 Nunc
1483 1726 1633 1763 tamen
1662 1719 1719 1761 ad
1740 1719 1889 1761 locum
1918 1711 1927 1720 ’

249 1801 380 1844 illum
413 1802 502 1844 hoc
535 1801 682 1844 solum
715 1800 861 1843 dicam
898 1799 1087 1843 solidam
1125 1812 1226 1842 esse
1258 1812 1311 1840 ac
1343 1811 1495 1841 veram
1532 1796 1766 1852 vulgatam
1803 1794 1891 1838 loci

248 1877 516 1931 editionem,
547 1877 772 1933 'siquidem
803 1888 878 1923 κω
900 1879 1041 1923 nabi,
1072 1882 1141 1919 est
1172 1874 1387 1919 hebraice
1407 1875 1570 1931 fessus
1597 1887 1698 1915 sum
1720 1873 1890 1930 feren-

249 1955 324 1998 do.
359 1954 485 2011 Quid
512 1955 716 1998 tandem?
754 1955 951 1997 Laborat
989 1955 1132 2006 Deus,
1168 1951 1392 2003 irascitur,
1415 1949 1557 2003 furit,
1584 1948 1790 2005 tangitur
1811 1949 1891 1991 do-

253 2033 351 2076 lore
388 2031 538 2075 cordis
575 2030 868 2082 intrinsecus,
902 2029 1095 2085 quiescit
1133 2029 1191 2071 ab
1219 2027 1455 2084 operibus?
1483 2028 1590 2082 Quo
1618 2033 1752 2082 pacto
1788 2039 1892 2069 eurn

254 2109 474 2165 poenitet,
494 2094 724 2163 quomodo
741 2106 1052 2159 contristatur,
1073 2105 1216 2162 gemit
1233 2089 1480 2161 gemitibus
1497 2087 1912 2147 inenarrabilibus?

253 2185 334 2231 Sic
358 2185 545 2230 etenim
575 2186 687 2228 haec
718 2183 869 2227 omnia
902 2183 1171 2239 accipienda
1198 2181 1204 2238 1
1232 2189 1339 2237 sunt
1371 2191 1507 2236 atque
1539 2179 1891 2236 interpretanda,

258 2278 352 2306 non
383 2263 508 2318 quod
536 2261 640 2306 illae
667 2260 919 2318 passiones,
955 2261 1058 2304 illae
1089 2258 1454 2316 imperfectiones
1486 2272 1538 2300 ac
1574 2256 1817 2300 varietates
1847 2255 1892 2298 in

256 2342 407 2384 Deum
431 2338 678 2395 attingant:
704 2338 837 2381 absit:
864 2338 944 2380 sed
965 2336 1293 2393 benignissime
1315 2335 1554 2378 nobiscum
1577 2333 1673 2390 agit
1695 2333 1894 2377 clemen-

257 2416 460 2460 tissimus
482 2414 620 2459 Pater
642 2414 869 2468 coelestis,
896 2414 972 2469 qui
996 2413 1127 2456 nobis
1149 2427 1232 2469 pro
1254 2419 1435 2456 nostrae
1462 2410 1736 2454 infirmitatis
1759 2415 1894 2466 captu

256 2493 475 2549 loquitur,
500 2493 558 2536 ad
585 2499 784 2536 nostram
814 2490 1015 2547 phrasim
1044 2505 1094 2534 se
1131 2489 1390 2541 demittens,
1422 2495 1471 2530 vt
1498 2487 1692 2543 ineptos,
1732 2485 1896 2542 quibus

258 2569 554 2627 spiritualiter
580 2569 722 2623 verba
756 2567 892 2611 faciat
921 2582 1000 2623 per
1029 2574 1212 2610 nostrae
1241 2564 1455 2609 orationis
1486 2563 1744 2615 dictionem,
1769 2563 1825 2605 ad
1847 2576 1896 2606 se

257 2661 457 2702 suasque
493 2645 780 2703 operationes
818 2632 1195 2701 contemplandas
1226 2641 1497 2686 suauissime
1526 2655 1579 2684 ac
1608 2639 1896 2685 securissime

259 2724 544 2768 manuducit.
565 2724 728 2778 Neque
743 2736 872 2774 vero,
886 2721 963 2764 vbi
980 2721 1054 2764 illa
1070 2722 1126 2764 de
1143 2735 1192 2765 se
1208 2719 1425 2775 loquitur,
1441 2718 1503 2761 ita
1521 2733 1546 2761 a
1564 2733 1612 2761 se
1631 2716 1727 2774 geri
1746 2722 1896 2760 osten-

258 2800 329 2843 dit
350 2802 495 2854 Deus,
522 2799 904 2856 quemadmodum
929 2813 955 2840 a
978 2797 1110 2841 nobis
1133 2787 1396 2854 imperfecte
1418 2810 1472 2838 ac
1501 2794 1587 2836 227
1616 2794 1896 2850 ρθτῒυτῦειῒες.

333 2949 351 2966 a
400 2936 575 2973 Confuse
594 2935 670 2972 scri
675 2942 796 2983 ptum.

338 3047 347 3067 ¹
399 3045 515 3088 Isiu„
534 3044 565 3090 Ι,
587 3052 643 3088 14.
