2098 3470
301 264 372 308 496
769 266 925 304 PA‘rms
951 267 1193 303 Humoxwm
1219 267 1369 304 NADAL

254 365 411 422 gentia
439 370 525 412 374
558 368 888 422 procurandus,
922 375 972 410 vt
999 369 1271 421 scholastici,
1303 376 1349 412 et
1377 379 1692 426 praeceptores
1720 373 1881 425 nostri,

254 457 345 486 non
369 443 515 486 solum
538 443 585 486 in
606 443 878 488 lectionibus
901 453 945 489 et
969 444 1328 501 repetitionibus,
1353 447 1432 490 sed
1454 446 1606 500 etiam,
1631 455 1676 491 et
1697 448 1879 502 quidem

252 519 568 573 attentissime,
582 534 665 564 sua
681 522 1027 566 conuersatione
1044 521 1263 577 spirituali
1279 523 1451 578 prosint
1463 523 1696 579 discipulis
1711 532 1756 567 et
1773 538 1880 568 con-

251 596 483 652 discipulis
505 597 616 650 suis,
643 605 688 641 et
710 599 766 642 ad
789 599 913 642 hunc
935 599 1069 641 finem
1089 606 1288 643 rectores
1306 599 1612 655 designabunt
1631 602 1808 653 Patres,
1834 609 1880 646 et

252 674 428 726 fratres,
448 673 526 729 qui
549 673 594 716 in
616 675 704 718 hoc
725 674 978 728 intendant,
1003 683 1052 717 vt
1074 675 1354 719 instruantur
1372 677 1428 719 ad
1444 676 1674 732 pietatem,
1695 678 1749 720 ad
1773 693 1877 734 per-

252 750 460 794 fectionis
483 750 618 794 etiam
641 751 913 796 desiderium
938 751 1079 795 nostri
1101 752 1344 795 auditores.
1875 745 1877 747 ¹

339 827 616 871 Confessarii
652 828 1023 871 scholasticorum
1062 836 1317 872 nostrorum
1354 830 1412 872 ad
1443 830 1636 875 eundem
1675 832 1874 875 fructum

249 912 452 960 spectare
469 905 636 948 debent
652 905 742 948 fixo
759 905 991 948 charitatis
1008 906 1155 958 oculo,
1169 912 1214 949 et
1225 905 1459 949 desideriis
1475 906 1654 963 magnis
1671 908 1876 963 obsequii

248 980 332 1024 Dei
355 995 407 1024 ac
429 980 598 1024 domini
621 981 762 1024 nostri
784 982 830 1024 in
854 997 947 1033 eos,
974 981 1049 1037 qui
1073 981 1284 1025 videntur
1312 983 1368 1025 ad
1398 982 1676 1027 Societatem
1706 983 1874 1038 idonei,

246 1057 346 1101 illos
368 1058 607 1114 praecipue
628 1057 894 1102 instruendo
917 1060 973 1101 ad
996 1058 1286 1119 deuotionem
1309 1067 1354 1102 et
1377 1067 1423 1102 vt
1447 1059 1557 1102 vitia
1579 1067 1624 1103 et
1650 1059 1876 1105 vanitates

247 1134 442 1190 fugiant,
468 1135 523 1178 ad
545 1135 757 1190 pietatem
787 1150 835 1178 se
863 1134 1096 1191 colligant,
1128 1142 1173 1179 et
1203 1135 1430 1180 meliorem
1459 1135 1579 1180 vitae
1607 1138 1804 1193 frugem,
1829 1144 1875 1180 et

245 1212 526 1255 exhortando
547 1220 596 1255 vt
622 1212 804 1268 saepius
836 1212 1154 1265 confiteantur3
1192 1213 1384 1256 doceant
1415 1212 1521 1255 item
1551 1228 1629 1256 eos
1652 1213 1874 1258 rationem

244 1288 570 1333 examinandae
591 1288 894 1332 conscientiae
912 1289 956 1330 in
980 1288 1076 1332 dies
1097 1289 1319 1346 singulos,
1341 1297 1385 1333 et
1403 1290 1784 1345 quemadmodum
1803 1305 1872 1334 re-

243 1365 383 1410 citare
405 1365 623 1409 rosarium
646 1373 866 1422 oporteat,
891 1374 936 1408 et
959 1367 1095 1409 horas
1117 1367 1276 1410 beatae
1297 1365 1504 1422 virginis,
1528 1365 1627 1410 aliis
1654 1365 1868 1409 adhibitis

240 1442 574 1495 deuotionibus,
599 1450 731 1498 prout
753 1456 944 1498 capaces
972 1442 1263 1486 videbuntur:
1295 1456 1380 1486 nec
1403 1442 1448 1485 in
1480 1443 1763 1486 scholasticis
1783 1447 1868 1490 375

241 1520 388 1563 solum
409 1522 521 1564 haec
549 1527 682 1563 erunt
719 1520 914 1576 agenda,
955 1521 1035 1564 sed
1057 1519 1102 1562 in
1140 1519 1349 1562 omnibus
1371 1519 1489 1563 idem
1517 1519 1602 1563 erit
1623 1533 1866 1576 procuran-

241 1597 367 1650 dum,
391 1604 441 1639 vt
462 1597 688 1640 videbitur
708 1597 921 1653 prodesse
942 1610 1078 1652 posse
1100 1596 1146 1639 in
1167 1595 1381 1640 Domino.

331 1674 549 1722 Conferet
576 1675 633 1716 ad
661 1675 783 1716 hunc
813 1674 1008 1716 fructum
1038 1672 1311 1730 spiritualem
1341 1674 1510 1716 bonum
1538 1674 1792 1730 exemplum
1821 1681 1866 1717 et

242 1751 495 1796 aedificatio
522 1750 734 1807 religiosa
761 1764 813 1793 ac
842 1751 1054 1806 perfecta,
1080 1764 1214 1806 quam
1242 1757 1492 1806 agnoscant
1521 1749 1567 1792 in
1595 1750 1808 1793 fratribus
1836 1749 1867 1792 ii

241 1843 414 1882 omnes,
440 1828 516 1884 qui
548 1843 652 1872 cum
680 1827 766 1870 illis
794 1835 949 1884 agent.
976 1827 1224 1884 Praecipue
1254 1842 1360 1872 vero
1389 1828 1594 1870 conferet
1628 1834 1676 1869 vt
1699 1826 1866 1883 singuli

241 1922 323 1951 seu
345 1905 623 1958 confessarii,
642 1919 722 1950 seu
743 1907 915 1957 Patres,
936 1920 1017 1949 seu
1036 1905 1211 1957 fratres,
1232 1918 1346 1959 quos
1364 1903 1581 1947 adiuuare
1603 1903 1863 1966 instituunt,

241 1997 319 2028 eos
341 1986 441 2027 Deo
479 1983 797 2027 commendent
833 1982 879 2024 in
917 1981 1148 2025 sacrificiis
1170 1988 1215 2024 et
1252 1980 1546 2034 orationibus,
1570 1980 1780 2036 idemque
1808 1982 1866 2024 ab

241 2060 338 2104 aliis
360 2059 456 2103 fieri
477 2066 737 2116 procurent.
763 2058 814 2101 In
838 2059 1049 2101 omnibus
1071 2065 1221 2102 autem
1240 2058 1298 2100 sit
1318 2043 1511 2102 intentio
1532 2065 1577 2101 et
1593 2057 1864 2101 desiderium

241 2137 420 2180 maioris
442 2135 645 2192 obsequii
667 2135 768 2188 Dei,
795 2150 847 2178 ac
869 2134 1180 2178 consideretur
1201 2149 1336 2189 quam
1359 2147 1574 2190 magnum
1597 2134 1864 2190 obsequium

239 2215 318 2257 fiat
355 2213 538 2257 diuinae
565 2212 803 2264 maiestati,
829 2212 865 2254 si
895 2211 1098 2255 minister
1135 2226 1252 2254 vnus
1279 2210 1473 2253 lucrifiat
1500 2211 1556 2254 ad
1584 2210 1865 2254 adiuuandas

239 2290 428 2344 animas,
454 2304 619 2345 easque
640 2288 892 2346 eripiendas
920 2303 944 2331 e
977 2287 1186 2331 manibus
1215 2288 1460 2331 demonum
1489 2286 1792 2341 infernalium,
1818 2294 1864 2332 et

241 2367 378 2411 totius
400 2366 676 2423 perditionis.
1480 2416 1483 2420 .

328 2444 468 2488 Aliud
490 2457 638 2499 genus
665 2441 865 2486 exercitii
894 2441 1153 2498 spiritualis,
1180 2441 1217 2484 si
1246 2439 1388 2484 nostri
1416 2440 1571 2484 selecti
1599 2441 1816 2496 prodeant
1837 2455 1867 2484 e

239 2521 449 2578 collegio,
475 2528 520 2565 et
542 2534 621 2576 per
637 2518 833 2575 compita
854 2527 898 2562 et
922 2519 1032 2573 fora,
1057 2518 1132 2561 vbi
1154 2517 1391 2561 hominum
1413 2525 1482 2560 est
1504 2517 1771 2572 frequentia,
1791 2517 1865 2559 in·

180 2590 183 2592 V
237 2598 417 2654 quirant
445 2597 612 2653 quibus
633 2595 820 2653 prosint,
847 2595 933 2638 illis
963 2603 980 2620 ³
1002 2610 1051 2639 se
1082 2594 1297 2638 misceant
1318 2593 1521 2636 suauiter
1550 2601 1596 2636 et
1621 2593 1858 2646 industrie,

237 2683 281 2720 et
304 2681 465 2718 curent
485 2678 569 2721 376
592 2673 772 2717 tandem
795 2673 851 2715 ad
873 2671 1143 2716 desiderium
1167 2669 1465 2714 confessionis
1486 2670 1729 2724 adducere,
1753 2684 1859 2714 con-

237 2754 437 2796 fessuros
466 2757 569 2807 post
598 2748 942 2793 instructionem
971 2757 1017 2793 et
1047 2746 1451 2804 praeparationem,
1482 2761 1599 2802 quae
1626 2748 1861 2791 docebun-

237 2837 310 2872 tur
331 2843 410 2884 per
431 2835 626 2871 nostros.
653 2827 780 2870 Haec
802 2825 915 2868 ratio
938 2825 1023 2867 fuit
1044 2808 1090 2868 et
1111 2823 1216 2867 alibi
1238 2830 1283 2866 et
1306 2825 1474 2867 Romae
1497 2838 1522 2866 a
1544 2823 1710 2867 nostris
1731 2839 1860 2867 vsur—

235 2914 340 2962 pata
357 2919 460 2948 cum
484 2902 703 2960 singulari
727 2902 877 2945 fructu
899 2901 1168 2945 et‘omnium
1187 2899 1515 2952 aedificatione,
1536 2914 1670 2955 quam
1687 2901 1861 2944 solebat

236 2983 406 3026 Paulus
435 2989 531 3036 4¹¹⁵,
557 2979 759 3040 pontifex
788 2979 1026 3030 maximus,
1059 2975 1345 3033 amplissimis
1367 2975 1517 3020 verbis
1538 2977 1739 3021 laudare.

305 3088 322 3105 a
371 3077 438 3112 illi
455 3088 525 3111 ms.
