2098 3470
1474 96 1477 105 Α,
1466 19 1481 85 ,κ

296 254 368 291 318
766 259 923 296 PATms
948 260 1191 297 Humonvm
1217 261 1367 298 NADAL

340 359 555 404 Studiose
578 367 707 403 curet
729 360 950 417 superior,
975 369 1027 405 ut
1047 362 1305 406 comuniter
1327 362 1446 408 inter
1468 378 1519 408 se
1540 364 1816 408 conueniant
1838 373 1884 410 et

249 436 572 492 colloquantur
600 438 761 482 fratres
791 445 837 482 et
854 439 1022 483 'Patres
1045 439 1338 492 familiariter,
1359 447 1405 483 et
1428 448 1643 484 notentur
1676 442 1882 498 germani

251 527 357 556 cum
382 513 613 570 germanis
633 521 680 557 et
700 514 809 570 galli
831 529 935 559 cum
957 516 1089 572 gallis
1114 516 1389 560 familiariter
1406 525 1438 560 ³.

340 590 435 646 Qui
456 590 711 635 inseruiunt
736 591 919 645 mensis,
943 592 1007 635 ita
1028 593 1375 646 distribuantur,
1406 602 1456 637 ut
1484 594 1653 651 singuli
1683 595 1884 640 seruiant
1926 627 1931 632 -

252 667 446 724 singulis
468 667 716 720 mensibus,
748 675 948 712 et·vnus
980 670 1037 712 sit
1059 676 1236 726 praeter
1272 670 1398 722 istos,
1429 671 1507 726 qui
1534 686 1689 715 curam
1720 673 1885 717 habeat

250 744 346 786 vini
368 751 413 787 et
435 744 683 789 cereuisiae
704 744 722 770 b
743 745 1082 789 ministrandae.
1354 739 1358 744 ’

339 821 619 878 Designetur
640 821 782 878 igitur
802 823 930 866 locus
952 822 1130 877 aliquis,
1154 829 1367 866 secretus
1380 824 1563 880 quidem
1586 831 1632 868 et
1659 825 1884 881 sepositus

248 914 277 942 a
299 898 556 954 frequentia
577 906 594 924 0
616 900 823 953 fratrum,
848 901 997 955 quoad
1020 899 1118 942 eius
1141 900 1239 943 fieri
1255 900 1437 956 poterit,
1462 901 1538 944 ubi
1554 902 1750 946 deuotae
1770 902 1883 946 ima-

250 976 384 1033 gines
422 977 668 1032 affigantur
698 976 919 1028 crucifixi,
961 976 1132 1019 Christi
1159 976 1423 1032 flagellatio,
1453 978 1625 1022 orantis
1653 978 1704 1021 in
1733 980 1882 1030 horto,

248 1061 298 1098 et
319 1052 581 1096 huiusmodi
617 1052 726 1095 alias
749 1052 988 1109 imagines,
1021 1067 1137 1107 quae
1169 1052 1360 1096 incitent
1390 1054 1446 1096 ad
1474 1053 1814 1110 poenitentiam,
1839 1062 1885 1098 et

249 1131 294 1174 in
318 1146 372 1175 ea
392 1131 526 1173 domo
549 1130 639 1173 sint
655 1130 834 1186 flagella
856 1137 901 1172 et
923 1129 1068 1172 cilicia
1088 1128 1106 1154 d
1130 1129 1316 1185 aliquot,
1338 1137 1387 1172 ut
1405 1131 1462 1173 ad
1477 1145 1583 1174 eum
1606 1132 1756 1174 locum
1778 1145 1861 1187 pos
1909 1151 1914 1156 ·

252 1210 343 1253 sint
380 1207 522 1251 nostri
552 1207 778 1259 secedere,
811 1207 977 1262 quibus
1014 1207 1160 1262 aliqua
1195 1214 1264 1252 est
1292 1209 1471 1263 agenda
1507 1208 1804 1264 poenitentia,
1839 1215 1885 1251 et

247 1285 634 1342 quemadmodum
668 1284 925 1327 huiusmodi
949 1284 1250 1339 poenitentias
1283 1299 1421 1340 agere
1449 1299 1541 1327 non
1580 1292 1769 1340 possunt
1807 1300 1884 1328 ex-

251 1361 588 1414 traordinarias,
628 1361 714 1404 nisi
752 1362 971 1416 probante
1003 1361 1233 1416 superiore
1272 1361 1345 1405 uel
1378 1360 1671 1415 confessario,
1707 1362 1881 1407 clauem

250 1439 387 1483 huius
408 1439 495 1482 loci
518 1438 580 1480 illi
603 1438 694 1480 duo
719 1438 967 1481 habebunt.
1000 1438 1142 1481 Curet
1170 1437 1312 1494 igitur
1337 1440 1391 1482 P.
1422 1439 1690 1482 Leonardus
1718 1438 1881 1482 confici

196 1537 202 1543 ·
249 1515 509 1560 huiusmodi
541 1515 721 1571 flagella
744 1515 907 1571 uiginti
932 1515 1004 1557 uel
1028 1514 1230 1570 triginta,
1256 1522 1302 1558 et
1324 1515 1379 1557 ad
1410 1529 1490 1558 sex
1518 1515 1592 1558 uel
1614 1522 1787 1571 septem
1816 1515 1881 1558 ci-

249 1594 350 1637 licia
373 1593 420 1636 in
443 1592 608 1648 quibus
630 1591 719 1635 sint
741 1592 889 1646 aliqua
919 1591 1053 1644 lenia,
1079 1591 1165 1635 alia
1185 1606 1293 1635 vero
1315 1591 1560 1647 asperiora,
1587 1598 1633 1636 et
1664 1591 1882 1648 paulatim

247 1677 515 1715 assuescant
555 1671 715 1713 fratres
758 1684 916 1713 omnes
954 1668 1212 1712 huiusmodi
1250 1669 1400 1712 carnis
1437 1668 1879 1722 mortificationibus;

250 1757 346 1792 tum
370 1748 506 1793 etiam
529 1754 673 1800 curet,
701 1754 750 1789 ut
772 1746 818 1788 in
842 1746 1081 1789 refectorio
1104 1745 1329 1788 ordinarie
1352 1745 1658 1802 poenitentiae
1686 1753 1883 1802 agantur

247 1841 329 1883 pro
351 1824 589 1868 ordinariis
611 1823 771 1879 culpis,
798 1823 876 1865 ubi
898 1838 992 1865 non
1009 1818 1155 1866 solum
1174 1822 1288 1865 istae
1305 1822 1558 1866 ordinariae
1576 1822 1883 1878 poenitentiae

246 1903 345 1947 fieri
368 1903 532 1955 solent,
558 1902 638 1945 sed
660 1900 795 1945 etiam
816 1899 1160 1956 flagellationes.
1301 1954 1307 1959 .

336 1981 411 2024 Ad
433 1978 796 2022 obseruationem
818 1991 927 2020 vero
950 1977 1210 2032 regularum
1235 1976 1346 2019 illud
1368 1975 1609 2032 praecipue
1632 1975 1883 2028 attinet„ut

247 2057 390 2101 nostri
413 2057 537 2099 nullo
561 2062 694 2112 pacto
718 2055 791 2098 uel
819 2054 1152 2109 colloquantur,
1183 2053 1256 2097 vel
1285 2052 1663 2096 consuetudinem
1685 2052 1881 2108 aliquam

177 2168 180 2171 -
243 2135 521 2179 contrahant
544 2147 648 2175 cum
671 2130 1068 2183 commensalibus,
1097 2129 1183 2172 nisi
1210 2145 1265 2173 ex
1295 2130 1461 2173 diserta
1484 2130 1715 2183 facultate,
1747 2143 1881 2184 quam

245 2211 470 2268 accipient
491 2225 547 2254 ex
571 2209 818 2266 superiore,
850 2215 894 2252 et
916 2207 1052 2250 huius
1082 2206 1146 2251 rei
1173 2214 1271 2250 esto
1301 2205 1774 2250 accommodatissima
1797 2206 1882 2249 ob-

244 2289 463 2341 seruatio;
489 2302 579 2343 qua
607 2286 653 2330 in
675 2301 725 2330 re
747 2281 831 2329 erit
855 2284 964 2327 utile
992 2290 1227 2340 separetur
1255 2290 1411 2326 nostra
1440 2283 1603 2325 domus
1632 2282 1690 2326 ab
1718 2281 1811 2336 illa,
1835 2290 1882 2325 et

244 2366 520 2410 claudantur
542 2377 700 2407 omnes
722 2362 888 2404 aditus.

336 2445 393 2486 Et
416 2440 670 2485 meminerit
697 2438 754 2495 is,
774 2438 850 2494 qui
879 2445 948 2482 est
977 2437 1216 2481 habiturus
1244 2436 1584 2481 exhortationes
1614 2436 1670 2479 ad
1699 2437 1878 2487 fratres,

242 2528 292 2565 et
309 2520 553 2576 diligenter
574 2516 861 2562 commendet
883 2514 1248 2558 obseruationem
1273 2514 1588 2569 regularum...

333 2599 507 2642 Curent
530 2603 580 2638 ut
601 2594 691 2639 cibi
712 2593 802 2637 sint
825 2593 939 2636 bene
963 2591 1123 2648 parati,
1150 2598 1195 2636 et
1217 2590 1479 2648 praesertim
1510 2590 1627 2634 bene
1655 2589 1790 2642 cocti,
1822 2605 1881 2632 ne

251 2681 447 2719 noceant
470 2674 719 2717 stomacho.

335 2753 452 2795 Cum
475 2750 625 2793 omnia
647 2747 787 2792 offitia
815 2747 889 2791 uel
927 2745 1192 2797 ministeria,
1223 2759 1340 2800 quae
1371 2743 1513 2786 nostri
1550 2743 1732 2799 publice
1754 2757 1879 2787 exer-

241 2836 368 2882 cent,
388 2828 632 2884 diligenter
647 2826 815 2868 debent
832 2823 1064 2876 exhibere,
1087 2830 1182 2866 tum
1201 2822 1274 2864 illa
1297 2821 1430 2865 etiam
1460 2819 1740 2876 diligentius,
1763 2834 1879 2875 quae

276 3032 279 3035 ·
316 3025 334 3042 a
384 3012 547 3060 Aliquid
582 3010 770 3046 omissum
801 3007 971 3051 videtur,
1010 3019 1075 3053 vg.
1101 3005 1264 3042 seorsim
1297 3004 1576 3049 colloquentes.
1625 3003 1692 3029 —b
1719 3002 1791 3037 Ms.
1824 3013 1880 3038 se-

243 3073 430 3110 reuisiae.
483 3081 546 3099 —c
572 3067 937 3116 Ms.fraequeniia.
990 3068 1056 3094 -d
1075 3066 1147 3101 Ms.
1164 3064 1295 3100 silicia
1316 3062 1379 3098 hie
1398 3068 1437 3098 et
1455 3060 1569 3097 infra.
