2098 3470
680 258 958 296 Mortuum-ra
982 256 1337 295 Gammae—32
1710 256 1782 294 223

188 361 509 419 improbitatis,
539 367 631 405 tam
666 361 864 405 alienum
901 360 959 404 ab
994 359 1119 404 omni
1154 367 1293 416 captu
1328 358 1580 412 hominum,
1612 367 1663 403 ut
1699 359 1788 403 iam
1809 367 1830 385 ²

137 491 139 494 Ι
189 437 412 482 haeretici
432 451 591 482 omnes
611 437 660 480 in
681 436 954 481 contrariam
984 436 1258 481 sententiam
1286 434 1480 492 pedibus
1507 435 1656 487 ierint,
1689 444 1829 493 atque

190 516 463 567 Lutherum,
486 514 690 571 ipsorum
710 513 1030 571 impostorem„
1044 514 1132 556 hac
1152 513 1200 556 in
1220 526 1271 556 re
1292 511 1549 566 reiecerint,
1573 520 1624 555 ut
1660 513 1706 556 in
1728 513 1828 556 aliis

192 592 437 648 plerisque.
461 591 587 647 Quid
606 591 764 648 igitur,
788 597 1010 648 peccatne
1024 589 1072 633 in
1093 589 1217 633 omni
1237 603 1375 646 opere
1396 588 1647 632 mortaliter
1669 591 1827 633 homo?

188 670 280 712 hoc
298 683 410 712 uero
432 667 683 712 haereticos
702 682 796 711 non
811 667 958 710 solum
979 680 1237 723 peruersos,
1256 667 1338 710 sed
1354 666 1489 722 plane
1505 666 1643 711 rudes
1658 666 1824 722 perdit.

280 746 403 790 Num
417 746 531 788 'fidei
553 759 668 802 opus
689 759 782 788 non
802 751 873 788 est
899 745 1128 787 nostrum?
1155 743 1282 800 Quid
1307 742 1469 800 igitur?
1495 750 1565 786 est
1590 745 1681 787 hoc
1713 759 1828 800 opus

190 808 431 880 peccatum
452 823 662 866 mortale?
688 815 811 866 Num
840 821 928 864 alia
958 835 1112 878 opera,
1147 835 1265 876 quae
1296 820 1530 877 praecepit
1559 822 1703 875 Deus,
1734 836 1827 864 non

190 907 385 957 possunt
405 898 504 943 sine
523 907 716 956 peccato
737 898 934 955 impleri?
955 898 1099 941 Immo
1121 912 1233 943 uero
1253 897 1329 941 illa
1350 897 1448 954 ipsa
1478 906 1615 942 erunt
1641 913 1722 955 per
1745 914 1827 942 uos

191 984 380 1034 peccata
399 975 621 1020 mortalia.
646 976 793 1034 Igitur
813 975 1044 1032 praecepit
1064 977 1193 1019 Deus
1214 982 1266 1018 ut
1288 975 1562 1027 offendatur,
1587 982 1639 1018 ut
1659 977 1828 1020 habeat

187 1054 326 1115 quod*
338 1054 587 1098 condonet?
606 1053 846 1096 Faciamus
866 1052 1007 1110 igitur
1028 1053 1160 1104 mala,
1185 1060 1237 1095 ut
1257 1051 1474 1096 eueniant
1495 1052 1630 1096 bona.

242 1172 249 1184 ,
278 1131 344 1175 At
370 1145 615 1188 peccamus
643 1129 880 1173 uenialiter
907 1129 1130 1187 (inquies).
1162 1130 1213 1173 Id
1249 1143 1488 1173 necessum
1519 1129 1702 1184 quidem
1735 1144 1826 1172 non

185 1214 261 1253 est
294 1207 343 1251 in
378 1207 503 1251 omni
543 1221 702 1264 opere,
747 1214 798 1250 ut
839 1206 1005 1263 passim
1047 1221 1105 1250 ex
1146 1206 1371 1263 scriptura
1410 1213 1694 1263 compertum
1737 1215 1822 1251 est.

187 1284 418 1342 Quamuis
438 1284 696 1329 autemillis
711 1283 911 1340 peccatis
926 1298 1017 1327 non
1033 1297 1238 1327 essemus
1255 1297 1456 1339 unquam
1474 1283 1661 1327 omnino
1675 1284 1824 1338 liberi,

190 1369 344 1408 tamen
364 1377 459 1405 non
481 1361 669 1418 impedit
689 1361 880 1418 gratiam
911 1361 999 1406 Dei
1030 1361 1168 1419 (omni
1198 1376 1256 1406 ex
1283 1363 1424 1418 parte)
1454 1361 1634 1406 ueniale
1660 1375 1823 1418 pecca-

187 1445 304 1492 tum,
327 1445 380 1482 ut
399 1439 522 1482 illam
543 1453 637 1482 non
656 1438 872 1483 excludit.
898 1439 980 1482 Est
1000 1437 1143 1498 igitur
1162 1438 1327 1482 efficax
1348 1438 1497 1495 gratia
1516 1438 1605 1483 Dei
1620 1438 1667 1481 in
1690 1438 1824 1482 nobis

84 1530 87 1534 ’
111 1544 117 1547 -
188 1515 427 1576 uenialiter
447 1515 759 1572 peccantibus,
783 1514 960 1560 etiamsi
982 1515 1226 1572 tepidiores
1246 1529 1331 1558 nos
1347 1515 1507 1560 reddat
1523 1516 1702 1560 ueniale
1717 1530 1825 1573 pec-

110 1611 114 1613 *
168 1600 357 1637 catum.

271 1668 322 1716 Si
342 1683 455 1714 uero
472 1669 594 1726 quis,
613 1670 671 1712 ad
692 1669 894 1714 fomitem
916 1676 963 1712 et
983 1668 1401 1726 concupiscentiam
1429 1668 1696 1737 respiciens,
1721 1685 1821 1715 me-

183 1746 322 1791 ritum
342 1754 551 1790 nostrum
572 1746 679 1791 inde
699 1746 881 1795 excludi
902 1747 1165 1798 contendat,
1190 1746 1229 1790 is
1250 1746 1362 1803 quid
1388 1747 1510 1790 dicat
1531 1761 1628 1790 non
1650 1747 1820 1791 intelli-

92 1864 109 1873 „
181 1822 271 1881 git3
294 1838 401 1868 nam
420 1823 820 1880 concupiscentiae
839 1824 984 1867 fomes
1004 1823 1115 1879 quid
1142 1822 1267 1866 aliud
1288 1831 1375 1876 est,
1400 1838 1538 1879 quam
1567 1825 1820 1868 fomentum

185 1899 470 1945 tentationis?
486 1901 625 1957 Quod
645 1899 684 1943 si
705 1901 962 1944 fomentum
982 1900 1262 1954 tentationis,
1281 1900 1548 1945 exercitium
1565 1915 1821 1958 conseque-

189 1983 263 2021 tur
282 1977 486 2035 spiritus,
511 1978 635 2021 unde
661 1977 816 2022 euadit
845 1984 1112 2034 prouentus.
1138 1977 1262 2021 Hinc
1290 1991 1524 2034 rogamus,
1556 1986 1607 2021 ut
1634 1994 1725 2022 non
1747 1979 1821 2022 in-

182 2054 411 2099 ducamur
436 2053 484 2098 in
511 2054 811 2099 tentationem
853 2056 882 2107 ¹,
911 2061 959 2098 et
990 2069 1083 2098 non
1111 2054 1262 2111 potius
1295 2061 1346 2098 ut
1374 2055 1545 2098 nullam
1568 2057 1820 2101 habeamus

185 2131 501 2184 tentationem,
525 2146 661 2188 quam
689 2132 746 2175 ad
774 2130 1015 2175 utilitatem
1045 2131 1218 2174 Paulus
1245 2131 1342 2175 dari
1371 2139 1566 2175 testatur
1594 2133 1627 2176 ³.
1656 2135 1759 2191 Jam
1782 2133 1820 2176 si

184 2208 378 2253 tentatio
399 2215 447 2253 et
467 2210 612 2254 fomes
633 2215 873 2265 peccatum
894 2223 988 2252 non
1010 2216 1096 2260 est,
1123 2222 1298 2253 mereor
1314 2208 1457 2266 igitur
1473 2210 1620 2266 magis
1638 2226 1694 2255 ex
1713 2226 1817 2267 gra-

77 2315 83 2323 „
182 2283 249 2329 tia
267 2283 372 2338 Dei,
394 2285 434 2328 si
457 2286 531 2330 uel
552 2284 639 2330 rite
658 2284 786 2327 illum
806 2298 1043 2341 oppugno,
1070 2285 1145 2328 uel
1167 2284 1360 2330 uiriliter
1382 2300 1615 2342 expugno.

252 2361 324 2407 -si
345 2369 555 2405 naturam
578 2361 756 2406 animae
777 2361 1040 2406 consideres
1056 2376 1112 2404 ex
1129 2361 1376 2414 creatione,
1396 2377 1450 2406 ea
1466 2376 1610 2419 capax
1627 2371 1696 2407 est
1715 2365 1818 2416 Dei,

89 2419 140 2498 {¹5
182 2445 235 2484 et
254 2452 334 2495 per
354 2445 592 2496 peccatum
615 2437 798 2494 quidem
814 2452 905 2481 non
922 2439 972 2481 fit
999 2447 1049 2481 ut
1065 2437 1301 2482 amittatur
1320 2453 1520 2494 unquam
1539 2440 1816 2492 intellectus,

96 2523 114 2561 ·.’
170 2516 400 2560 noluntas
420 2524 465 2560 et
487 2515 680 2560 liberum
708 2515 960 2567 arbitrium,
1000 2529 1117 2571 quae
1139 2515 1313 2559 destrui
1341 2531 1432 2559 non
1457 2531 1589 2572 posse
1612 2527 1817 2573 apertum

97 2629 126 2640 ..Α
183 2599 274 2646 est,
298 2592 385 2636 nisi
405 2594 638 2636 destructa
672 2599 811 2649 atque
837 2592 884 2635 in
912 2592 1104 2635 nihilum
1134 2594 1323 2636 reducta
1356 2593 1521 2636 anima.
1549 2596 1648 2637 Hae
1679 2595 1819 2651 igitur

100 2667 126 2723 'J
187 2683 281 2712 non
301 2676 492 2726 pereunt
511 2669 758 2726 potentiae,
777 2670 858 2714 sed
876 2677 1112 2726 peccatum
1137 2670 1245 2712 facit
1265 2679 1329 2722 ut,
1351 2670 1515 2712 amissa
1538 2671 1709 2714 iustitia
1727 2673 1820 2714 ori-

99 2756 116 2795 j
138 2758 150 2782 -’
184 2745 344 2802 ginali,
363 2746 529 2790 amissa
549 2747 713 2803 gratia,
733 2755 995 2803 comparata
1010 2746 1143 2803 graui
1162 2754 1394 2803 praeterea
1414 2747 1718 2802 aegritudine,
1737 2749 1794 2791 de

257 2892 277 2910 ε
311 2885 400 2920 >tam
420 2893 494 2917 ms.

249 3005 271 3027 ·¹
320 3008 490 3042 ΜΑΤΤΗ.
510 3007 576 3052 VI,
601 3006 657 3043 13.

258 3065 274 3087 ¹
321 3065 340 3100 1
357 3064 477 3110 Con„
495 3065 545 3111 X,
567 3064 624 3103 13.
