2098 3470
228 275 299 321 460
443 290 448 293 ·
696 277 850 314 Pin-ms
876 278 1123 316 Huznonvm
1148 279 1299 315 NAnAL

178 376 355 434 possint
375 378 431 421 ad
454 392 530 421 eas
552 379 847 435 superandas
874 381 1111 436 Quaenam
1141 387 1292 423 autem
1315 380 1417 424 illae
1438 386 1521 429 265
1544 380 1650 434 sint,
1677 381 1720 424 id
1744 381 1811 424 iu-

181 453 350 496 dicabit
373 454 695 498 confessarius.

731 593 746 611 ‹-
760 575 847 619 Vbi
871 583 1022 620 autem
1047 583 1271 620 rectores»

270 688 332 730 Vt
354 686 615 739 difficultas,
647 702 763 743 quae
800 704 855 733 ex
885 691 972 732 hoc
1009 689 1156 745 capite
1179 689 1284 732 oriri
1322 697 1488 746 posset,
1514 689 1807 742 dissoluatur,

178 763 632 808 animaduertendum
650 773 720 808 est
737 765 927 822 primum
946 765 992 808 in
1011 765 1263 810 rectoribus
1286 780 1375 808 non
1399 780 1498 809 esse
1515 766 1628 809 adeo
1644 766 1812 810 diffiei-

182 841 270 883 lem
288 840 506 885 rationem
526 841 860 886 reseruationis.
882 844 998 886 Nam
1016 843 1054 885 si
1071 856 1206 886 casus
1223 843 1441 887 reseruati
1458 850 1610 887 essent
1625 843 1809 895 occulti,

180 917 410 973 expectari
434 910 587 974 posset
608 918 753 963 donec
775 919 1039 963 visitaturus
1061 919 1236 963 veniret
1263 919 1553 976 prouincialis
1581 920 1639 964 ad
1665 920 1809 963 colle·

180 993 326 1050 gium,
351 993 438 1036 illis
461 994 639 1039 interim
662 996 896 1048 absolutis,
922 1003 967 1038 et
990 1003 1099 1038 tunc
1117 995 1358 1052 praecipue
1380 996 1609 1052 expectari
1638 1004 1808 1052 posset,

181 1071 220 1114 si
252 1086 355 1127 spes
378 1079 498 1115 esset
535 1072 878 1125 emendationis,
919 1087 1034 1129 quae
1056 1073 1093 1115 si
1122 1087 1212 1115 non
1242 1079 1378 1124 esset,
1404 1073 1662 1129 quaerenda
1691 1079 1812 1117 esset

182 1148 375 1200 occasiO,
401 1163 490 1203 qua
511 1148 596 1192 iret
618 1150 675 1192 ad
703 1149 1026 1205 prouincialem
1050 1156 1212 1202 rector,
1241 1151 1312 1194 vel
1334 1150 1596 1194 euocandus
1625 1148 1811 1206 prouin-

180 1224 305 1268 cialis
327 1240 353 1268 a
375 1233 568 1278 rectore,
593 1233 642 1268 vt
663 1226 720 1269 ad
743 1241 834 1269 rem
859 1241 1065 1282 grauem.
1090 1225 1139 1270 Si
1168 1241 1276 1271 vero
1305 1226 1563 1271 acciderent
1584 1241 1717 1270 casus
1739 1224 1810 1270 r'e-

179 1302 366 1355 seruati,
391 1301 468 1357 qui
492 1302 715 1346 manifesti
738 1310 906 1352 essent,
936 1302 981 1345 id
1013 1310 1082 1347 est
1110 1303 1188 1358 qui
1216 1303 1480 1347 conseruari
1510 1310 1687 1348 secreto
1716 1317 1807 1347 non

178 1386 379 1434 possent,
405 1386 454 1421 vt
476 1379 511 1421 si
535 1378 582 1421 id
603 1387 816 1422 externus
834 1379 994 1435 aliquis
1016 1379 1217 1432 resciret,
1244 1381 1315 1422 vel
1337 1380 1428 1422 duo
1450 1380 1523 1422 vel
1541 1387 1633 1423 tres
1649 1395 1705 1423 ex
1727 1395 1812 1423 no-

177 1454 298 1508 stris,
324 1463 370 1500 et
386 1456 649 1498 scandalum
668 1456 1038 1511 coniungeretur,
1059 1457 1180 1511 quod
1190 1456 1405 1500 ⁴videlicet
1423 1456 1615 1500 oriretur
1632 1471 1688 1500 ex
1703 1471 1812 1514 pec-

178 1539 298 1583 cato,
324 1533 397 1576 vel
421 1521 577 1575 natum
599 1533 733 1575 simul
756 1547 860 1575 cum
899 1540 1085 1588 peccato
1107 1540 1243 1586 esset,
1278 1540 1324 1576 et
1347 1534 1450 1587 tale,
1483 1533 1656 1578 scilicet
1677 1547 1809 1577 scan—

177 1609 347 1662 dalum,
373 1610 494 1665 quod
516 1624 644 1652 suam
667 1611 852 1653 adderet
876 1609 1095 1654 rationem
1118 1610 1293 1666 peccati
1320 1609 1535 1662 mortalis,
1568 1609 1687 1652 mitti
1715 1617 1809 1654 sta--

178 1686 258 1729 tim
280 1686 353 1729 hic
374 1687 562 1730 deberet
582 1693 730 1730 rector
753 1687 808 1729 ad
829 1691 912 1733 266
934 1686 1258 1742 prouincialem
1284 1702 1310 1730 a
1336 1686 1635 1740 confessari03
1661 1687 1736 1730 cui
1758 1701 1813 1732 ea

178 1763 223 1806 in
246 1778 296 1806 re
319 1764 504 1808 deberet
527 1763 725 1815 obedire,
766 1771 814 1806 vt
852 1763 1076 1820 superiori
1113 1765 1341 1820 delegato,
1380 1770 1426 1807 et
1453 1771 1573 1808 esset
1603 1763 1809 1808 minister

176 1840 445 1894 vicerector,
470 1841 616 1884 donec
638 1848 785 1885 rector
807 1840 968 1895 aliquis
998 1832 1330 1897 designaretur.
1363 1841 1480 1884 Nam
1509 1827 1647 1897 agere
1667 1841 1810 1883 debe-

178 1925 246 1961 ret
273 1917 584 1974 prouincialis,
622 1917 660 1960 si
697 1932 795 1961 eam
835 1918 1022 1962 haberet
1060 1917 1339 1970 facultatem,
1364 1918 1422 1961 de
1457 1931 1595 1960 causa
1617 1916 1808 1960 rectoris

176 1996 310 2051 <quae
332 1994 504 2039 scilicet
526 1994 766 2039 manifesta
788 1996 939 2050 esset),
965 2002 1010 2037 et
1038 2009 1095 2037 an
1117 2002 1236 2038 esset
1258 1994 1508 2046 sufficiens,
1533 2001 1813 2050 quapropter

176 2078 299 2115 esset
321 2072 471 2115 officio
500 2072 766 2128 priuandus,
807 2072 1021 2116 iudicare.
1064 2071 1113 2116 Si
1135 2086 1243 2115 vero
1283 2072 1543 2114 facultatem
1572 2073 1692 2114 hanc
1716 2085 1810 2114 non

175 2149 364 2194 haberet
385 2148 694 2205 prouincialis,
719 2148 887 2192 scribet
909 2150 965 2191 ad
987 2148 1346 2192 commissarium
1368 2149 1442 2192 vel
1469 2148 1732 2204 generalem
1750 2148 1809 2190 de

178 2232 271 2270 tota
295 2241 448 2271 causa.
491 2228 620 2270 Haec
653 2233 805 2270 tamen
842 2227 1022 2282 agenda
1043 2233 1152 2269 sunt
1173 2225 1524 2279 dissimulanter,
1550 2239 1634 2269 nec
1661 2224 1811 2268 diuul-

174 2303 275 2360 gari
297 2304 491 2360 amplius
513 2318 647 2359 quam
671 2303 776 2346 sint.
809 2303 992 2346 Interim
1016 2302 1180 2359 poterit
1202 2303 1248 2345 in
1280 2302 1368 2346 alio
1398 2302 1593 2359 collegio
1623 2301 1811 2346 retineri

179 2388 329 2423 rector
358 2380 403 2422 in
431 2380 659 2424 exercitiis
684 2379 1016 2436 spiritualibus,
1048 2381 1121 2422 vel
1148 2379 1265 2422 mitti
1299 2379 1345 2422 in
1375 2378 1807 2436 peregrinationem,

174 2458 247 2502 vel
269 2458 326 2502 ad
348 2458 585 2502 seruitium
606 2456 868 2515 hospita[lis]
894 2457 932 2499 si
954 2457 1186 2509 conuenit,
1212 2457 1285 2499 vel
1307 2456 1423 2500 mitti
1445 2457 1502 2499 ad
1525 2455 1805 2512 generalem,

177 2534 215 2578 si
236 2535 325 2578 iam
347 2536 515 2578 habeat
538 2535 799 2578 facultatem
823 2533 1131 2590 prouincialis.

264 2612 326 2654 Vt
348 2619 498 2667 autem
528 2612 586 2654 ad
614 2611 906 2668 particulares
935 2625 1067 2654 casus
1094 2610 1380 2663 deueniatur,
1406 2608 1709 2653 confessarius
1737 2608 1809 2650 vi-

175 2689 298 2742 deat,
323 2703 380 2732 ne
403 2688 534 2732 facile
555 2688 725 2732 iudicet
753 2694 977 2731 rectorem
1005 2702 1105 2731 esse
1127 2688 1184 2731 ad
1211 2686 1488 2743 superiorem
1517 2685 1808 2730 mittendum.

178 2767 235 2808 Et
257 2766 303 2808 in
327 2778 351 2808 2
375 2764 558 2821 quidem
582 2779 623 2820 3,
644 2778 688 2818 4,
711 2775 734 2819 5
753 2772 799 2808 et
816 2765 858 2816 6,
880 2764 964 2808 erit
988 2764 1117 2807 facile
1138 2763 1356 2821 iudicare;
1378 2775 1403 2817 7
1427 2764 1521 2806 fere
1543 2776 1635 2805 non
1657 2761 1743 2806 erit
1764 2761 1810 2804 in

178 2850 356 2887 rectore
372 2849 649 2887 reseruatus.
670 2843 740 2885 De
759 2842 783 2883 8
802 2849 847 2884 et
865 2855 892 2898 9
910 2841 1039 2884 facile
1056 2841 1165 2885 item
1182 2846 1265 2888 267
1282 2839 1572 2883 iudicabitur.
1594 2838 1811 2883 Decimus

177 2933 268 2961 non
291 2919 473 2965 eueniet
494 2918 541 2961 in
564 2925 752 2970 rectore,
778 2917 864 2961 nisi
885 2913 1088 2961 fortassis
1106 2925 1234 2960 extra
1257 2916 1477 2960 ordinem.
1506 2929 1522 2959 1
1536 2923 1610 2959 1.¹³⁵
1631 2922 1678 2959 et
1706 2922 1811 2960 12.ιιᾶς

174 2998 346 3040 habent
361 2996 655 3039 coniunctum
674 2994 922 3051 periculum
941 2994 1165 3050 grauioris
1181 2994 1370 3051 peccati,
1395 2994 1468 3036 vel
1490 2991 1707 3045 scandali;
1728 3006 1811 3049 pro

177 3074 350 3117 ratione
372 3087 484 3130 ergo
506 3072 640 3115 huius
663 3071 868 3128 periculi,
892 3071 1196 3115 confessarius
1224 3069 1441 3114 iudicabit
1469 3084 1578 3113 num
1610 3075 1811 3112 rectores
