2098 3470
522 250 799 287 Monmnn
823 247 1080 285 Gummi:
1105 234 1446 292 summotus-42
1684 255 1754 292 255

254 352 395 397 Nullo
413 358 553 409 pacto
574 350 805 408 permittat
827 351 882 394 P.
906 348 1119 394 Canisius
1140 355 1192 391 ut
1213 347 1357 392 nostri
1373 348 1625 404 suscipiant
1640 363 1797 392 curam

161 428 360 475 docendi
382 443 547 486 pueros
567 436 770 472 cantum.
795 426 989 479 Deinde,
1015 426 1052 469 si
1075 425 1226 481 aliqua
1248 424 1308 469 sit
1323 439 1436 468 cura
1453 440 1706 481 pauperum
1728 428 1801 471 vel

161 504 354 550 aliorum
376 505 655 562 accipienda,
684 505 748 549 ita
773 503 1040 561 accipiatur,
1065 503 1447 559 quemadmodum
1477 517 1503 545 a
1530 503 1699 546 nostris
1720 518 1797 547 ac-

133 588 135 590 ’
161 589 295 640 cepta
316 590 387 627 est
407 582 689 640 Ingolstadii‚
716 589 782 634 ut,
811 581 935 637 quod
961 580 1122 624 attinet
1150 580 1208 622 ad
1235 580 1422 624 alendos
1449 580 1793 631 commensales,

159 674 321 705 eorum
336 674 491 704 curam
509 659 583 703 alii
598 658 867 716 suscipiant,
888 672 970 702 nos
987 664 1139 702 tamen
1155 671 1234 702 eos
1250 655 1463 700 iuuemus
1480 657 1630 712 quoad
1649 671 1798 700 mores

158 743 209 782 et
228 736 380 780 studia
401 736 581 781 attinet.

937 865 1019 909 42

905 961 1033 1054 Jh†us.

540 1094 716 1149 QUAE
742 1093 915 1136 DIXIT
946 1093 1002 1135 R.
1039 1093 1099 1135 P.
1134 1090 1404 1135 NATALIS

618 1202 860 1238 AUGUSTAE,
878 1195 903 1229 ὁ
920 1200 1163 1229 uoumfflms
1185 1192 1277 1237 1566
1299 1195 1324 1229 ¹.

243 1277 375 1322 Ratio
395 1277 742 1334 gubernationis
763 1280 829 1323 M.
852 1276 1071 1333 Gregorii
1091 1277 1125 1328 ²,
1150 1276 1296 1320 donec
1317 1277 1410 1319 huc
1432 1275 1588 1319 redeat
1611 1277 1667 1320 P.
1699 1276 1790 1319 Ca-

151 1354 314 1407 nisius,
337 1356 450 1398 haec
471 1354 639 1411 poterit
659 1369 776 1399 esse:
801 1362 851 1397 vt
877 1355 996 1397 sinat
1027 1355 1209 1398 Patrem
1239 1352 1567 1397 Wendelinum
1598 1354 1614 1374 ³
1647 1359 1790 1396 totam

151 1446 248 1494 rem
283 1433 577 1483 domesticam
613 1447 799 1489 gerere,
838 1431 1225 1488 quemadmodum
1262 1431 1486 1474 hactenus
1529 1429 1659 1482 fecit,
1700 1431 1786 1473 sub

149 1508 272 1553 illius
293 1516 446 1554 tamen
473 1509 893 1567 superintendentia
920 1517 967 1554 et
993 1507 1268 1553 obedientia.
1299 1509 1457 1563 Itaque
1480 1509 1618 1552 Pater
1639 1507 1786 1550 Wen-

146 1586 328 1630 delinus
349 1587 529 1630 curabit
548 1588 607 1632 de
628 1586 741 1630 cibis
762 1585 1039 1643 quotidianis
1061 1593 1108 1630 et
1128 1586 1186 1629 de
1206 1584 1306 1628 aliis
1327 1584 1463 1629 etiam
1481 1584 1679 1642 negotiis
1699 1585 1783 1628 do-

148 1663 365 1709 mesticis:
405 1663 623 1720 suscipiat
657 1663 792 1708 etiam
824 1653 1122 1720 collegiorum
1154 1661 1357 1719 negotia:
1393 1661 1562 1706 scribat
1594 1676 1705 1705 uero
1727 1676 1784 1705 ex

146 1739 467 1785 commissione
489 1740 639 1784 Patris
659 1740 875 1797 Gregorii
896 1739 1131 1797 praefecti.
1150 1740 1200 1782 In
1223 1739 1294 1782 his
1316 1746 1470 1782 tamen
1491 1738 1719 1791 omnibus,
1746 1739 1783 1782 si

145 1830 238 1872 qua
263 1816 390 1860 illum
417 1825 546 1874 parte
571 1818 726 1862 leuare
753 1825 906 1874 potest
934 1818 1072 1861 Pater
1093 1815 1367 1874 Gregorius,
1391 1829 1484 1859 non
1506 1815 1699 1859 omittet.
1727 1818 1783 1859 Et

147 1894 260 1937 haec
285 1908 423 1951 supra
443 1894 565 1938 dicta
594 1901 746 1938 tamen
773 1894 907 1938 faciet
934 1896 1071 1938 Pater
1098 1893 1420 1946 Wendelinus‚
1451 1908 1543 1936 non
1571 1907 1672 1947 suo,
1702 1894 1782 1938 sed

72 2000 80 2014 ,
144 1970 362 2027 praefecti
382 1971 568 2016 nomine
590 1979 636 2016 et
657 1987 715 2016 ex
734 1971 834 2015 eius
856 1971 1150 2015 authoritate.

157 2069 162 2074 ·
233 2047 416 2092 Habeat
435 2048 572 2092 etiam
595 2050 732 2093 Pater
757 2048 1013 2105 Gregorius
1040 2055 1181 2091 totam
1210 2062 1433 2092 summam
1462 2047 1776 2104 pecuniarum,

141 2137 202 2168 ex
230 2138 321 2180 qua
346 2124 541 2182 singulis
578 2125 893 2179 hebdomadis,
929 2126 1002 2171 uel
1036 2126 1220 2182 quando
1252 2124 1496 2182 oportebit,
1537 2125 1616 2169 det
1654 2125 1778 2168 Patri

141 2201 419 2247 wendelino
439 2203 657 2259 pecunias
674 2217 755 2260 pro
770 2203 984 2260 expensis
999 2202 1290 2259 quotidianis.
1311 2202 1401 2246 Hic
1421 2217 1532 2246 uero
1548 2210 1656 2259 aget
1673 2217 1776 2245 cum

140 2285 349 2336 emptore
369 2279 644 2324 immediate.

231 2355 485 2401 Seruentur
505 2357 693 2413 regulae
714 2371 873 2400 omnes
895 2356 1153 2411 Societatis;
1178 2364 1224 2400 et
1246 2356 1283 2400 si
1313 2371 1403 2412 qua
1435 2356 1664 2401 uidebitur
1693 2356 1778 2398 ob-

137 2431 315 2477 seruari
345 2447 439 2476 non
470 2447 619 2489 posse,
653 2434 711 2478 de
742 2433 819 2476 illa
849 2435 1072 2477 referatur
1102 2434 1160 2477 ad
1191 2433 1517 2490 prouincialem
1548 2434 1581 2486 ⁴,
1607 2440 1656 2474 vt
1679 2432 1775 2488 ipse

51 2546 58 2583 ᾗ
138 2531 254 2568 unius
272 2533 498 2569 nonasterii
515 2533 794 2570 Confessiones
811 2535 862 2570 ob
885 2535 1078 2581 speciales
1101 2545 1239 2570 causas
1262 2534 1437 2570 audire.»
1465 2533 1776 2570 constitutiones

135 2590 212 2628 lat.
229 2594 267 2628 et
282 2592 402 2639 hisp„
419 2599 529 2640 parte
547 2593 614 2636 VI,
634 2604 720 2640 cap.
740 2592 811 2639 ΙΙΙ,
831 2596 854 2635 ,ὃ
872 2602 905 2640 5,
926 2605 1016 2641 pag.
1040 2594 1120 2643 398.

210 2649 223 2671 ¹
269 2650 330 2686 Ex
345 2652 572 2698 archetypo,
589 2663 612 2687 a
628 2653 674 2690 B.
694 2652 739 2691 P.
758 2652 918 2689 canisio
935 2658 1095 2688 exarato
1113 2658 1154 2688 et
1177 2664 1200 2688 a
1222 2652 1267 2688 P.
1293 2652 1422 2687 Natali
1447 2652 1486 2686 in
1511 2651 1684 2696 margine
1709 2662 1775 2686 an·

54 2728 69 2761 χχ
134 2714 284 2755 notato,
301 2708 448 2757 duplici
466 2710 534 2748 fol.
553 2719 614 2756 20,
633 2720 692 2756 29,
712 2711 855 2758 quibus
872 2711 947 2746 alia
965 2710 1058 2747 folia
1076 2711 1223 2747 inserta
1241 2717 1281 2746 et
1304 2717 1437 2747 assuta
1455 2711 1624 2755 fuerunt,
1652 2710 1691 2744 in
1710 2721 1773 2744 co-

58 2796 61 2798 -
130 2765 223 2803 dice
235 2767 376 2804 Natal.
390 2770 512 2805 instr.
531 2770 670 2806 Germ.
685 2770 840 2806 Titulus
854 2776 916 2806 est
930 2770 1056 2806 Patris
1068 2770 1247 2816 Jimenez
1262 2782 1378 2805 manu
1392 2769 1574 2815 scriptus.
1591 2769 1771 2804 Alterum

63 2861 67 2867 ,
133 2827 372 2874 exemplum,
390 2828 530 2864 eodem
547 2829 631 2865 fere
648 2835 826 2876 tempore
843 2842 865 2866 a
882 2831 1063 2876 jimenez
1080 2830 1284 2876 scriptum,
1303 2828 1499 2864 habetur
1488 2840 1528 2863 m
1553 2827 1689 2862 eodem
1708 2839 1773 2862 co-

67 2895 80 2915 0
129 2884 235 2931 dice,
252 2885 321 2923 fol.
343 2895 399 2933 19,
418 2899 507 2924 cum
524 2889 872 2925 annotationibus
861 2901 901 2925 m
919 2890 1095 2935 margine
1113 2900 1135 2924 a
1154 2890 1322 2924 Polanco
1341 2887 1524 2923 exaratis.

60 2940 62 2942 ¹
203 2947 220 2968 ¹
269 2945 477 2982 Roseffius.
495 2946 558 2982 Cf.
578 2948 710 2993 Epist.
729 2948 779 2983 P.
786 2948 952 2987 ..Nadal
973 2949 1041 2995 ΙΙΙ,
1062 2957 1147 2993 292.

205 3005 221 3026 ³
268 3004 314 3040 P.
334 3005 593 3042 Wend'elinus
606 3007 745 3054 Volck,
765 3008 833 3054 qui
845 3007 978 3043 domui
992 3014 1233 3054 augustanae
1247 3013 1338 3042 ante
1353 3006 1564 3041 Roseffium
1577 3010 1771 3052 praeerat.

203 3065 221 3085 ⁴
268 3063 315 3099 B.
334 3064 378 3100 P.
398 3064 539 3101 Petrus
556 3065 753 3102 Canisius.
