2098 3470
293 277 361 324 246
763 280 918 316 PATms
944 280 1189 317 Humonmu
1215 279 1365 315 NADAL

245 394 350 423 nem
373 380 764 434 commensalium,
789 381 1071 438 accipientur
1092 388 1138 424 et
1159 381 1444 425 deducentur
1466 381 1511 423 in
1532 380 1704 437 praxim
1721 395 1775 424 ea
1796 395 1878 426 ca-

247 455 355 512 pita,
382 471 499 512 quae
519 457 689 501 Vtiliter
709 466 754 502 et
778 458 979 502 suauiter
1001 466 1215 514 poterunt
1246 457 1463 511 exerceri3
1490 464 1534 502 et
1562 464 1711 501 rector
1742 466 1877 515 gerat

247 532 526 589 spiritualem
551 549 708 579 curam
725 535 845 579 illius
863 536 1041 578 domus.

337 610 558 655 Seruetur
580 612 756 668 regula,
781 618 899 668 quae
921 619 990 655 est
1015 612 1062 654 in
1084 610 1233 654 officio
1255 611 1634 656 confessariorum
1660 614 1689 665 ¹,
1716 620 1764 655 vt
1795 611 1899 670 qui*

246 694 317 730 est
344 687 494 730 socius
523 688 803 741 confessarii,
828 688 980 732 videat
1018 688 1277 733 audientem
1310 688 1638 742 confessiones;
1677 690 1799 746 quod
1835 688 1873 732 si

247 764 539 820 prouincialis
561 772 640 808 aut
668 773 815 810 rector
838 767 1006 810 habeat
1038 765 1082 808 in
1111 779 1164 809 ea
1187 765 1382 821 aliquam
1406 765 1734 819 difficultatem,
1761 780 1880 810 con-—

246 842 366 884 sulat
389 843 571 885 Patrem
590 844 866 899 generalem.

335 919 371 961 F
375 926 635 974 requenter„
659 927 709 962 vt
731 927 798 964 est
822 919 867 961 in
891 920 1066 975 regula,
1092 926 1326 963 mutentur
1343 919 1606 975 corporalia.

336 997 536 1039 Vtantur
558 1011 616 1041 ex
638 996 856 1053 peculiari
878 996 1123 1041 deuotione
1145 1011 1262 1051 aqua
1284 995 1524 1040 benedicta
1552 996 1772 1040 aduersus
1794 1011 1878 1053 pe·-

245 1071 328 1115 stis
350 1072 577 1126 iniuriam,
603 1080 650 1116 et
671 1080 801 1117 aceto
819 1080 862 1116 et
886 1073 1070 1129 reliquis
1092 1088 1148 1117 ex
1171 1073 1358 1116 consilio
1380 1072 1558 1115 medici.

334 1149 403 1194 Sit
424 1165 512 1193 vna
531 1150 826 1203 bibliotheca3
851 1158 896 1194 et
917 1150 1036 1203 libri,
1054 1150 1131 1206 qui
1152 1157 1261 1193 sunt
1281 1149 1328 1192 in
1350 1149 1527 1202 minori,
1549 1150 1881 1194 transferantur

244 1227 302 1269 ad
325 1226 556 1280 maiorem,
581 1234 628 1270 et
649 1228 929 1272 collocentur
951 1227 1191 1284 separatim
1214 1226 1259 1269 in
1282 1227 1382 1269 loco
1404 1226 1725 1271 commodiore.

333 1304 476 1348 Curet
497 1312 646 1348 rector
673 1318 731 1347 ne
774 1304 963 1347 nimium
997 1303 1273 1348 familiariter
1301 1303 1419 1346 inter
1449 1318 1498 1347 se
1525 1310 1665 1360 agant
1694 1304 1876 1358 fratres;

240 1381 362 1424 vnde
384 1380 481 1425 fieri
504 1381 744 1437 contingit,
771 1389 818 1424 vt
840 1382 886 1424 in
909 1397 963 1426 ea
1000 1380 1304 1425 familiaritate
1335 1388 1381 1424 et
1408 1395 1514 1424 suas
1543 1380 1736 1425 inuicem
1763 1395 1876 1437 ape-

247 1456 366 1500 riant
390 1457 680 1511 tentationes,
700 1467 745 1501 et
766 1459 822 1502 de
843 1457 1152 1514 superioribus
1180 1465 1476 1501 murmurent.

337 1534 640 1578 Prouideatur
661 1549 719 1578 ne
740 1544 922 1592 propter
944 1535 1179 1591 penuriam
1204 1535 1475 1578 famulorum
1497 1533 1726 1590 patiantur
1747 1548 1879 1577 com-—

243 1611 484 1656 mensales.

333 1689 526 1744 Regula,
556 1702 673 1744 quae
693 1689 903 1745 prohibet
926 1704 984 1734 ne
1005 1689 1106 1745 quis
1127 1682 1409 1745 ingrediatur
1440 1687 1487 1730 in
1517 1687 1777 1731 cubiculum
1806 1688 1875 1730 al-

245 1764 402 1817 terius,
443 1765 553 1808 satis
591 1773 661 1808 est
682 1774 852 1822 aperta,
885 1780 990 1808 cum
1020 1765 1142 1808 dicat
1163 1766 1262 1809 sine
1283 1764 1464 1809 licentia
1492 1764 1684 1807 ministri
1705 1764 1751 1806 id
1773 1764 1872 1807 fieri

242 1855 334 1884 non
364 1856 513 1897 posse;
545 1849 590 1885 et
623 1850 773 1885 tamen
802 1842 1071 1899 intelligitur
1098 1857 1190 1886 non
1227 1857 1327 1887 esse
1355 1841 1661 1886 necessarium
1689 1856 1716 1884 a
1743 1841 1875 1883 mini·

242 1925 337 1961 stro
358 1925 531 1974 petere,
557 1919 639 1963 sed
661 1919 796 1964 etiam
820 1919 955 1964 licere
978 1935 1003 1963 a
1026 1919 1257 1976 superiore
1274 1934 1353 1963 seu
1372 1926 1563 1963 rectore:
1589 1925 1635 1962 et
1657 1917 1876 1974 intelligi·

241 2002 315 2037 tur
337 1996 394 2039 de
417 1995 599 2040 licentia
631 1996 833 2052 generali
871 2011 953 2041 seu
986 1996 1186 2052 speciali:
1212 1996 1286 2039 cui
1319 2003 1471 2040 autem
1500 1994 1775 2052 generaliter
1801 1995 1879 2037 vel

240 2071 496 2127 specialiter
518 2074 879 2125 concedendum,
905 2073 1060 2116 videat
1082 2072 1301 2129 superior.

331 2150 612 2206 Assignetur
634 2149 800 2207 cuique
818 2151 1041 2194 sacerdoti
1058 2165 1169 2194 suus
1191 2150 1395 2193 minister
1416 2150 1473 2192 ad
1495 2150 1649 2192 altare.

331 2226 453 2271 Satis
475 2234 543 2271 est
566 2226 604 2270 si
628 2227 685 2270 ad
702 2227 857 2270 vinum
880 2226 1117 2270 adiiciatur
1140 2226 1298 2282 quinta
1319 2241 1423 2282 pars
1445 2240 1606 2281 aquae.

332 2304 532 2347 Curetur
556 2312 603 2346 vt
626 2303 857 2347 silentium
880 2311 1090 2347 seruetur
1111 2303 1157 2346 in
1188 2303 1449 2355 refectorio,
1474 2301 1609 2346 etiam
1638 2301 1757 2345 inter
1785 2302 1880 2344 Pa·-

244 2387 353 2425 tres.

334 2459 616 2501 Mundentur
634 2471 834 2510 mensae,
860 2457 988 2500 finita
1010 2471 1167 2500 mensa
1189 2456 1346 2513 prima,
1372 2463 1421 2498 vt
1443 2455 1581 2499 moris
1603 2462 1671 2499 est
1693 2454 1814 2498 alibi.

333 2535 501 2578 Nullus
525 2536 714 2577 fratrum
743 2534 788 2577 in
822 2536 984 2590 hyeme
1014 2533 1187 2577 habitet
1214 2533 1261 2576 in
1291 2533 1513 2576 cubiculis
1544 2531 1768 2588 supremis
1793 2532 1878 2574 do·

244 2625 362 2665 mus,
387 2610 474 2654 :nisi
497 2611 588 2654 sint
606 2618 778 2667 parata.

334 2689 404 2731 Ne
427 2695 613 2731 vtantur
636 2687 836 2731 candelis
859 2703 914 2732 ex
937 2702 1076 2732 saeuo
1098 2695 1116 2713 ³
1138 2687 1184 2730 in
1200 2686 1366 2732 missis.

335 2766 441 2808 Non
465 2764 695 2820 permittat
717 2764 922 2821 superior
943 2772 996 2816 vt
1015 2765 1175 2808 fratres
1197 2763 1314 2808 inter
1336 2778 1384 2806 se
1404 2762 1638 2819 disputent
1658 2762 1716 2807 de
1739 2775 1880 2818 regu-

245 2841 301 2884 lis
323 2842 397 2886 vel
419 2841 840 2884 constitutionibus:
866 2840 903 2883 si
925 2840 1034 2895 quid
1063 2840 1290 2892 dubitant,
1315 2840 1556 2882 consulant
1577 2838 1874 2896 superiorem.

312 2952 330 2969 a
380 2940 460 2987 Sic,
480 2953 549 2987 pro
567 2941 652 2977 sebo
672 2942 734 2977 vel
752 2952 855 2979 seve.

316 3032 325 3052 ¹
377 3030 438 3066 Cf.
459 3030 698 3065 Institutum
719 3029 927 3065 Societatis
948 3029 1049 3075 Jesu
1077 3028 1323 3075 (Florentiae,
1354 3026 1584 3073 1892·1893),
1610 3028 1677 3072 ΠΙ,
1696 3027 1882 3074 Regulae

240 3091 512 3134 sacerdotum,
530 3101 613 3136 reg.
634 3089 676 3125 18
710 3101 799 3136 pag.
821 3097 876 3133 15.
