2098 3470
573 257 848 295 Moxuum‘m
873 240 1131 306 noviacum
1155 256 1464 306 Ausmmss-st
1718 256 1790 303 3⁰7

298 373 372 405 .10.
435 361 500 404 M.
518 361 722 418 Joannes
748 357 965 403 Nicolaus
992 373 1083 402 non
1111 358 1352 414 profitetur
1378 357 1581 415 linguam
1612 366 1832 403 sanctam.

203 438 289 482 Est
308 438 566 494 praefectus
586 433 865 480 studiorum.
881 436 918 479 F
920 442 1049 479 actus
1076 442 1147 479 est
1173 436 1259 477 sub
1288 434 1548 480 uisitatione
1578 437 1630 479 P.
1663 436 1838 480 Natalis

140 499 143 501 ‚
203 514 413 558 minister
434 513 571 557 huius
591 512 788 569 collegii.
1683 566 1687 569 ι

303 603 371 636 11.
437 592 502 635 M.
527 591 853 647 Vuolfgangus
875 589 1141 646 Pijrringer,
1166 588 1436 643 labacensis,
1458 589 1555 646 agit
1572 598 1838 647 praecepto·

202 682 303 713 rem
325 667 590 720 rhetorices,
615 667 738 723 leget
760 680 940 723 graeca.
963 667 1047 709 Est
1066 667 1326 722 praefectus
1347 665 1489 708 chori.

301 755 368 787 12.
434 745 492 788 M.
512 742 699 795 Gabriel
715 743 910 787 Morales
926 757 1018 785 non
1034 741 1147 799 legit
1163 741 1548 796 mathematicam,
1567 743 1691 799 leget
1710 757 1837 799 grae·

199 834 276 865 ca.
302 822 384 864 Est
404 821 662 877 praefectus
683 819 904 864 sanitatis.
995 873 1001 880 Ι

301 910 367 953 13.
436 900 489 941 P.
516 897 710 942 Michael
731 897 848 953 Spes
867 898 1101 954 profectus
1122 905 1192 942 est
1213 899 1421 941 Romam.

291 988 370 1030 .14.
436 977 488 1019 P.
515 976 714 1018 Thomas
735 974 1009 1018 Zdelaritius
1029 975 1170 1017 modo
1182 975 1295 1032 legit
1310 989 1495 1018 cursum
1511 974 1837 1032 philosophiae.

209 1053 294 1096 Est
314 1052 362 1095 in
385 1054 454 1098 2.⁰
476 1067 612 1096 anno.

306 1140 444 1184 1.„15.
495 1131 565 1180 ΔΡ.
591 1129 821 1173 Henricus
849 1131 984 1182 Paez‚
1015 1129 1386 1186 vlyssiponensis,
1417 1129 1657 1182 lusitanus,
1689 1128 1841 1172 Coim-

208 1205 362 1250 bricae
390 1206 625 1263 ingressus
654 1213 726 1251 est
750 1206 1023 1251 Societatem
1051 1221 1171 1249 anno
1206 1217 1334 1261 1551.
1360 1205 1520 1250 Emisit
1541 1213 1650 1250 uota
1671 1206 1839 1250 ibidem

208 1290 314 1341 pust
336 1282 533 1343 primum
563 1277 750 1327 annum.
775 1283 909 1340 Legit
935 1298 1022 1340 per·
1036 1284 1154 1326 duos
1176 1298 1323 1326 annos
1344 1284 1518 1341 bonam,
1533 1290 1704 1339 partem
1734 1298 1841 1326 cur-

211 1374 293 1404 sus
315 1359 627 1418 philosophiae
657 1368 704 1404 et
736 1360 1009 1418 theologiae.
1043 1359 1148 1404 Fuit
1179 1360 1344 1405 ibidem
1378 1361 1638 1418 praefectus
1664 1360 1842 1404 studio-

213 1451 332 1480 rum:
372 1437 676 1495 concionatus
699 1444 769 1481 est
806 1438 1065 1491 Cordubae,
1086 1439 1370 1491 Braccarae,
1414 1437 1681 1501 Bononiaez'
1708 1438 1845 1480 modo

171 1537 175 1542 ·
211 1513 419 1559 Viennae
455 1513 617 1571 partim
656 1514 970 1566 concionatur,
1004 1513 1166 1570 partim
1200 1515 1324 1571 leget
1353 1529 1487 1558 casus
1518 1514 1842 1559 conscientiae.

207 1591 331 1634 Cum
354 1599 425 1635 est
445 1590 659 1647 ingresus
682 1590 975 1644 Societatem,
999 1599 1097 1636 erat
1118 1591 1350 1635 secularis.

304 1680 346 1711 2.
378 1678 445 1723 15.
512 1670 566 1711 P.
591 1669 854 1713 Alexander
875 1669 1037 1713 Holler
1056 1668 1222 1713 missus
1243 1677 1312 1713 est
1334 1669 1626 1714 Olomucium
1650 1678 1682 1713 a.

308 1746 376 1789 16.
440 1747 500 1791 D.
526 1745 884 1802 Christophorus
905 1746 1175 1799 Strobelius,
1199 1746 1596 1799 ratenbuchensis,
1626 1747 1841 1799 bauarus,

211 1823 386 1867 Romae
415 1823 651 1880 ingressus
682 1830 751 1866 est
783 1822 1067 1883 Societatem
1089 1838 1208 1866 anno
1251 1834 1360 1878 1555
1398 1823 1444 1866 in
1476 1824 1839 1880 quadragesima.

214 1899 341 1945 Fecit
363 1908 471 1943 uota
492 1899 538 1942 in
561 1900 720 1956 Aprile
741 1908 970 1956 sequente.
996 1900 1102 1944 Fuit
1123 1906 1275 1944 rector
1290 1900 1336 1943 in
1358 1900 1542 1944 Prussia
1560 1903 1844 1958 Braunsper-

209 1991 317 2035 gae:
347 1976 461 2033 legit
490 1979 615 2033 Mag.
650 1976 976 2020 sententiarum
1001 1977 1212 2021 Treueris
1239 1991 1320 2034 per
1341 1977 1511 2033 aliquot
1539 1993 1736 2030 menses,
1769 1978 1845 2020 ubi

209 2053 351 2099 etiam
373 2053 420 2096 in
441 2053 665 2110 principio
686 2053 731 2096 in
754 2052 884 2110 pagis
906 2061 975 2098 est
996 2053 1239 2113 aliquando
1254 2054 1572 2098 concionatus.
1594 2056 1702 2099 Erat
1719 2069 1845 2099 secu·

213 2129 337 2183 laris,
362 2131 546 2187 quando
567 2129 804 2187 ingressus
825 2138 895 2175 est
916 2128 1206 2175 Societatem.

309 2219 378 2262 17.
442 2209 505 2252 M.
531 2206 762 2263 Georgius
783 2208 975 2252 Scherer
997 2223 1053 2252 ex
1075 2209 1304 2262 Schwatz,
1329 2209 1586 2264 tyrolensis,
1611 2209 1846 2269 ingressus

178 2270 184 2277 ’
209 2291 286 2328 est
307 2284 515 2330 Viennae
537 2298 656 2326 anno
684 2294 809 2341 1559.
838 2285 1007 2328 Eodem
1030 2299 1150 2327 anno
1166 2284 1332 2328 ibidem
1352 2285 1494 2328 uouit.
1518 2287 1760 2328 Promotus
1777 2295 1846 2328 est

209 2361 263 2404 in
283 2361 552 2418 magistrum
576 2360 902 2417 philosophiae.
927 2361 1051 2405 Nihil
1073 2360 1194 2404 aliud
1217 2361 1342 2414 noui,
1367 2362 1452 2406 nisi
1475 2362 1597 2417 quod
1618 2361 1676 2405 sit
1700 2362 1845 2404 factus

211 2437 351 2482 etiam
375 2438 609 2481 sacerdos.

719 2564 1032 2596 SCHOLASTICI
1067 2565 1334 2596 APPROBATI

311 2670 378 2714 18.
444 2671 508 2714 M.
529 2665 818 2714 Christianus
836 2669 1073 2714 Penninck
1089 2671 1285 2714 absoluit
1301 2673 1387 2714 hoc
1406 2685 1526 2714 anno
1545 2684 1727 2713 cursum
1747 2669 1844 2726 phi-

211 2746 466 2803 losophiae,
492 2761 627 2802 quem
649 2745 886 2803 praelegit.
914 2747 1221 2802 Persequetur
1242 2749 1329 2790 hoc
1349 2762 1468 2790 anno
1497 2761 1679 2790 cursum
1714 2747 1843 2789 Pauli

3 2863 6 2870 .
75 2811 84 2845 T
220 2822 425 2876 Pruteni,
451 2836 585 2878 quem
609 2822 810 2866 fortassis
833 2824 891 2866 ad
910 2824 1080 2879 pascha
1102 2823 1355 2883 proximum
1380 2824 1603 2866 absoluet.

207 3016 211 3018 ’
264 3023 268 3029 =
287 3015 306 3034 Β
354 3007 430 3042 Hic
447 3018 586 3042 versus
603 3006 758 3043 additus
776 3013 839 3043 est
854 3007 966 3043 finito
979 3007 1060 3054 jam
1073 3009 1265 3054 catalogo,
1282 3015 1369 3055 post
1384 3019 1585 3043 numerum
1607 3017 1659 3052 15.
1677 3007 1770 3043 Ideo
1783 3008 1846 3043 hic

214 3077 326 3102 num.
344 3065 406 3102 bis
423 3066 589 3101 habetur
606 3066 779 3102 numeris
799 3074 815 3100 1
837 3071 877 3101 et
895 3075 916 3102 2
934 3072 1104 3103 notatus.
