2098 3470
848 173 867 192 0

788 269 968 306 ΝοτιτιΑ
994 277 1187 306 οουιοωι
1208 284 1212 287 >
1709 280 1752 317 27

162 373 335 421 tiones.»
359 372 443 411 Inc.
464 372 630 411 ‹⁴‘Haec
650 373 815 410 minima
828 370 1575 422 Congregatio‚‚.—Congregationem
1590 385 1805 412 necessum

119 435 122 438 ⁴
166 443 242 482 fuit
265 444 376 493 prius
402 444 602 483 dicere...»
638 444 736 482 Des.
765 449 875 482 «met
896 443 1064 491 quidem
1089 443 1143 482 de
1166 443 1350 492 partibus
1374 443 1588 482 Societatis
1622 446 1718 483 satis
1743 446 1804 483 di-

165 519 276 553 ctum
295 520 395 553 est.»

243 585 336 624 Hae
354 591 493 624 autem
511 586 552 624 in
572 597 747 624 examen
767 587 1052 624 annotationes
1071 585 1199 624 multo
1218 586 1424 636 longiores
1450 592 1492 623 et
1515 586 1682 624 ditiores
1708 594 1803 625 sunt

117 674 121 678 ·
163 657 241 711 illis
260 657 425 695 scholiis
445 658 570 706 ipsius
589 657 756 704 Natalis,
776 657 829 695 de
848 657 999 706 quibus
1017 658 1058 695 in
1077 657 1159 696 vol.
1179 657 1210 704 I,
1228 669 1322 707 pag.
1343 668 1587 703 XLV-van,
1607 658 1799 696 diximus.

169 727 362 778 Quonam
379 734 517 767 autem
534 734 718 778 tempore
733 729 807 766 has
821 729 1107 767 annotationes
1126 729 1282 766 Natalis
1297 729 1513 780 scripserit,
1531 741 1613 766 non
1630 735 1800 768 constat.

168 799 372 838 Fortassis
390 800 676 849 Ulysssponae,
695 811 804 837 anno
831 791 900 847 155
907 812 943 850 3,
970 800 1151 848 quando,
1170 805 1215 838 ut
1234 800 1321 848 ipse
1341 801 1408 846 ait,
1428 801 1608 848 incoepit
1626 812 1802 838 examen

168 870 332 920 publice
361 871 595 920 explanare,
625 870 874 909 declarando
902 883 964 918 ea,
993 883 1100 920 quae
1129 871 1377 909 declaranda
1408 871 1665 909 videbantur.
1695 871 1801 909 Vide

168 941 302 993 Epist.
320 942 374 981 P.
392 941 544 988 Nadal,
570 947 598 981 t.
619 942 650 990 Ι,
675 943 794 991 epist.
819 949 881 990 54,
906 954 946 980 n.
972 952 1011 989 9.
1036 942 1242 980 Nonnulla
1267 942 1377 982 facta
1402 942 1539 980 Sancti
1565 943 1721 992 Ignatii,
1747 943 1798 980 ad

101 1038 105 1043 ›
169 1014 375 1052 historiam
393 1025 560 1063 prorsus
579 1013 703 1060 utilia,
722 1014 764 1051 in
783 1014 896 1052 hisce
916 1013 1260 1060 annotationibus,
1274 1025 1299 1051 a
1317 1013 1450 1051 Natali
1471 1020 1718 1052 enarrantur.

246 1085 367 1124 Num.
387 1094 426 1132 9.
481 1085 637 1123 Decem
656 1085 733 1123 sub
758 1086 839 1123 hoc
863 1096 1034 1123 nurnero
1062 1085 1156 1123 solia
1182 1085 1331 1134 scripta
1356 1086 1622 1134 reperiuntur,
1649 1085 1719 1123 ubi
1739 1086 1798 1123 in—

159 1157 359 1194 choantur
377 1157 662 1194 annotationes
682 1156 724 1195 P.
745 1157 899 1195 Natalis
925 1157 966 1194 in
986 1157 1298 1195 constitutiones
1317 1162 1359 1194 et
1382 1157 1544 1206 regulas
1571 1157 1796 1203 Societatis,

158 1227 306 1266 Manus
325 1233 388 1266 est
405 1227 553 1266 librarii
572 1229 718 1278 ignoti,
732 1234 775 1266 et
798 1228 851 1266 ab
877 1239 941 1275 eo,
961 1229 1030 1276 qui
1055 1229 1189 1277 priora
1214 1228 1387 1277 scripsit,
1413 1228 1616 1266 distincto.
1648 1229 1693 1265 In
1719 1240 1795 1266 sex

157 1297 358 1354 prioribus
377 1299 482 1337 soliis
506 1299 667 1337 disserit
693 1299 847 1337 Natalis
866 1299 919 1337 de
938 1298 1134 1350 religione
1153 1300 1379 1350 generatim
1399 1305 1440 1337 et
1458 1299 1511 1336 de
1536 1300 1669 1345 variis,
1690 1311 1794 1347 quae

156 1370 198 1407 in
218 1369 403 1408 Ecclesia
417 1370 653 1416 floruerunt,
667 1370 942 1420 religionibus.
964 1371 1011 1408 In
1030 1376 1207 1419 quatuor
1219 1371 1369 1408 ultimis
1388 1370 1441 1408 de
1457 1370 1638 1408 instituto
1654 1371 1793 1408 Socie-

155 1441 248 1478 tatis
262 1440 372 1490 Jesu.
393 1440 517 1490 Quod
537 1441 590 1478 ad
611 1442 879 1480 substantiam
897 1443 1052 1489 attinet,
1078 1442 1224 1480 eadem
1243 1442 1327 1480 fere
1353 1443 1431 1488 hic,
1452 1453 1558 1490 quae
1584 1443 1624 1479 in
1644 1443 1792 1479 exhor-

155 1510 390 1558 rationibus,
409 1523 512 1560 quas
531 1514 683 1562 passim
702 1513 755 1550 de
773 1513 957 1551 instituto
975 1513 1191 1552 Societatis
1207 1513 1317 1562 Jesu,
1337 1513 1509 1551 diversis
1528 1514 1568 1550 in
1595 1514 1694 1552 locis
1719 1515 1790 1551 ha-

157 1582 246 1622 buit
263 1583 431 1630 Natalis,
449 1584 718 1632 reperiuntur.
739 1585 886 1634 Incipit
904 1586 991 1623 sine
1009 1585 1125 1623 titulo
1145 1586 1186 1623 in
1207 1586 1316 1623 hunc
1336 1585 1518 1623 modum:
1543 1586 1612 1622 «In
1640 1586 1790 1623 consti-

153 1655 332 1693 tutiones
347 1661 389 1699 et
401 1656 563 1706 regulas
577 1656 792 1694 Societatis
807 1656 985 1695 breuiter
999 1661 1242 1695 annotaturo
1258 1657 1368 1703 mihi,
1385 1655 1547 1695 Christo
1559 1657 1654 1705 Jesu
1671 1657 1789 1703 duce,

150 1726 224 1774 qui
242 1726 374 1766 sactus
392 1732 456 1765 est
479 1727 599 1765 nobis
625 1728 822 1777 sapientia
846 1739 871 1766 a
896 1728 1001 1775 Deo,
1026 1728 1124 1766 illud
1147 1729 1323 1778 primum
1352 1729 1527 1766 occurrit
1556 1729 1789 1774 dicendum,

149 1797 292 1848 religio
317 1798 415 1846 quid
441 1800 528 1837 sit.»
556 1798 653 1837 Des.
677 1798 885 1837 «Aliorum
902 1805 1039 1837 tamen
1059 1800 1247 1838 ordinum
1271 1800 1498 1850 spirituales
1523 1801 1788 1848 proprietates

139 1880 234 1907 -non
258 1870 461 1908 nouimus:
486 1870 573 1908 inas
593 1871 701 1908 enim
727 1871 802 1908 soli
827 1871 881 1908 illi
906 1876 1068 1918 norunt,
1088 1872 1159 1920 qui
1183 1872 1424 1920 accipiunt.»
1454 1871 1688 1919 Sequuntur
1712 1883 1788 1908 sex

19 1931 31 1960 -ἶ
101 1957 114 1971 e
150 1939 245 1978 solia
261 1952 406 1988 vacua,
431 1942 472 1979 in
497 1953 672 1990 quorum
691 1942 845 1989 ultimo,
865 1954 889 1980 a
913 1947 1030 1992 tergo
1049 1943 1165 1990 haec,
1185 1943 1340 1981 Natalis
1360 1955 1495 1988 manu,
1516 1948 1708 1980 annotata
1727 1955 1788 1980 re-

149 2008 370 2060 periuntur:
394 2012 465 2050 «In
484 2013 794 2051 constitutiones
821 2014 921 2051 etin
946 2025 1161 2052 censuram
1179 2021 1241 2063 τὴν
1264 2025 1454 2066 macuta»,
1479 2013 1547 2051 vbi
1574 2014 1786 2051 Societatis

143 2083 384 2130 chronicon,
403 2089 459 2123 καὶ
474 2089 519 2124 τὰ
533 2085 627 2123 ἄλλα
643 2084 660 2102 ²
680 2084 733 2122 ad
759 2092 870 2132 1545.
900 2085 1166 2123 Inemendata
1185 2090 1227 2122 et
1244 2085 1516 2134 imperfecta.»
1540 2085 1630 2123 Alia
1650 2097 1783 2123 manu:

152 2153 474 2193 ‹Adnotationes
506 2155 548 2192 in
580 2156 890 2193 constitutiones
922 2162 963 2194 et
994 2156 1168 2206 regulas.
1203 2157 1246 2195 P.
1281 2157 1471 2194 Natalis.»
1512 2157 1557 2194 In
1592 2158 1784 2206 margine.

146 2225 287 2275 ignota
305 2225 402 2263 item
420 2237 555 2264 manu:
578 2227 946 2266 «exhortationes»

231 2295 352 2335 Num.
378 2307 436 2336 10.
493 2297 567 2335 Est
604 2297 904 2347 palimpsestus‚
933 2298 1061 2336 Patris
1095 2299 1260 2336 Polanci
1286 2311 1409 2336 manu
1437 2300 1622 2347 scriptus,
1648 2298 1716 2336 ubi
1743 2300 1781 2335 in

55 2367 117 2419 (ϊῇ
148 2366 332 2415 quinque
358 2367 477 2414 foliis,
505 2368 640 2406 multis
669 2369 1024 2407 emendationibus
1053 2375 1094 2408 et
1122 2370 1247 2408 lituris
1277 2371 1511 2420 castigatae,
1530 2371 1784 2418 reperiuntur

147 2437 351 2486 quaedam
369 2439 534 2489 regulae
553 2441 831 2488 commissarii,
850 2441 891 2478 in
911 2446 1086 2489 quatuor
1104 2442 1238 2490 capita
1257 2441 1507 2487 distributae,
1528 2441 1579 2478 ab
1601 2443 1659 2486 iis,
1679 2453 1782 2488 quas

115 2539 124 2553 .-
147 2509 302 2549 Natalis
327 2510 488 2560 scripsit
514 2523 679 2560 prorsus
705 2512 902 2551 diversae.
922 2512 1091 2563 Singula
1115 2513 1210 2550 solia
1230 2513 1387 2563 singula
1407 2514 1539 2562 capita
1560 2514 1779 2557 continent:

73 2599 99 2619 ψ,
147 2580 236 2628 sed,
254 2581 417 2620 inverso
436 2582 624 2621 foliorum
644 2583 787 2621 ordine
806 2595 942 2621 errore
968 2585 1252 2633 compositoris
1279 2586 1400 2633 hujus
1426 2584 1592 2629 codicis,
1618 2584 1778 2620 tertium

69 2646 114 2708 423*
146 2656 189 2690 et
206 2657 395 2700 quartum
409 2653 655 2702 capita-ante
676 2655 849 2703 primum
869 2660 910 2692 et
928 2655 1156 2693 secundum
1175 2656 1307 2704 posita
1327 2661 1431 2692 sunt.
1453 2654 1587 2702 Caput
1609 2660 1694 2691 Lum
1717 2660 1779 2691 est

64 2723 101 2777 ſs.
146 2722 200 2761 de
218 2723 387 2770 ratione,
406 2736 488 2772 qua
508 2726 808 2763 commissarius
829 2726 1054 2774 procedere
1074 2726 1224 2764 debeat
1247 2727 1383 2774 «quod
1410 2727 1550 2763 attinet
1576 2726 1627 2762 ad
1653 2725 1776 2762 finem

60 2777 104 2841 ἶ,
145 2792 344 2841 vltimum,
373 2795 425 2832 ad
454 2806 579 2843 quem
605 2795 735 2833 tendit
762 2796 982 2834 Societas.»
1011 2797 1094 2835 Ine.
1124 2797 1194 2834 «In
1220 2798 1358 2845 primis
1383 2798 1423 2833 in
1450 2798 1648 2844 seipso...»
1678 2796 1774 2833 Des.

149 2865 398 2903 e-...eiusdem
424 2866 516 2903 finis
544 2867 743 2904 rationem
776 2867 962 2906 habeat.»
996 2867 1130 2916 Caput
1156 2874 1250 2907 ΖΛΜ
1280 2867 1526 2916 «Quomodo
1555 2879 1597 2904 se
1628 2866 1775 2903 habeat

70 2947 118 2999 243·
147 2946 245 2986 erga
280 2937 558 2985 praepositum
595 2938 870 2987 generalem.»
911 2938 995 2976 Inc.
1033 2939 1158 2988 «Quo
1198 2938 1380 2987 pluribus
1418 2939 1635 2986 praesit...»
1676 2938 1771 2974 Des.

211 3092 231 3110 ε
278 3083 388 3118 Haec
406 3082 479 3119 tria
497 3084 618 3119 verba
636 3092 778 3130 graeca
796 3085 846 3120 ab
865 3084 962 3132 ipso,
981 3091 1024 3121 ut
1043 3084 1211 3131 videtur,
1229 3086 1272 3122 P.
1293 3084 1423 3133 Natali
1443 3090 1533 3120 sunt
1550 3084 1756 3119 obliterata
