2098 3470
691 217 1027 254 ANNOTATIONBS
1051 215 1380 261 communias-64
1732 213 1804 251 633

307 320 470 364 Danda
491 333 646 376 opera,
666 327 712 363 et
732 318 856 362 omni
875 317 1028 362 studio
1044 317 1414 362 contendendum
1437 325 1483 362 et
1505 318 1777 369 curandum,
1802 325 1851 360 ut

214 397 380 452 domus
401 395 679 452 probationis
706 395 940 452 erigantur
966 409 1071 438 cum
1106 393 1358 438 redditibus
1389 394 1447 436 ad
1478 409 1578 438 eam
1608 394 1846 446 rationem,

218 474 355 530 quam
374 487 466 529 ego
488 487 623 529 saepe
644 472 858 529 explicui,
883 472 962 515 ubi
982 471 1157 515 scilicet
1177 479 1196 496 ²
1216 471 1367 514 omnia
1388 485 1527 527 opera
1548 471 1712 514 domus
1739 486 1857 527 pr0-.

218 551 364 594 fessae
401 550 535 605 plene
572 556 869 594 exerceantur
904 562 960 592 ex
992 547 1279 605 probatione,
1304 549 1392 590 hoc
1421 555 1507 599 est,
1540 562 1619 603 per
1646 563 1743 599 θος,
1770 547 1847 603 qui

217 626 407 683 professi
428 628 581 670 adhuc
603 641 695 670 non
717 634 841 678 sunt,
866 625 1012 681 qualis
1032 632 1102 668 est
1119 625 1306 668 fundata
1326 624 1523 668 Villareii
1542 624 1588 666 in
1607 624 1843 681 Hispania.

218 705 380 748 Posset
401 703 537 747 etiam
559 703 735 747 institui
765 703 928 746 domus
954 701 1252 759 probationis,
1284 701 1332 744 in
1359 715 1448 758 qua
1477 702 1609 757 plane
1637 701 1847 745 viuerent

216 794 274 825 ex
299 780 619 836 eleemosynis,
649 794 767 835 quae
798 794 888 823 non
913 779 1063 836 minus
1088 778 1175 835 ipsi
1203 786 1509 834 prouenturae
1540 778 1712 834 sperari
1739 792 1847 834 pos-

211 864 337 910 sunt,
362 872 498 913 quam
525 857 735 900 domibus
757 858 1082 913 professorum,
1111 856 1270 900 eadem
1298 854 1420 899 enim
1441 855 1690 911 praestabit
1712 854 1846 897 mini-

213 933 350 977 steria
371 935 534 977 domus
555 933 834 990 probationis
854 935 993 989 atque
1014 933 1216 989 professa
1237 931 1273 977 b.

303 1010 613 1054 Prouinciales
634 1011 681 1053 in
702 1010 951 1055 Germania
971 1017 1163 1067 possunt
1189 1024 1291 1054 esse
1318 1025 1375 1054 ex
1407 1009 1495 1052 alia
1522 1008 1722 1061 natione;
1755 1023 1845 1051 non

214 1095 307 1131 tam
337 1087 466 1131 facile
494 1096 714 1132 rectores:
745 1096 790 1132 et
818 1102 910 1131 non
939 1094 1130 1144 possunt
1158 1094 1352 1140 tanturn,
1382 1087 1463 1130 sed
1490 1086 1659 1130 debent
1686 1085 1842 1138 etiam3

213 1178 335 1218 nam,
370 1172 549 1221 praeter
579 1164 690 1208 alias
720 1164 960 1218 vtilitates,
994 1164 1070 1207 illa
1097 1164 1232 1209 etiam
1260 1163 1572 1220 consequitur,
1602 1170 1652 1205 vt
1680 1162 1756 1217 qui
1790 1178 1847 1206 ex

212 1241 442 1298 germanis
469 1249 605 1285 erunt
631 1241 782 1285 idonei
810 1242 869 1284 ad
896 1242 1122 1298 gerendas
1148 1240 1424 1297 prouincias,
1455 1239 1487 1282 ii
1507 1241 1715 1283 conferre
1736 1254 1846 1295 ope-

212 1331 286 1362 ras
306 1331 413 1360 suas
435 1325 650 1374 poterunt
671 1319 727 1361 ad
749 1317 996 1362 iuuandam
1017 1317 1280 1363 ministeriis
1300 1316 1543 1362 Societatis
1565 1316 1774 1360 miseram
1792 1330 1845 1359 ac

191 1394 518 1438 *calamitosam
542 1394 773 1439 nationem
795 1402 827 1437 ⁰.

299 1471 390 1515 Vbi
411 1471 695 1515 fundandum
717 1471 961 1528 collegium
982 1471 1198 1526 occurrit,
1223 1479 1467 1527 antequam
1497 1470 1741 1527 recipiatur
1770 1470 1846 1512 uel

209 1547 379 1604 aliquid
399 1549 705 1604 promittatur,
731 1563 824 1591 non
852 1556 923 1592 sat
950 1560 1019 1593 est
1047 1549 1216 1593 habere
1243 1548 1322 1604 qui
1349 1548 1525 1605 possint
1556 1548 1739 1600 docere,
1764 1547 1844 1591 sed

208 1632 387 1682 oportet
408 1626 576 1669 habere
606 1625 685 1680 qui
706 1627 823 1670 bene
850 1625 1047 1669 instituti
1074 1625 1278 1685 moribus
1305 1632 1351 1669 et
1382 1625 1603 1682 religione
1633 1625 1751 1667 bene
1772 1638 1844 1667 or-

209 1701 304 1747 nati
323 1701 430 1754 sint,
455 1710 501 1745 et
523 1702 677 1747 idonei
699 1703 757 1746 ad
778 1703 1128 1759 gubernandum
1150 1703 1413 1760 collegium,
1437 1710 1525 1747 etc.
1550 1700 1586 1745 d.

296 1778 431 1822 Fiant
463 1777 704 1823 missiones
735 1794 792 1823 ex
825 1779 1032 1836 collegiis
1062 1779 1354 1832 Germaniae,
1396 1786 1445 1822 ut
1482 1779 1630 1822 solent
1665 1792 1722 1822 ex
1756 1777 1842 1820 Hi-

207 1855 409 1912 spaniae.
1537 1839 1540 1842 ⁴

296 1933 496 1988 Quando
511 1934 645 1976 datur
666 1933 805 1976 alicui
827 1933 1061 1985 uiaticum,
1080 1941 1300 1989 quantum
1323 1933 1371 1977 id
1387 1933 1462 1986 sit,
1487 1932 1841 1989 significandum

206 2015 278 2054 est
297 2008 378 2061 illi,
401 2010 460 2052 ad
481 2024 616 2065 quem
640 2010 851 2062 mittitur,
878 2018 927 2054 ut
957 2009 1073 2054 sciat
1095 2025 1204 2054 num
1234 2010 1423 2054 nimium
1455 2011 1641 2067 profuse
1668 2025 1840 2066 expen-

206 2085 338 2138 derit,
362 2094 409 2129 et
430 2085 540 2142 quid
562 2086 784 2142 reliquum
807 2087 901 2131 fiat.

295 2162 508 2208 Scribant
535 2171 738 2208 rectores
767 2163 806 2206 si
834 2163 911 2220 qui
939 2164 1031 2206 sint
1060 2164 1246 2218 turbati,
1277 2173 1324 2208 et
1351 2165 1583 2220 quomodo
1619 2165 1835 2217 habeant,

206 2253 324 2295 quos
345 2239 487 2282 scitur
507 2254 600 2283 non
621 2241 768 2285 solere
795 2255 896 2284 esse
917 2239 1113 2296 quietos.

294 2316 426 2360 Ratio
448 2325 518 2361 est
539 2316 817 2361 instituenda
839 2319 1220 2373 quemadmodum
1251 2320 1444 2375 probare
1472 2319 1697 2375 possimus
1727 2333 1836 2374 ope-

203 2407 278 2437 ras
298 2402 475 2437 nostras
497 2394 543 2437 in
566 2401 657 2438 tam
679 2394 835 2438 multis
855 2395 1061 2451 collegiis
1082 2403 1128 2440 et
1151 2403 1242 2439 tam
1267 2396 1404 2440 uariis
1430 2396 1707 2447 ministeriis,
1732 2409 1836 2437 cum

203 2469 300 2514 sint
318 2471 531 2528 permulti
553 2470 799 2515 imbecilles
819 2479 866 2515 et
894 2471 1060 2528 quibus
1087 2487 1247 2528 parum
1268 2474 1437 2516 confidi
1467 2473 1624 2528 possit,
1658 2471 1732 2514 alii
1754 2472 1835 2515 de-

187 2547 311 2606 ‘fessi
336 2557 383 2592 et
410 2548 540 2603 quasi
568 2548 735 2591 defecti
764 2548 953 2601 uiribus,
987 2557 1034 2592 et
1064 2550 1199 2606 pauci
1230 2551 1310 2606 qui
1342 2550 1493 2594 idonei
1526 2549 1633 2605 sint,
1669 2548 1836 2605 quibus

202 2623 442 2670 missiones
463 2625 683 2669 committi
706 2625 895 2682 possint,
920 2626 1051 2682 pauci
1074 2626 1151 2682 qui
1173 2627 1460 2684 superiorum
1486 2641 1651 2669 munus
1673 2638 1834 2681 gerere

271 2798 290 2815 ³
338 2787 450 2823 Hanc
473 2787 702 2834 particulam
732 2786 881 2823 addidit
912 2788 1003 2823 Nat.
1053 2790 1121 2816 —b
1147 2788 1298 2824 Natalis
1333 2799 1447 2823 manu
1477 2785 1624 2828 addita,
1651 2797 1673 2819 a
1702 2784 1832 2819 verbis

131 2856 134 2857 ’
198 2845 334 2893 qualis
348 2846 619 2892 estfundata;
634 2858 734 2894 quae
757 2846 916 2894 quidem
939 2852 1055 2883 antea
1078 2848 1132 2883 ita
1149 2859 1172 2883 a
1189 2848 1348 2886 librario
1366 2847 1511 2892 scripta
1530 2845 1697 2880 fuerant:
1710 2843 1764 2890 fit
1781 2842 1833 2877 si-

200 2905 286 2940 mul
307 2906 477 2941 alantur
498 2906 649 2941 nouitii
670 2917 718 2941 ex
740 2907 943 2942 dotatione
966 2909 1005 2942 et
1027 2907 1280 2953 elemosynis
1303 2906 1549 2952 conquisitis,
1603 2913 1665 2930 —c
1693 2903 1727 2937 A
1747 2913 1831 2937 ver-

200 2964 262 3000 bis
276 2967 315 3000 et
337 2976 418 3000 non
437 2968 605 3011 possunt
629 2965 780 3001 Natalis
798 2977 914 3001 manu
931 2964 1064 3002 addita
1077 2971 1189 3002 sunt.
1244 2967 1309 2993 —d
1336 2966 1484 3001 Ultima
1510 2972 1530 3007 5
1557 2964 1675 2998 verba
1700 2961 1833 2996 addita

198 3028 292 3060 sunt
307 3034 331 3060 a
347 3023 439 3060 Nat.
