2098 3470
339 278 385 323 98
812 280 965 316 Parius
992 280 1235 317 HOERONYm
1261 281 1411 317 NADAL

636 535 899 589 PATRUM
938 536 1284 590 HIERONYMI
1323 536 1587 590 NATALIS

518 653 714 684 NICOLAI
740 655 1044 686 BOBADILLAE
1067 656 1127 686 ET
1150 655 1367 686 ALIORUM
1392 654 1694 686 MONUMENTA

415 730 478 760 AD
502 731 689 760 PRIMAM
712 731 1005 762 GENERALEM
1033 731 1479 764 CONGREGATIONEM
1505 731 1802 762 SPECTANTIA

1086 1038 1126 1082 2

587 1139 813 1184 VOTUM
847 1141 899 1183 Ρ.
937 1141 1193 1198 NICOLAI
1227 1140 1628 1183 BOBADILLAE

1856 1215 1878 1240 ἢ

409 1246 459 1275 IN
483 1247 672 1276 ALTERA
696 1247 1106 1278 CONGREGATIONE
1130 1248 1341 1286 PATRUM,
1367 1248 1429 1277 DE
1457 1247 1553 1276 NON
1577 1246 1805 1277 ADEUNDO

940 1325 988 1354 IN
1012 1325 1278 1355 HISPANIAM

777 1450 936 1488 ROMAE,
964 1450 1255 1486 Aluum-mmo,
1286 1450 1375 1486 1557
1394 1442 1403 1461 ¹
1423 1468 1431 1475 .

1001 1581 1222 1612 ARTICOLI

377 1697 667 1754 Propositum
690 1706 708 1724 ³
730 1698 816 1741 fuit
839 1698 926 1756 [an]
947 1705 1068 1742 esset
1090 1699 1291 1742 eundum
1313 1697 1358 1740 in
1382 1696 1644 1753 Hispanias,
1666 1698 1725 1739 ad
1747 1696 1922 1752 capitu-

286 1775 378 1816 lum
416 1775 632 1831 generale
671 1775 911 1820 Societatis
938 1776 1197 1819 habendum
1220 1774 1261 1827 b,
1296 1782 1340 1819 et
1373 1789 1431 1816 an
1462 1774 1658 1830 petenda
1685 1772 1868 1816 licentia
1895 1789 1921 1817 a

286 1852 343 1894 D.
373 1853 512 1907 Papa.

836 1985 1104 2015 RESPONSIO
1128 1984 1373 2014 NEGATIUA

376 2083 422 2124 In
446 2082 618 2138 primis,
645 2084 765 2139 quod
789 2098 883 2126 non
906 2097 1038 2139 spero
1062 2091 1111 2125 ut
1138 2083 1343 2139 pontifex
1372 2066 1602 2138 permittat
1624 2088 1655 2134 c;
1683 2095 1784 2124 narn
1815 2095 1920 2124 san-

353 2217 370 2234 a
422 2207 680 2252 Prepositum
701 2219 772 2242 ms.
822 2209 889 2254 ÷b
914 2208 998 2242 hm?
1018 2219 1094 2242 ms.
1150 2216 1214 2234 -ε
1235 2206 1451 2254 permictat
1477 2217 1551 2241 ms.
1576 2205 1639 2241 hic
1657 2211 1697 2240 et
1715 2205 1824 2242 alias.

358 2318 369 2339 ¹
420 2319 479 2353 Ex
504 2320 727 2365 apographo
751 2330 912 2365 coaevo,
940 2319 979 2354 in
1003 2319 1139 2355 codice
1159 2318 1218 2354 De
1246 2319 1362 2354 rebus
1379 2329 1519 2365 congr.
1533 2330 1629 2364 gen.
1657 2317 1693 2352 I-
1703 2317 1744 2361 V,
1779 2317 1922 2364 triplici

287 2378 370 2423 fol„
388 2378 564 2423 69v—71r.
590 2379 766 2413 Duorum
784 2378 1079 2414 amanuensium
1098 2389 1234 2413 manus
1253 2377 1292 2412 in
1310 2378 1384 2412 hoc
1402 2381 1653 2412 monumento
1675 2376 1920 2423 conspiciun-

286 2443 362 2480 tur,
387 2448 552 2484 quorum
577 2437 682 2484 prior
705 2437 850 2473 desinit
871 2438 910 2473 in
936 2437 1012 2473 inis
1037 2436 1169 2472 verbis
1192 2436 1278 2482 (fol.
1308 2439 1412 2481 70v):
1439 2436 1503 2471 «in
1526 2447 1674 2482 genere
1698 2441 1738 2471 et
1756 2436 1921 2483 spetiem,

279 2496 445 2543 Reliqua
463 2508 485 2532 a
502 2496 852 2532 secundo-librario
869 2498 1014 2543 scripta
1031 2502 1137 2542 sunt,
1156 2497 1222 2543 qui
1240 2496 1358 2531 etiam
1377 2495 1620 2542 transcripsit
1644 2495 1922 2531 documentum

281 2556 356 2591 sub
374 2567 414 2590 n.
432 2555 456 2590 6
474 2554 659 2602 positum,
678 2554 780 2603 quod
799 2555 852 2591 ita
877 2555 1026 2601 incipit:
1058 2554 1295 2590 «Verissima
1320 2553 1664 2592 informatione...»
1690 2553 1858 2600 Quando
1882 2559 1922 2589 et

279 2625 355 2661 qua
378 2613 427 2649 de
451 2625 569 2650 causa
594 2615 668 2651 hoc
691 2614 880 2661 scriptum
904 2626 926 2649 a
950 2613 1152 2649 Bobadilla
1177 2614 1423 2648 lucubratum
1448 2611 1581 2658 fuerit,
1610 2612 1759 2648 eruitur
1776 2624 1826 2648 ex
1843 2612 1922 2648 illis

278 2672 410 2708 verbis
434 2673 479 2708 P.
506 2673 659 2708 Natalis
684 2673 725 2708 in
748 2673 829 2708 suis
856 2673 1204 2720 Ephemeridibus‚
1231 2672 1348 2707 editis
1373 2671 1412 2707 in
1444 2672 1572 2718 Epist.
1604 2672 1653 2708 P.
1685 2671 1838 2715 Nadal,
1869 2672 1920 2717 11,

279 2744 369 2779 pag.
393 2731 448 2767 13:
470 2732 619 2778 «Igitur
636 2732 752 2767 dictis
771 2732 928 2767 Patrum
943 2731 1151 2767 sententiis
1169 2733 1340 2776 (eramus
1359 2731 1463 2766 enim
1482 2742 1619 2766 omnes
1640 2731 1714 2777 14),
1734 2730 1778 2767 P.
1797 2731 1922 2766 Boba-

279 2792 372 2828 dilla
386 2798 426 2828 et
441 2791 578 2828 Simon
591 2797 830 2828 censuerunt
845 2802 918 2827 nec
932 2790 1103 2826 eundum
1118 2790 1157 2825 in
1171 2790 1418 2837 Hispaniam,
1433 2801 1506 2825 nec
1525 2801 1571 2825 ea
1584 2789 1634 2825 de
1651 2801 1694 2825 re
1711 2789 1920 2836 petendam

281 2850 480 2887 licentiam
499 2862 520 2886 a
538 2861 690 2886 summo
709 2850 931 2898 pontifice.»
951 2849 1012 2887 Cf.
1039 2850 1241 2896 ASTRA1N‚
1268 2848 1457 2884 Historia
1481 2850 1528 2884 de
1552 2849 1594 2884 la
1622 2849 1847 2895 Campania
1873 2849 1921 2884 de

271 2911 391 2956 Jeszis
409 2922 458 2945 en
485 2909 527 2944 za
545 2909 762 2945 asistencia
785 2910 834 2944 de
858 2909 1037 2955 Espaffa,
1065 2913 1161 2943 tom.
1193 2908 1243 2951 ΙΙ,
1262 2907 1331 2943 lib.
1351 2908 1382 2954 Ι,
1402 2919 1487 2954 cap.
1507 2908 1536 2945 Ι.
1557 2907 1691 2943 Multis
1708 2907 1805 2942 haec
1829 2918 1921 2953 apo-

277 2970 424 3016 grapha
444 2969 596 3005 mendis
627 2969 900 3016 deturpantur,
918 2981 1019 3016 quae
1037 2967 1258 3015 emendare,
1281 2968 1428 3003 monito
1452 2973 1584 3003 tamen
1607 2968 1766 3013 lectore,
1793 2967 1920 3002 visum

280 3034 354 3072 est,
373 3029 521 3064 relictis
540 3028 601 3074 iis,
621 3040 721 3076 quae
741 3028 901 3064 minoris
919 3034 1010 3064 sunt
1029 3027 1231 3071 momenti,
1250 3032 1293 3062 ut
1312 3027 1448 3074 ispani
1471 3037 1540 3073 pro
1562 3026 1738 3072 hispani,
1763 3029 1922 3072 oportu-

282 3099 356 3122 nus
376 3097 444 3134 pro
463 3089 732 3134 opportunus»
752 3093 829 3123 etc.
