2098 3470
599 214 952 249 Annon-rainonis
976 213 1055 247 ὁμο
1080 210 1399 255 nemen-67
1699 209 1771 254 669

177 331 270 360 rem
293 315 520 372 reperiant
544 314 806 360 methodum
829 312 1095 356 instituendi
1119 326 1277 356 omnes
1306 313 1362 355 ad
1390 312 1641 357 orationem
1673 321 1719 355 et
1742 327 1818 355 re-

182 407 283 436 rum
304 391 603 448 spiritualium
627 390 935 448 cognitionem
959 398 1004 433 et
1027 390 1175 432 vsum!

268 469 390 512 Huic
412 468 662 512 ministerio
691 469 744 512 P.
770 467 975 524 Ignatius
997 474 1173 510 tantum
1198 465 1372 518 tribuit,
1397 473 1617 521 quantum
1642 465 1803 522 potuit.

181 545 380 589 Maxima
402 560 526 588 arma
548 545 721 590 solebat
758 545 871 588 haec
891 551 1043 587 nostra
1082 542 1360 599 praedicare,
1400 542 1567 597 quibus
1589 543 1646 584 ad
1668 542 1812 598 ipsius

179 621 414 666 seruitium
439 624 566 666 Deus
597 629 770 664 tantam
791 621 978 665 dederat
999 619 1264 671 efficaciam,
1291 633 1440 675 neque
1468 619 1600 662 aliam
1635 621 1815 663 metho-

178 700 287 742 dum
311 699 452 742 voluit
475 713 671 754 vnquam
709 697 924 741 orationis
947 698 1018 740 vel
1054 698 1163 741 dare
1199 697 1272 741 vel
1309 695 1585 753 permittere.
1614 697 1814 739 Primam

180 775 503 832 experientiam
535 783 558 828 ,³
579 776 636 818 de
659 774 747 827 his,
787 774 864 830 qui
887 789 936 818 se
967 775 1142 817 dedunt
1169 772 1402 826 Societati‚
1428 773 1572 816 voluit
1594 787 1676 828 per
1704 775 1818 816 haec

181 851 394 895 exercitia
416 851 608 904 institui3
634 851 742 894 huic
764 850 884 894 enim
905 850 1078 894 sciebat
1097 849 1316 905 principia
1333 848 1481 906 accipi
1499 856 1545 893 et
1568 849 1677 900 vim,
1697 849 1819 891 vnde

183 930 242 972 ad
257 943 443 973 omnem
468 928 684 972 orationis
706 927 1027 984 perfectionem
1061 934 1121 982 et,
1148 927 1186 970 si
1209 926 1336 978 velis,
1362 926 1685 970 sublimitatem
1708 940 1819 968 eua—

185 1005 294 1049 dere
314 1005 553 1062 possimus.
582 1006 672 1048 Per
693 1003 924 1056 exercitia,
949 1004 986 1047 si
1009 1003 1085 1059 qui
1115 1003 1277 1059 spiritu
1306 1002 1668 1056 debilitarentur,
1693 1003 1819 1045 vole-

186 1083 264 1124 bat
280 1081 403 1124 refici
426 1088 564 1136 atque
585 1081 795 1134 recreari3
820 1088 881 1133 et,
908 1088 954 1123 vt
977 1095 1067 1123 vno
1089 1080 1229 1123 verbo
1251 1079 1415 1132 dicam,
1441 1080 1718 1135 contendere
1736 1095 1823 1123 nos

188 1158 325 1201 vitam
347 1157 502 1202 viuere
520 1157 797 1214 spiritualem
821 1143 1002 1202 volebat
1019 1171 1099 1213 per
1116 1156 1346 1209 exercitia;
1368 1171 1448 1212 per
1465 1171 1518 1200 ea
1537 1171 1620 1199 nos
1636 1156 1818 1208 instrui,

188 1250 269 1292 per
290 1249 344 1278 ea
381 1235 586 1291 spiritum
619 1243 665 1279 et
701 1234 991 1279 deuotionem
1030 1233 1291 1278 conseruari
1329 1233 1375 1276 in
1407 1233 1539 1277 nobis
1577 1241 1622 1278 et
1645 1233 1821 1290 augeri;

189 1327 294 1355 nam
316 1312 493 1355 etiamsi
516 1312 759 1367 aliquando
781 1312 994 1356 secedere
1010 1312 1068 1355 ad
1083 1311 1299 1355 exercitia
1317 1311 1598 1354 fructuosius
1615 1311 1829 1354 obeunda

187 1390 423 1442 debemus,
447 1395 698 1445 perpetuus
719 1403 819 1432 esse
836 1389 971 1432 debet
993 1387 1126 1431 nobis
1154 1387 1475 1432 exercitiorum
1505 1402 1614 1431 vsus
1637 1387 1683 1430 in
1707 1401 1823 1442 quo-

190 1465 372 1518 tidianis
394 1465 563 1508 nostris
585 1464 955 1509 meditationibus
976 1463 1435 1520 atque'orationibus.

282 1543 345 1587 Vt
367 1549 518 1585 autem
548 1543 605 1584 ad
633 1542 720 1584 alia
749 1541 1012 1597 ministeria,
1044 1542 1108 1584 ita
1144 1542 1201 1584 ad
1222 1543 1308 1584 hoc
1338 1550 1445 1584 sunt
1483 1541 1639 1586 selecti
1665 1544 1829 1585 Patres

192 1618 440 1676 deligendi,
481 1619 558 1673 qui
591 1619 807 1662 facultate
845 1618 1039 1662 naturali
1074 1618 1249 1662 habiles
1286 1618 1543 1672 videantur;
1574 1634 1664 1662 non
1702 1618 1821 1662 enim

188 1710 348 1740 omnes
369 1697 455 1738 hac
478 1696 694 1739 facultate
717 1696 886 1748 valent3
922 1696 1001 1739 sed
1025 1694 1142 1751 siqui
1169 1703 1333 1752 natura
1354 1703 1463 1738 sunt
1486 1697 1543 1738 ad
1573 1695 1822 1738 orationem

187 1770 402 1830 propensi
423 1779 469 1816 et
492 1772 725 1828 pietatem,
751 1772 787 1815 si
811 1773 1074 1828 prudentes,
1105 1772 1244 1827 cauti,
1275 1780 1412 1828 atque
1442 1772 1760 1829 circumspecti
1783 1781 1828 1816 et

187 1857 390 1894 amantes
412 1849 649 1892 virtutum.
671 1851 834 1905 Neque
857 1850 1002 1893 solum
1022 1849 1068 1892 in
1091 1850 1161 1893 his
1183 1858 1252 1893 est
1276 1850 1521 1907 deligenda
1550 1850 1625 1892 illa
1648 1857 1832 1893 natura-

185 1927 241 1970 lis
262 1927 485 1983 aptitud0‚
511 1927 591 1969 sed
614 1927 778 1978 virtus,
811 1926 1016 1980 deuotio,
1049 1924 1314 1972 exercitatio
1347 1942 1499 1970 rerum
1527 1916 1832 1983 spiritualium

186 2011 233 2047 et
257 2018 380 2056 vsus,
407 2011 503 2046 turn
532 2003 775 2056 institutio,
810 2018 946 2059 quam
984 2004 1209 2060 acceperit
1246 2006 1304 2047 ab
1326 2004 1397 2058 iis,
1426 2004 1502 2060 qui
1534 2012 1641 2050 sunt
1664 2004 1710 2047 in
1735 2012 1829 2047 tra-

187 2080 349 2124 dendis
374 2080 601 2124 exercitiis
618 2079 870 2124 exercitati.

277 2158 429 2201 Vnum
451 2157 488 2200 si
512 2157 675 2210 dicam,
695 2158 752 2200 ad
771 2157 856 2200 alia
882 2168 1078 2203 transeo:
1098 2173 1219 2210 eum,
1240 2159 1318 2214 qui
1334 2159 1567 2215 dispensat
1590 2156 1822 2209 exercitia,

191 2233 252 2277 ita
290 2233 534 2278 deuotione
569 2234 735 2278 debere
773 2235 894 2277 affici
917 2234 963 2277 in
987 2234 1219 2278 tradendis
1246 2235 1490 2287 exercitiis,
1522 2235 1585 2278 ita
1613 2234 1823 2278 sensibus

191 2309 498 2366 spiritualibus
518 2310 790 2366 permoueri‚
817 2319 865 2353 vt
886 2325 942 2354 ex
965 2312 1244 2354 abundantia
1276 2320 1321 2356 et
1349 2311 1517 2355 virtute
1549 2326 1658 2354 suae
1681 2312 1824 2353 deuo-

192 2385 327 2430 tionis
348 2394 393 2430 et
414 2401 577 2430 sensus
597 2386 645 2429 in
667 2389 771 2441 X.⁰,
802 2388 977 2432 etiamsi
1006 2389 1164 2444 paucis
1185 2389 1338 2433 verbis
1366 2390 1595 2445 agendum
1625 2387 1709 2444 ipsi
1740 2395 1823 2439 est,

192 2467 341 2507 tar‘nen
358 2463 448 2506 vim
471 2463 726 2519 imprimere
750 2465 894 2520 possit
914 2464 972 2516 ei,
1004 2480 1139 2520 quem
1162 2465 1360 2509 instruit.
1394 2466 1521 2508 Illum
1555 2465 1660 2508 item
1693 2465 1827 2508 debet

191 2538 349 2582 iuuare
370 2539 664 2591 orationibus,
690 2540 853 2584 missae
874 2541 1124 2594 sacrificiis,
1150 2544 1264 2585 haec
1287 2542 1422 2586 etiarn
1448 2543 1503 2584 ab
1529 2541 1627 2584 aliis
1649 2555 1731 2597 pro
1752 2540 1828 2582 illo

190 2615 447 2672 impetrare.
474 2615 567 2672 Qui
585 2631 692 2659 vero
714 2628 969 2670 exercetur,
995 2618 1058 2661 ita
1079 2618 1216 2663 debet
1232 2619 1427 2674 primum
1454 2633 1629 2674 parare,
1656 2625 1722 2669 vt,
1750 2632 1828 2660 ex-

191 2693 318 2737 clusa
339 2692 461 2736 omni
482 2692 761 2748 curiositate,
786 2707 890 2736 cum
915 2694 1203 2750 simplicitate
1234 2695 1384 2738 cordis
1412 2703 1457 2738 et
1486 2694 1742 2738 humilitate
1767 2694 1828 2736 ita

193 2769 391 2823 secedat,
421 2777 486 2821 vt,
520 2769 734 2812 Vniuerso
769 2771 857 2813 hoc
895 2771 1050 2815 seculo
1081 2771 1290 2815 seiuncto
1326 2771 1359 2825 b,
1400 2773 1456 2814 ad
1480 2771 1564 2814 Dei
1588 2771 1758 2827 regiam
1783 2778 1828 2815 et

193 2840 680 2914 colloquium-accedat
701 2861 782 2902 per
804 2846 1035 2901 exercitia,
1061 2847 1380 2893 intellecturus
1404 2848 1512 2903 quid
1542 2847 1651 2891 velit
1674 2847 1829 2890 Domi-

264 2955 676 3004 22-1‘11msaesequitur
706 2957 926 3000 constituit,
945 2958 1048 3005 quod
1080 2960 1318 3005 superfluum
1344 2959 1511 2995 videtur.
1564 2960 1630 2986 —b
1656 2958 1830 2994 Confuse

196 3020 412 3052 exaratum.
