2098 3470
700 249 937 290 Onnoms
960 256 1309 287 onsssnvxrxonsss
1315 257 1406 294 -70
1753 257 1826 294 709

200 406 208 409 a
223 353 403 398 etiamsi
423 355 502 398 dat
522 353 751 406 vnionem‚
776 351 976 409 perfecta
998 358 1150 394 tamen
1172 350 1279 392 vnio
1300 356 1347 393 et
1367 362 1621 393 concursus
1649 350 1734 393 Dei
1763 364 1869 406 per-

227 433 377 476 fectus
402 445 483 488 per
509 430 775 474 charitatem
807 427 991 485 respicit
1017 428 1076 471 ad
1102 428 1239 472 fidem
1265 427 1456 482 eiusque
1478 435 1682 470 sanctam
1705 442 1868 484 opera‘

225 508 420 560 tionem,
450 515 501 551 vt
527 508 587 551 ad
612 505 884 564 principium
911 513 958 550 et
980 505 1201 557 radicem,
1236 519 1327 546 non
1356 511 1406 554 vt
1434 504 1492 547 ad
1520 504 1866 560 perfectionem.

230 585 353 630 Hinc
385 586 436 629 fit
468 593 516 628 vt
548 585 609 628 sit
637 583 816 627 initium
847 583 961 626 fides
990 582 1139 626 omnis
1169 580 1520 633 iustificationis,
1556 595 1648 624 non
1687 588 1735 623 vt
1771 582 1867 624 sola

227 662 461 707 iustificet.

316 737 475 794 Itaque
501 738 550 781 in
582 739 686 782 luce
715 745 762 781 et
792 735 1012 793 principio
1043 736 1149 779 fidei
1181 735 1501 791 ac2lsscipimus
1533 735 1684 778 omnia
1715 750 1866 779 sacra-

227 823 396 868 menta,
415 815 567 859 omnia
586 815 707 858 dona
726 814 829 866 Dei,
853 827 1011 857 omnes
1032 812 1119 857 Dei
1140 812 1426 869 operationes
1446 826 1546 856 esse
1568 812 1615 854 in
1637 812 1768 855 nobis
1785 826 1868 855 ve-

228 907 300 936 ras
326 899 374 937 et
398 893 626 944 efficaces,
655 899 702 936 et
727 906 895 949 magna
925 890 1226 934 illustratione
1257 889 1576 946 cognoscimus
1609 903 1700 932 non
1732 889 1865 932 iusti-

224 970 363 1012 ficare
383 984 467 1012 nos
488 969 633 1013 solam
655 969 808 1022 fidem,
839 969 919 1012 sed
945 967 1071 1024 quid,
1102 981 1195 1023 quo
1221 966 1396 1019 ordine,
1426 966 1474 1008 in
1503 966 1634 1009 nobis
1662 966 1865 1022 perficiat

217 1045 615 1098 *iustificationem,
639 1052 797 1102 aperte
817 1045 1178 1101 contemplamur
1193 1043 1241 1086 in
1256 1044 1446 1087 lumine.

314 1122 364 1167 Si
379 1122 482 1178 quis
498 1129 697 1179 purgato
713 1129 833 1166 esset
849 1121 1015 1175 animo,
1034 1120 1223 1165 sentiret
1239 1119 1394 1164 diuina
1410 1119 1640 1176 mysteria,
1654 1127 1703 1162 vt
1718 1120 1861 1163 verbo

222 1198 312 1243 >Dei
340 1199 541 1244 exterius
568 1199 700 1242 nobis
726 1205 1060 1255 proponuntur,
1094 1197 1158 1241 ita
1188 1197 1395 1241 interius.
1431 1199 1553 1241 Num
1585 1199 1672 1240 hoc
1708 1195 1864 1240 «Beati

228 1277 401 1319 mundo
423 1277 580 1330 corde,
603 1276 820 1333 quoniam
853 1278 911 1327 ¹»,
935 1282 1026 1321 etc.

313 1353 594 1410 Principium
626 1353 765 1397 totius
796 1353 1042 1410 spiritualis
1073 1352 1209 1404 vitae,
1244 1352 1391 1410 gratia
1423 1360 1468 1397 et
1506 1352 1652 1395 virtus
1688 1351 1861 1403 diuina,

220 1429 356 1473 cuius
377 1445 541 1474 sensus
562 1430 749 1487 spiritus
777 1430 1001 1475 redundat
1028 1431 1086 1473 ad
1111 1444 1191 1474 cor
1217 1444 1271 1473 ac
1299 1429 1510 1482 sentitur3
1540 1429 1646 1472 hinc
1674 1429 1790 1473 fides
1818 1437 1864 1472 et

223 1506 498 1562 reliquarum
537 1507 757 1551 virtutum
794 1507 1096 1563 operationes:
1132 1509 1246 1551 haec
1277 1506 1425 1564 gratia
1462 1514 1676 1562 augetur,
1716 1506 1863 1550 donec

213 1583 343 1626 dono
364 1583 452 1628 Dei
473 1584 728 1638 infunditur
748 1585 951 1641 perfecta
971 1584 1134 1641 gratia,
1154 1598 1272 1640 quae
1292 1591 1363 1627 est
1384 1583 1583 1627 charitas
1612 1592 1658 1627 et
1685 1582 1863 1626 iusticia

217 1659 269 1703 in
299 1660 514 1704 cordibus
546 1660 711 1704 nostris
742 1661 1004 1713 inhaerens,
1038 1675 1092 1704 ac
1123 1662 1243 1718 Xpo.
1279 1675 1364 1704 nos
1395 1661 1596 1717 perfecte
1624 1661 1787 1704 vniens
1817 1659 1864 1702 in

216 1736 392 1793 Spiritu
429 1746 610 1790 sanct03
649 1742 738 1785 22⁰
774 1738 897 1782 vnde
934 1752 1114 1781 rursum
1155 1753 1382 1782 summum
1424 1744 1549 1782 extat
1592 1736 1864 1794 principium
1927 1721 1934 1725 ¹

221 1813 422 1858 omnium
449 1814 764 1871 operationum
792 1814 839 1857 in
867 1816 984 1861 De0.
1013 1815 1083 1858 Ex
1107 1816 1196 1858 hac
1222 1815 1486 1871 operatione
1515 1814 1656 1858 sensit
1678 1814 1862 1869 quidam

220 1905 434 1948 magnam
454 1891 547 1934 vim
564 1892 622 1935 ad
638 1891 809 1948 optima
826 1905 1050 1947 quaeque,
1065 1900 1112 1935 et
1126 1891 1380 1937 libertatem
1398 1892 1625 1947 quandam
1645 1905 1862 1946 asseque-

219 1968 355 2011 batur
374 1983 428 2012 ac
448 1969 614 2021 lucem,
640 1983 730 2024 qua
750 1976 796 2012 et
824 1967 1088 2012 affectiones
1114 1968 1252 2012 animi
1280 1983 1334 2012 ac
1363 1968 1638 2012 tentationes
1665 1967 1860 2024 dissipa-

221 2044 409 2097 bantur,
440 2058 494 2088 ac
521 2060 650 2089 suam
678 2045 905 2090 miseriam
933 2059 987 2088 ac
1014 2052 1200 2102 peccata
1225 2047 1634 2102 contemplaretur,
1669 2045 1861 2089 aliorum

216 2131 309 2164 non
329 2129 498 2178 posset.
524 2123 594 2166 Ex
615 2122 688 2166 his
709 2121 932 2166 intellexit
953 2121 1063 2177 quid
1090 2121 1149 2165 sit
1174 2122 1311 2166 fidem
1338 2138 1420 2179 per
1446 2123 1718 2166 charitatem
1750 2136 1860 2177 ope-

212 2197 323 2240 rari.
348 2198 477 2251 Item,
502 2199 612 2255 quid
633 2198 692 2242 sit
714 2200 839 2254 quod
862 2198 1014 2254 arguit
1035 2201 1202 2255 Xpus.:
1231 2199 1383 2255 «Quid
1400 2207 1553 2244 autem
1572 2199 1861 2253 videsfestu-

222 2288 322 2317 cam
345 2275 393 2318 in
419 2276 608 2319 oculo...
639 2277 683 2315 ἰ»

310 2352 550 2395 Confessio
572 2352 818 2408 generalis,
842 2367 898 2395 ex
926 2351 1172 2396 deuotione
1198 2352 1245 2395 in
1273 2351 1457 2397 Patrem
1482 2353 1710 2409 Ignatium
1744 2366 1859 2394 con--

218 2434 369 2483 cepta,
393 2442 499 2471 cum
520 2427 752 2484 proposito
773 2428 895 2472 vitae
913 2429 1220 2474 renouandae.

309 2505 464 2547 Homo
484 2503 672 2547 interior
693 2504 1058 2557 constituendus,
1077 2505 1156 2560 qui
1171 2506 1320 2550 verior
1338 2514 1406 2550 est
1426 2507 1550 2548 haud
1567 2505 1705 2549 dubie
1722 2519 1858 2560 quam

216 2579 432 2624 exterior.
458 2581 501 2624 Is
522 2589 703 2624 creatus
731 2588 803 2624 est
828 2595 855 2623 a
886 2582 985 2624 Deo
1014 2580 1063 2623 in
1090 2583 1228 2638 Xpo.:
1260 2582 1396 2625 huius
1425 2591 1494 2626 est
1522 2589 1658 2638 caput
1687 2583 1852 2637 Xpus.;

208 2663 360 2711 tatque
381 2657 498 2700 adeo
519 2658 667 2713 Xpus.
692 2664 762 2700 est
784 2656 981 2700 hominis
1002 2657 1168 2701 interni
1190 2667 1237 2703 et
1258 2667 1396 2715 caput
1418 2667 1464 2701 et
1486 2672 1672 2714 corpus,
1703 2665 1752 2699 vt
1780 2671 1857 2700 ec—

208 2731 401 2776 ·cloeiae.
426 2734 476 2776 In
498 2735 619 2790 Xpo.
642 2733 763 2776 enim
785 2741 854 2776 est
875 2741 922 2776 et
948 2733 1220 2790 principium
1249 2735 1396 2778 omnis
1423 2733 1668 2791 spiritualis
1696 2748 1857 2790 opera-

209 2809 373 2863 -tionis,
396 2817 443 2853 et
464 2809 667 2872 operatio
687 2810 822 2853 simul
843 2809 1005 2862 omnis,
1030 2818 1077 2853 et
1096 2812 1369 2864 substantia,
1395 2820 1440 2855 et
1462 2825 1641 2862 sensus,
1666 2818 1712 2855 et
1735 2810 1847 2853 vita.

220 2887 270 2930 In
299 2888 390 2930 hoc
421 2886 571 2942 capite
602 2886 728 2942 viget
760 2886 1034 2939 intellectus,
1069 2894 1117 2930 et
1136 2888 1366 2941 voluntas,
1402 2895 1447 2930 et
1476 2887 1692 2930 memoria
1719 2886 1857 2929 intel-

292 3053 302 3072 ·
354 3051 542 3098 MATTH„
562 3052 612 3098 V,
631 3052 667 3087 8.
1191 3055 1207 3075 ³
1258 3054 1414 3089 MATTH
1436 3083 1443 3098 ,
1467 3053 1551 3097 Vll,
1571 3052 1606 3089 3.
