2098 3470
354 275 425 312 240
826 269 981 306 Plu-ms
1006 270 1250 325 Hmnonym
1276 269 1428 306 NADAL

306 367 450 421 uium,
482 368 570 411 nisi
599 369 724 425 prius
751 369 966 426 petiuerit
993 378 1039 414 et
1067 370 1293 426 acceperit
1324 385 1583 427 expressam
1622 372 1882 418 facultatem
1918 387 1944 417 a

306 452 502 498 rectore,
524 445 602 501 qui
619 461 719 489 eam
737 449 990 492 concedere
1006 447 1188 503 poterit,
1209 454 1434 502 quatenus
1451 447 1497 490 in
1515 448 1711 492 Domino
1733 448 1946 505 expedire

307 521 596 575 iudicauerit;
629 524 709 567 sed
737 523 909 567 socium
940 531 1091 567 tamen
1121 523 1357 579 adiungat,
1390 523 1468 579 qui
1494 538 1599 567 curn
1628 523 1947 570 aedificatione

308 597 530 643 interesse
551 599 692 655 possit
714 600 947 653 conuiuio,
974 615 1052 656 per
1074 601 1197 655 quod
1219 614 1311 642 non
1339 615 1496 652 coena,
1528 602 1608 644 sed
1635 602 1780 644 solum
1810 616 1944 658 pran-

305 674 431 717 dium
455 675 806 733 intelligendum
832 677 1029 720 uidetur.

396 753 519 796 Nulli
554 753 736 796 dabitur
774 755 986 807 facultas,
1020 762 1069 796 ut
1106 761 1180 798 eat
1212 755 1269 798 ad
1306 753 1572 797 conuiuium
1611 754 1817 810 aliquod,
1860 754 1945 798 nisi

305 829 437 884 plane
462 829 669 874 uideatur
691 831 853 886 aliquis
875 831 1119 887 spiritualis
1148 832 1324 874 fructus
1354 845 1487 887 posse
1515 831 1687 884 referri;
1719 838 1764 875 et
1795 839 1946 876 tamen

305 906 361 947 ad
385 907 506 949 solas
528 907 738 951 mulieres
761 923 995 963 nunquam
1019 908 1166 960 ibunt,
1191 907 1277 950 nisi
1299 908 1356 950 ad
1378 908 1496 950 solas
1518 907 1742 961 duxissas,
1769 907 1807 951 si
1837 905 1946 951 con-

307 982 506 1039 tingeret
528 991 707 1027 nostros
730 986 786 1028 ab
809 985 896 1028 illis
917 983 1117 1027 inuitari.

395 1061 470 1103 Ad
493 1060 614 1104 uiros
636 1077 693 1105 ne
715 1070 837 1114 eant,
863 1061 949 1104 nisi
972 1060 1033 1103 illi
1055 1069 1208 1105 essent
1230 1060 1444 1117 primarii,
1476 1061 1643 1104 iudicio
1676 1061 1944 1118 superioris,

307 1143 351 1180 et
374 1137 567 1181 sciretur
584 1140 680 1182 fore
703 1139 968 1182 conuiuium
991 1138 1210 1181 sobrium.

394 1214 445 1257 In
467 1215 680 1258 conuiuio
698 1216 809 1258 nulli
829 1215 1003 1259 mulieri
1023 1215 1304 1271 praebibant,
1325 1230 1410 1260 nec
1427 1215 1517 1258 cibi
1534 1222 1708 1271 partem
1726 1216 1939 1269 offerant3

305 1291 342 1334 si
376 1299 526 1336 tamen
558 1292 720 1336 mulier
748 1293 897 1348 aliqua
926 1292 1091 1335 nostris
1122 1292 1380 1348 praebibat,
1421 1293 1725 1348 respondeant
1766 1300 1944 1336 tantum

307 1354 506 1412 duxissis
526 1377 561 1413 ³.

395 1446 516 1490 Viris
538 1447 811 1503 respondere
833 1453 1040 1503 possunt,
1066 1447 1147 1490 sed
1169 1460 1402 1502 nunquam
1425 1447 1481 1490 ad
1511 1446 1722 1501 aequales
1754 1448 1947 1490 haustus

304 1538 455 1578 neque
482 1523 853 1580 intemperanter:
885 1531 930 1566 et
960 1523 1143 1566 omnino
1175 1538 1408 1578 nunquam
1438 1524 1624 1566 modum
1653 1523 1838 1566 uirtutis
1869 1537 1946 1567 ex—

305 1601 471 1643 cedant
493 1600 538 1643 in
562 1610 672 1657 potu
696 1602 769 1645 uel
792 1601 909 1644 cibo.
938 1603 1137 1644 Possunt
1159 1600 1294 1644 etiam
1315 1599 1423 1643 uiris
1445 1599 1710 1656 praebibere
1738 1607 1784 1644 et
1810 1614 1945 1656 prae-

308 1677 536 1730 scindere,
562 1678 643 1722 sed
666 1692 766 1721 raro
789 1685 834 1721 et
855 1677 984 1722 raris.

396 1755 641 1809 Nunquam
663 1754 942 1810 transigatur
965 1762 1110 1797 totum
1134 1740 1398 1798 conuiuium
1419 1753 1657 1796 inutilibus
1688 1752 1945 1808 colloquiis,

305 1837 351 1873 et
374 1845 493 1874 uana
515 1831 699 1874 omnino
723 1831 940 1884 uitentur,
966 1839 1188 1887 quantum
1211 1831 1258 1874 in
1281 1831 1389 1887 ipsis
1412 1830 1511 1875 erit.
1538 1832 1662 1874 Dent
1690 1844 1800 1874 uero
1833 1843 1945 1886 ope·

306 1923 401 1951 ram
432 1914 484 1951 ut
512 1922 705 1964 semper,
737 1915 923 1964 accepta
953 1908 1104 1965 aliqua
1132 1907 1385 1963 occasione,
1417 1907 1586 1963 aliquid
1614 1907 1781 1960 dicant,
1813 1907 1938 1962 quod

307 1984 587 2041 spiritualem
626 1993 671 2030 et
707 1984 1006 2028 christianum
1044 1986 1297 2042 profectum
1335 2000 1508 2037 eorum,
1541 1999 1618 2041 qui
1648 1984 1941 2035 accumbunt,

307 2061 466 2106 iuuare
489 2061 647 2119 possit.

395 2140 532 2184 Haec·
549 2153 652 2182 cum
675 2139 736 2183 ita
759 2139 865 2192 sint,
892 2154 981 2182 non
1007 2147 1158 2183 tamen
1180 2139 1365 2183 tetricos
1393 2154 1441 2182 se
1469 2138 1712 2182 exhibeant
1739 2138 1814 2182 uel
1842 2151 1944 2180 mo-

307 2230 433 2260 rosos
455 2216 501 2259 in
522 2216 754 2269 conuiuio,
780 2217 860 2260 sed
882 2216 1094 2272 religiose
1117 2216 1284 2259 hilares
1305 2225 1351 2259 et
1372 2215 1610 2259 iucundos.

396 2293 616 2337 Seruetur
638 2293 812 2348 regula,
839 2307 955 2347 quae
983 2295 1204 2336 hactenus
1233 2300 1301 2335 est
1330 2299 1511 2336 seruata
1539 2292 1585 2335 in
1615 2291 1858 2344 Societate,
1893 2300 1944 2334 ut

306 2371 459 2412 nullus
481 2371 615 2413 domo
637 2376 769 2414 exeat
791 2371 963 2425 absque
987 2370 1126 2423 socio,
1153 2383 1287 2425 quem
1310 2369 1351 2412 ei
1374 2369 1630 2413 adiunxerit
1653 2368 1875 2425 superior,
1900 2375 1946 2411 et

308 2446 430 2491 dicat
452 2447 673 2503 superiori
696 2461 786 2503 quo
808 2455 988 2499 exeant,
1016 2458 1060 2492 et
1083 2461 1172 2502 qua
1194 2447 1251 2489 de
1273 2461 1426 2490 causa.

399 2526 470 2567 De
493 2524 759 2569 mulieribus
781 2531 990 2567 seruetur
1012 2525 1247 2568 decretum
1273 2523 1422 2566 Patris
1443 2523 1670 2579 generalis
1692 2522 1723 2566 ¹³.

395 2602 561 2645 Nullus
582 2617 608 2645 e
629 2600 798 2644 nostris
821 2601 985 2644 offerat
1007 2603 1222 2644 haustum
1243 2592 1447 2653 externo,
1469 2600 1834 2655 quandoquidem
1853 2613 1946 2642 non

306 2686 471 2735 potest3
499 2678 536 2722 si
559 2678 694 2721 alicui
718 2684 869 2722 tamen
891 2677 1126 2722 videretur
1148 2677 1429 2720 conueniens
1452 2692 1552 2721 esse
1570 2685 1620 2719 ut
1643 2676 1805 2732 aliquis
1827 2675 1944 2719 inui-

310 2763 432 2798 tetur
454 2756 511 2798 ad
534 2756 768 2808 haustum,
792 2755 959 2810 poterit
987 2754 1025 2797 is
1056 2769 1136 2811 per
1165 2769 1214 2797 se
1243 2755 1316 2796 uel
1346 2753 1483 2796 alium
1514 2754 1560 2796 id
1587 2753 1845 2810 significare
1872 2766 1945 2795 re-

309 2832 440 2886 ctori,
462 2832 540 2887 qui
562 2830 781 2875 iudicabit
804 2846 860 2874 an
882 2831 990 2875 dare
1012 2830 1276 2883 conueniat,
1303 2844 1462 2875 necne.

381 3027 399 3044 a
430 3017 539 3051 Haec
557 3027 713 3063 paragr.
737 3015 945 3051 obliterata
963 3020 1023 3050 est
1042 3014 1080 3050 in
1100 3026 1172 3052 ms.
1238 3015 1303 3042 —b
1330 3012 1441 3059 Quae
1460 3018 1678 3060 sequuntur
1694 3013 1887 3048 habentur
1905 3010 1948 3048 in

310 3074 378 3113 fol.
400 3082 444 3120 45
465 3080 504 3110 et
524 3075 584 3119 46.
