2098 3470
795 232 799 235 -
821 212 1252 263 Insrnucnouas—61
1736 221 1802 259 551

199 313 414 371 ‘positum
437 322 642 359 nostrum
662 314 722 358 sit
741 329 847 358 cum
868 314 967 358 illas
987 313 1098 370 ipsis
1119 321 1138 340 ²
1154 313 1560 376 communicamus,
1581 322 1718 371 atque
1739 315 1855 359 adeo

217 390 265 435 in
288 397 383 434 toto
404 393 496 435 hoc
514 391 707 448 negocio
723 391 916 436 intentio
931 399 1087 434 nostra
1102 391 1178 444 sit,
1197 399 1249 434 vt
1265 392 1323 434 ad
1340 391 1615 436 Societatem
1635 407 1853 436 mouean-

180 520 181 523 ,
217 476 308 521 tur;
334 475 485 512 tamen
506 475 575 512 est
597 468 718 512 omni
740 468 892 512 studio
913 475 1051 524 atque
1072 467 1295 512 industria
1317 470 1587 522 curandum,
1609 477 1657 511 vt
1679 469 1759 521 illi,
1780 469 1853 512 his

218 543 420 596 excitati,
444 560 470 588 a
492 547 591 588 Deo
612 545 712 602 ipso
735 552 1020 598 moueantur,
1045 552 1091 590 et
1118 560 1200 589 sua
1222 553 1385 602 sponte
1415 545 1676 590 desiderent
1708 554 1752 589 et
1774 561 1852 590 ex-

214 628 374 678 petant
413 621 707 675 Societatem,
739 629 790 664 vt
815 635 923 666 vere
949 621 1125 678 possint
1156 622 1434 679 respondere
1463 636 1513 665 se
1549 637 1633 665 sua
1670 631 1849 679 sponte,

211 712 296 742 sua
316 699 568 751 voluntate,
593 713 678 743 suo
699 698 868 742 iudicio
888 699 946 742 ad
961 698 1236 743 Societatem
1254 699 1444 743 moueri.
1466 701 1582 743 Nam
1601 700 1663 742 ita
1680 699 1850 756 accipi-

212 789 316 818 mus
336 789 393 818 ex
415 777 485 820 2.⁰
509 790 609 832 cap.
634 775 872 820 examinis:
897 775 1276 832 Interrogandum
1294 791 1416 829 eum,
1437 776 1515 831 qui
1538 784 1607 821 est
1625 776 1849 833 recipien-

210 851 314 904 dus,
338 867 450 913 num
472 867 553 908 per
573 852 771 909 aliquem
792 869 818 897 e
838 852 1006 902 nostris
1027 853 1085 896 ad
1106 853 1151 896 id
1173 853 1310 896 fuerit
1331 861 1498 906 motus;
1519 855 1642 908 quod
1665 854 1701 896 si
1724 854 1848 896 affir—

211 936 357 972 maret
377 944 428 973 se
458 929 598 973 fuisse
626 937 800 972 motum
838 929 1062 986 (quamuis
1092 930 1216 974 licite
1252 938 1298 974 et
1335 944 1441 972 cum
1479 930 1640 973 merito
1674 930 1848 973 moueri

213 1005 444 1062 potuerit),
476 1006 534 1048 ad
562 1005 776 1049 maiorem
809 1014 959 1050 tamen
991 1006 1134 1063 ipsius
1161 1006 1400 1050 Vtilitatem
1431 1007 1714 1063 spiritualem
1752 1007 1849 1050 fore

210 1064 412 1136 'videtur,
431 1082 470 1125 si
488 1091 666 1139 tempus
684 1083 726 1127 ei
743 1083 927 1138 aliquod
942 1084 1290 1139 praescribatur,
1305 1091 1355 1126 vt
1370 1098 1424 1127 ea
1441 1085 1498 1127 de
1515 1099 1564 1135 re
1581 1084 1844 1140 cogitando,

211 1161 407 1204 creatori
429 1167 475 1203 et
497 1160 681 1203 domino
701 1162 802 1205 Deo
823 1144 873 1204 se
896 1167 1041 1204 totum
1065 1162 1371 1214 commendet,
1396 1161 1585 1218 perinde
1607 1176 1660 1204 ac
1682 1162 1719 1205 si
1742 1162 1847 1204 nul-

209 1237 283 1281 lus
305 1237 364 1281 de
386 1236 618 1281 Societate
639 1237 787 1293 ipsum
809 1237 899 1283 499
921 1238 1157 1291 mouisset,
1181 1228 1230 1281 vt
1253 1239 1412 1282 maiori
1434 1253 1538 1282 cum
1570 1239 1732 1282 robore
1754 1238 1848 1295 spi-

213 1312 345 1365 ritus,
370 1314 616 1369 procedere
639 1314 695 1356 ad
722 1314 869 1357 maius
896 1314 1166 1370 obsequium
1195 1322 1240 1360 et
1268 1315 1462 1372 gloriam
1491 1315 1676 1358 diuinae
1705 1315 1847 1360 maie-

199 1389 343 1432 statis
363 1390 521 1446 possit.
546 1391 705 1445 Itaque
725 1405 780 1434 eo
801 1392 1096 1435 deducendus
1116 1400 1201 1444 est,
1222 1407 1358 1448 quem
1375 1393 1587 1435 volumus
1604 1392 1769 1435 adduci
1788 1393 1845 1435 ad

211 1465 504 1518 Societatem,
533 1475 583 1509 vt
603 1466 743 1512 libere
765 1468 906 1524 possit
927 1469 1146 1525 profiteri,
1178 1483 1244 1522 se,
1275 1469 1452 1521 etiamsi
1481 1470 1623 1512 multa
1651 1469 1846 1513 audierit

171 1598 174 1600 -
207 1557 236 1586 a
263 1543 446 1595 nostris,
481 1557 598 1598 quae
626 1551 812 1600 possent
839 1545 964 1588 illum
992 1560 1193 1599 mouere,
1228 1554 1376 1591 tamen
1417 1546 1550 1590 aliam
1589 1561 1639 1591 se
1676 1547 1843 1590 habere

207 1619 455 1663 motionem
477 1620 525 1662 in
553 1635 603 1665 se
630 1636 711 1677 per
738 1622 825 1665 Dei
853 1621 1062 1678 gratiam,
1091 1638 1180 1679 qua
1208 1631 1443 1680 permotus
1469 1631 1679 1680 expectat
1704 1623 1843 1679 recipi

207 1697 266 1740 ad
287 1697 579 1742 Societatem.
1535 1687 1541 1694 ’

293 1762 610 1817 Vndecimum.
675 1776 805 1827 Haec
825 1790 930 1819 cum
951 1777 1013 1820 ita
1035 1778 1249 1830 habeant,
1284 1786 1330 1821 et
1358 1778 1471 1821 nulli
1501 1780 1727 1823 soleamus
1758 1793 1843 1821 nos

205 1852 444 1895 consulere
464 1851 632 1896 diserte
654 1861 703 1895 vt
724 1853 782 1895 ad
804 1853 1080 1915 Societatem
1107 1855 1281 1909 veniat,
1312 1870 1417 1900 cum
1446 1856 1584 1898 nullis
1613 1856 1674 1898 ita
1704 1869 1842 1911 agere

203 1934 359 1984 aperte
380 1935 431 1970 vt
453 1928 539 1971 illis
567 1929 803 1972 videamur
824 1932 1100 1986 persuadere
1127 1933 1260 1986 velle;
1291 1942 1420 1977 extra
1451 1933 1654 1977 ordinem
1687 1940 1841 1977 tamen

167 2037 175 2045 .
203 2011 356 2060 posset
384 2004 546 2060 aliquis
569 2019 811 2050 occurrere
841 2014 992 2052 tantae
1020 2009 1364 2065 expectationis,
1390 2011 1463 2054 vel
1492 2018 1581 2052 tam
1611 2018 1841 2066 spectatae

202 2081 384 2134 indolis,
408 2082 483 2124 cui
506 2081 559 2139 (si
581 2083 750 2126 dubius
779 2084 917 2127 animi
946 2071 1039 2129 rem
1070 2093 1211 2129 totam
1234 2086 1432 2132 deferret
1461 2088 1519 2130 ad
1547 2087 1766 2130 iudicium
1796 2094 1842 2130 et

194 2158 444 2213 ,consilium
467 2160 691 2216 nostrum)
713 2162 953 2206 consulere
975 2176 1214 2217 possemus
1235 2165 1356 2219 quod
1379 2180 1405 2208 e
1438 2175 1487 2208 re
1514 2164 1634 2206 illius
1661 2164 1840 2207 videre-

203 2243 279 2279 tur
300 2250 400 2280 esse
423 2244 469 2281 et
490 2237 748 2282 Societatis:
776 2246 926 2283 tamen
954 2239 1043 2284 5⁰0
1070 2242 1157 2284 hoc
1185 2256 1287 2284 raro
1318 2241 1573 2298 continget,
1604 2250 1650 2285 et
1678 2241 1764 2283 nisi
1792 2241 1837 2283 in

203 2320 450 2369 prouectae
472 2314 634 2358 aetatis
651 2316 912 2359 hominibus
934 2318 1007 2359 vel
1030 2317 1216 2362 omnino
1232 2303 1399 2362 adultis
1418 2319 1726 2374 vsurpandum
1745 2332 1837 2360 non

203 2398 289 2433 est.
311 2390 549 2434 Habemus
570 2391 690 2436 enim
712 2394 969 2449 exemplum
998 2395 1141 2438 nostri
1172 2397 1224 2438 P.
1255 2396 1421 2452 Ignatii
1449 2395 1494 2438 in
1524 2397 1737 2451 duobus„
1759 2394 1836 2449 qui

202 2481 325 2527 nunc
347 2475 455 2511 sunt
477 2467 524 2510 in
546 2468 776 2513 Societate
799 2469 882 2513 viri
905 2471 1118 2526 primarii,
1144 2480 1190 2517 et
1212 2480 1402 2528 vterque
1420 2481 1529 2516 turc
1546 2480 1643 2515 erat
1659 2472 1834 2515 doctor.

201 2543 294 2588 Sed
314 2536 448 2587 simul
475 2546 754 2589 contrarium
782 2548 1005 2591 habemus
1033 2551 1288 2606 exemplum
1322 2550 1462 2606 ipsius
1503 2551 1554 2591 P.
1597 2549 1760 2604 Ignatii
1788 2548 1833 2590 in

195 2619 299 2665 valiis
327 2621 507 2665 duobus
534 2623 814 2676 doctoribus,
850 2625 1016 2680 quibus
1054 2627 1179 2670 nullo
1216 2635 1348 2684 pacto
1387 2627 1529 2669 voluit
1567 2627 1684 2669 idem
1721 2639 1834 2667 con-

183 2697 365 2742 sulem.

285 2774 637 2820 Duodecimum.
702 2777 792 2822 Vbi
828 2793 937 2823 vero
973 2779 1152 2835 aliquis,
1188 2781 1266 2837 qui
1303 2781 1494 2824 idoneus
1531 2781 1738 2822 videatur
1775 2779 1831 2820 ad

187 2850 490 2905 Societatem,
514 2853 700 2898 omnino
721 2855 1010 2901 constituerit
1026 2864 1072 2900 et
1089 2865 1273 2914 expetat
1290 2857 1483 2909 admitti,
1506 2857 1699 2912 primum
1724 2869 1831 2898 con—

268 3028 287 3047 a
336 3019 443 3066 ipsas
459 3032 534 3057 ms.
