2098 3470
652 327 655 329 Α
706 282 982 319 Moumuu
1006 259 1278 316 Iunia—18
1696 288 1758 326 171

55 370 82 418 ἕ
139 395 304 431 mum
330 398 514 429 oramus
539 385 600 428 D.
633 385 692 428 V.
724 383 913 427 Illmam.
938 387 990 424 ut
1010 381 1208 424 adducat
1228 381 1287 425 ad
1307 382 1427 424 hanc
1448 395 1648 434 causam,
1674 389 1721 427 et
1741 381 1810 426 in-

13 510 43 518 ᾖ
71 454 82 490 9
137 488 139 490 -
175 460 339 514 stituto
373 468 530 505 nostro
560 475 661 505 eam
690 461 770 506 det
804 460 958 512 fidem,
992 473 1129 514 quam
1160 457 1348 514 spiritus
1379 458 1579 514 religiosi
1614 459 1808 514 uocatio,

108 567 112 569 ,
143 537 429 601 ,auctoritas
438 537 686 595 apostolica
700 543 748 580 et
762 535 946 580 concilii
957 533 1192 579 tridentini
1203 533 1406 591 dignitas
1417 536 1635 591 postulat.
1654 536 1808 580 Ratlo‘

177 629 262 662 nes
278 629 388 660 uero
402 624 561 671 postea
570 615 867 666 adducemus,
886 613 1009 669 Xpo.
1022 611 1236 669 propitio,
1249 611 1417 667 quibus
1427 613 1686 656 confirmari
1703 628 1809 670 pos-

179 690 289 747 sint,
307 706 426 748 quae
446 699 604 736 nostro
623 690 834 735 instituto
853 689 1162 742 continentur,
1187 696 1234 733 et
1254 689 1550 733 ostendemus
1567 690 1631 734 44
1652 689 1808 748 (ΙὸΙ)ν,

82 765 92 776 ⁴
111 771 113 773 ’
155 758 158 759 ⁷
178 767 351 813 nullam
372 782 474 813 esse
494 782 676 812 causam
699 773 975 824 quapropter
995 765 1236 822 quisquam
1260 765 1307 808 in
1329 765 1602 809 contrariam
1625 774 1812 812 senten-

180 843 290 889 tiam
310 844 530 890 inclinare
548 844 725 889 debeat.

267 921 385 967 Illud
417 923 599 966 tandem
628 923 717 965 hoc
746 921 848 964 loco
879 934 1104 978 ponemus
1134 922 1196 965 D.
1225 920 1285 963 V.
1317 919 1486 963 Illmae.
1521 919 1813 965 consideran-

63 1030 66 1031 γ
179 999 307 1054 dum;
331 1013 449 1055 quae
467 998 753 1042 incommoda
771 1005 1038 1054 sequantur,
1063 996 1102 1040 si
1122 997 1199 1040 illa
1219 996 1353 1041 nobis
1380 1011 1472 1039 non
1495 996 1810 1040 restituantur.

268 1075 545 1121 Debilitatur
564 1076 686 1132 apud
704 1075 873 1118 multos
898 1074 1180 1132 apostolicae·
1202 1073 1325 1119 sedis
1351 1074 1615 1127 auctoritas,
1648 1077 1715 1116 tot
1743 1074 1811 1117 di-

178 1152 390 1211 plomatis
409 1156 639 1209 expressa,
663 1159 762 1196 tum
782 1151 963 1195 concilii
981 1150 1119 1195 etiam
1140 1150 1410 1194 ecumenici.
1472 1202 1476 1206 Δ

267 1229 561 1274 Infirmantur
581 1229 628 1272 in
648 1230 740 1273 fide
759 1228 957 1272 instituti
979 1228 1116 1272 animi
1131 1228 1354 1281 omnium,
1379 1235 1607 1283 quotquot
1623 1228 1681 1271 ad
1697 1229 1815 1270 hanc

182 1305 451 1364 religionem
474 1305 624 1350 uocati
644 1302 820 1360 sumus;
844 1305 883 1350 si
903 1306 1025 1349 enim
1045 1306 1161 1349 duas
1181 1304 1303 1348 illius
1322 1311 1476 1362 partes
1503 1304 1712 1348 videmus
1734 1305 1815 1346 ab·

180 1390 383 1442 rogatas,
409 1387 501 1439 q'uo
520 1390 656 1440 pacto
676 1382 926 1439 poterimus
946 1382 1131 1439 reliquis
1152 1382 1402 1431 confidere?
1430 1383 1588 1438 Itaque
1619 1382 1658 1444 si
1689 1382 1816 1425 debi-

180 1459 371 1520 litantur
392 1459 658 1504 uocationes
677 1459 896 1512 omnium,
918 1466 979 1502 -ut
1005 1459 1318 1512 debilitantur;
1351 1460 1437 1502 hac
1470 1459 1703 1503 debilitate
1734 1473 1814 1501 ne-

179 1548 360 1581 mum
381 1543 453 1580 est
472 1544 732 1580 nostrorum
750 1535 1055 1587 obedientiam
1075 1535 1206 1592 sequi
1227 1535 1470 1587 infirmam,
1501 1535 1697 1580 debilem
1721 1536 1815 1592 spi-

140 1664 144 1665 ⁷
181 1611 335 1676 ritum:
359 1612 612 1662 animorum
634 1613 912 1658 alacritatem
934 1612 1160 1670 extingui,
1185 1614 1307 1656 unde
1327 1612 1578 1657 ministeria
1598 1620 1645 1656 et
1665 1612 1815 1655 officia

182 1689 426 1739 concidere
446 1703 687 1735 necessum
708 1698 797 1736 est.

269 1767 388 1810 Nam
408 1767 564 1810 nullus
582 1775 653 1811 est
672 1766 751 1822 qui
771 1781 865 1810 non
886 1766 1023 1810 dicat:
1051 1767 1168 1811 «Cui
1188 1766 1483 1811 credidimus?
1501 1781 1591 1821 qua
1612 1766 1815 1809 auctori-

181 1849 275 1899 tate
293 1844 384 1887 hoc
403 1843 611 1900 facimus,
635 1844 759 1900 quod
781 1843 971 1888 facimus
991 1844 1199 1888 homines
1221 1843 1419 1901 religiosi
1442 1851 1487 1886 et
1514 1843 1740 1886 diuinitus
1757 1844 1815 1887 ad

177 1921 268 1964 hoc
286 1918 545 1964 institutum
568 1921 734 1973 uooeti,
758 1928 806 1964 et
825 1921 884 1964 ad
905 1921 1044 1964 finem
1066 1928 1159 1964 tam
1175 1921 1397 1978 grandem
1414 1921 1621 1963 lucrandi
1639 1919 1814 1963 animas

42 1994 62 2018 ³
104 2036 109 2041 .
181 1995 386 2043 Christo?
405 1998 511 2041 Non
533 1997 619 2042 fuit
638 1997 781 2055 igitur
810 1997 973 2055 spiritu
998 1998 1087 2041 Dei
1113 1999 1281 2041 ductus
1307 1997 1529 2054 Ignatius,
1562 1998 1671 2040 dum
1702 1998 1816 2040 haec

181 2069 454 2134 p‘roponeret
485 2074 719 2128 ecclesiae;
753 2074 829 2118 alii
859 2090 1019 2120 omnes
1049 2075 1290 2132 pontifices
1311 2083 1357 2120 et
1389 2074 1631 2118 concilium
1664 2073 1817 2120 minus

55 2147 81 2155 ”
106 2202 110 2204 v
181 2157 356 2206 attente
380 2151 440 2196 de
458 2151 626 2196 nostris
647 2153 786 2196 rebus
807 2160 1111 2209 tractarunt.»
1129 2152 1347 2208 Sequitur
1369 2167 1535 2209 magna
1557 2152 1812 2196 animorum

87 2254 89 2257 .
101 2212 124 2291 ij,
181 2227 480 2291 perturbatio.

260 2305 401 2359 ¹Haec
420 2304 484 2348 ita
504 2305 749 2362 loquimur,
772 2308 832 2349 D.
858 2307 1020 2359 Illme.,
1044 2321 1224 2350 summo
1244 2320 1350 2350 curn
1373 2306 1511 2349 animi
1528 2305 1671 2349 nostri
1688 2306 1819 2348 dolo-

182 2394 251 2434 re,
283 2395 376 2425 non
408 2383 531 2437 quod
561 2383 674 2426 haec
707 2390 885 2427 tantum
918 2383 1173 2436 timeamus,
1203 2385 1285 2428 sed
1317 2384 1439 2439 quod
1470 2398 1525 2426 ea
1557 2383 1644 2426 iam
1677 2381 1819 2425 simus

183 2458 374 2516 experti.
401 2460 649 2515 Postquam
670 2460 790 2505 enim
812 2460 888 2504 illa
909 2468 1083 2504 mutata
1110 2468 1218 2504 sunt
1246 2462 1338 2504 duo
1366 2475 1516 2504 rerum
1539 2459 1702 2515 capita,
1734 2458 1820 2501 sci-

76 2837 126 2870 fv

86 2544 139 2593 J
167 2540 303 2593 uuaz,
332 2534 503 2579 scimus
532 2544 551 2561 ²
573 2535 807 2592 primarios
836 2539 1013 2590 Patres,
1038 2544 1084 2581 et
1106 2537 1272 2593 quibus
1300 2536 1523 2580 incumbit
1546 2550 1712 2591 magna
1734 2536 1817 2578 So-

171 2609 363 2666 ¹cietatis
393 2613 682 2669 gubernatio,
715 2621 761 2657 et
791 2629 818 2657 a
846 2614 1013 2670 quibus
1035 2613 1180 2670 prima
1206 2614 1455 2658 ministeria
1487 2622 1728 2669 geruntur,
1758 2611 1821 2654 ita

141 2742 151 2747 ἱ
178 2701 287 2733 Διὶεεε)
320 2687 371 2732 in
389 2688 600 2733 instituto
628 2690 904 2744 debilitatos,
940 2698 990 2734 ut
1017 2691 1076 2735 de
1107 2706 1154 2734 re
1187 2698 1284 2734 tota
1317 2690 1566 2745 inceperint
1599 2695 1817 2731 metuere.

103 2763 124 2810 ζ
178 2764 326 2821 Quod
344 2765 385 2808 si
403 2780 498 2810 non
525 2774 860 2812 sustentassent
892 2782 1019 2824 spem
1051 2782 1180 2811 suam
1203 2767 1424 2824 sapientia
1455 2773 1501 2809 et
1533 2763 1817 2820 benignitate

185 2840 329 2888 futuri
348 2842 590 2898 pontificis,
615 2843 771 2887 nescio
800 2843 909 2899 quid
930 2844 1018 2887 illis
1039 2843 1285 2905 euenisset.
1319 2845 1457 2894 Cura,
1487 2843 1546 2884 D.
1578 2842 1738 2894 Illme.,
1770 2847 1821 2883 ut

99 2896 125 2928 ².
160 2917 306 2962 hanc
325 2932 452 2974 spem
474 2934 555 2976 per
577 2926 622 2964 te
641 2919 824 2976 impleat
845 2921 997 2965 Smus.
1023 2920 1277 2977 Gregorius
1295 2920 1450 2962 diuina
1467 2933 1549 2961 sua
1565 2915 1816 2973 vigilantia,

258 3094 279 3114 ι
325 3083 405 3132 Sic,
425 3086 499 3122 hoc
515 3087 639 3123 verbo
656 3087 811 3124 iterato.
