2098 3470
597 207 946 247 Annonam-nonis
970 208 1047 243 6.ae
1073 208 1393 252 memma-67
1693 210 1764 254 657

182 313 483 369 procuranda,
507 313 587 356 sed
609 326 749 367 quum
770 310 816 354 in
839 310 1070 354 literarum
1093 308 1256 352 studiis
1278 316 1519 351 versantur
1538 309 1676 352 futuri
1700 324 1810 353 con-

181 388 453 442 cionatores,
485 388 801 432 conseruanda
828 386 1089 444 diligenter,
1114 393 1176 437 et,
1202 385 1351 440 quoad
1380 385 1478 428 eius
1506 386 1604 429 fieri
1626 387 1807 442 poterit,

182 466 394 523 augenda
416 465 677 521 quotidiana
698 464 917 516 oratione,
942 469 1326 507 sacramentorum
1357 462 1607 518 praesidiis,
1634 463 1808 507 infiam-

182 550 304 585 mato
333 541 437 585 finis
474 557 643 595 amore,
674 540 890 587 exercitio
922 539 1160 592 virtutum,
1192 537 1461 595 repetitione
1492 540 1810 583 exercitiorum

182 617 431 669 nouitiatus
454 619 498 661 in
521 619 776 662 studiorum
791 612 1225 661 intermissionibus.

269 696 363 740 Iam
385 711 511 748 vero,
536 697 658 752 quod
680 696 737 742 ad
758 695 990 740 literarum
1012 693 1163 737 studia
1185 694 1364 745 attinet,
1390 693 1427 736 si
1451 701 1607 738 noster
1629 695 1810 738 concio-

181 781 313 816 nator
334 773 483 815 valeat
499 772 672 829 ingenii
689 770 1021 829 magnitudine,
1041 778 1087 815 et
1103 770 1418 827 amplitudine,
1438 778 1487 812 vt
1506 771 1638 826 plena
1660 772 1810 815 studia

181 863 418 905 capessere
439 849 597 906 possit,
623 850 668 892 in
691 849 901 892 omnibus
923 857 991 892 est
1014 848 1315 892 exercendus.
1334 849 1392 890 Et
1409 847 1606 903 primum
1629 849 1809 903 quidem

181 926 417 982 vulgarem
440 925 662 983 linguam,
688 940 778 981 qua
799 933 1004 982 speratur
1032 924 1405 976 concionaturus,
1430 938 1704 969 conseruare
1732 927 1811 969 de-

181 1004 260 1047 bet
282 1010 418 1059 atque
440 1003 575 1047 etiam
599 1003 760 1060 polire,
785 1004 956 1059 absque
978 1002 1101 1046 omni
1125 1010 1275 1045 tamen
1299 1002 1608 1046 affectatione.
1637 1004 1686 1045 In
1709 1004 1811 1046 lati-

181 1079 253 1123 nis
273 1080 416 1124 literis
438 1088 649 1124 accurate
671 1081 808 1125 debet
835 1079 1022 1132 versari,
1046 1079 1390 1136 grammaticam
1420 1079 1522 1122 dico
1559 1087 1697 1135 atque
1725 1083 1810 1124 hu-

181 1156 407 1200 maniores
434 1156 605 1211 literas,
632 1166 679 1199 vt
717 1172 845 1213 pure,
876 1157 1075 1213 proprie,
1107 1156 1290 1213 copiose
1322 1164 1460 1212 atque
1491 1157 1727 1213 eleganter
1766 1169 1810 1202 et

181 1233 381 1291 scribere
402 1241 448 1279 et
469 1233 594 1290 loqui
616 1235 783 1280 valeat.
808 1234 896 1278 Cui
925 1233 1144 1286 facultati,
1169 1234 1418 1277 rethorices
1439 1248 1513 1277 ars
1533 1241 1579 1278 et
1606 1235 1806 1277 studium

181 1310 285 1354 addi
307 1311 445 1356 debet
471 1310 715 1367 praecipua
746 1311 791 1354 in
815 1310 971 1367 primis
991 1325 1117 1364 cura,
1141 1309 1397 1367 diligentia,
1421 1318 1560 1366 atque
1587 1311 1810 1354 exercita-

181 1387 321 1442 tione;
350 1389 438 1431 hac
464 1387 584 1430 enim
613 1395 710 1431 arte
739 1388 931 1430 multum
969 1396 1039 1432 est
1068 1401 1232 1431 vsurus
1261 1387 1308 1430 in
1335 1387 1653 1442 concionibus,
1679 1396 1815 1443 atque

181 1463 352 1521 vtinam
376 1479 450 1508 ars
471 1472 592 1509 esset
616 1465 863 1509 rethorices
890 1464 1093 1518 inuenta,
1113 1479 1203 1521 qua
1230 1472 1382 1508 orator
1405 1464 1585 1511 xianus.
1603 1464 1813 1510 institue—

180 1549 306 1587 retur
326 1541 506 1599 proprie
534 1542 591 1586 ad
619 1542 863 1586 conciones
900 1543 956 1586 ad
985 1542 1202 1599 populum
1239 1543 1489 1587 habendas!
1523 1543 1571 1585 In
1601 1531 1690 1598 qua
1719 1552 1815 1586 arte

180 1618 256 1662 illa
278 1619 459 1676 quidem
484 1619 817 1671 conferrentur,
843 1633 959 1674 quae
982 1619 1270 1674 Aristoteles,
1296 1618 1476 1673 Cicero,
1501 1619 1814 1675 Quintilianus

182 1696 384 1749 tradunt3
406 1710 459 1740 ea
475 1710 584 1740 vero
601 1696 894 1749 adderentur,
914 1710 1031 1752 quae
1047 1694 1112 1739 illi
1127 1695 1414 1752 ignorarunt:
1435 1696 1581 1739 virtus
1604 1696 1812 1753 xpianae.

181 1772 434 1830 religionis,
459 1772 528 1816 vis
549 1772 787 1825 virtutum,
807 1772 1008 1817 efficacia
1030 1773 1205 1829 gratiae
1221 1787 1274 1818 ac
1290 1774 1514 1817 donorum
1536 1773 1640 1827 Dei,
1665 1789 1813 1817 rerum

181 1849 483 1906 spiritualium
522 1865 699 1894 sensus.
742 1850 967 1894 Breuiter:
993 1858 1042 1893 vt
1078 1865 1152 1894 ars
1179 1858 1300 1895 esset
1327 1851 1540 1904 oratoria,
1573 1867 1652 1908 per
1681 1867 1814 1908 quam

181 1925 366 1983 spiritus
382 1933 428 1970 et
444 1926 745 1970 sanctimonia
761 1927 977 1970 cordibus
993 1927 1250 1971 auditorum
1267 1927 1615 1984 imprimeretur.
1638 1930 1743 1985 Qua
1761 1930 1816 1973 de

181 2018 230 2047 re
251 2003 363 2048 alias
385 2004 531 2048 fusius
550 2003 771 2056 dicemus,
797 2004 892 2048 X.⁰
915 2004 1126 2060 propitio.

272 2082 520 2136 Postquam
547 2088 701 2124 noster
718 2089 869 2124 orator
886 2081 930 2124 in
949 2072 1019 2124 his
1035 2082 1215 2136 studiis,
1235 2083 1291 2126 de
1309 2083 1536 2127 sententia
1554 2084 1812 2140 superioris,

182 2157 338 2202 audito
359 2158 579 2214 praefecti
617 2158 869 2202 studiorum
899 2159 1083 2212 iudicio,
1116 2143 1395 2205 sufficienter
1430 2160 1687 2216 profecerit,
1720 2168 1813 2202 tum

181 2234 268 2278 erit
288 2249 453 2291 operae
475 2234 676 2290 precium
701 2235 737 2278 si
757 2235 1044 2291 praeficiatur
1062 2235 1195 2280 classi
1220 2237 1470 2281 rethorices
1487 2253 1627 2280 vnum
1652 2245 1729 2280 aut
1753 2239 1814 2279 al-

184 2317 330 2355 terum
354 2326 540 2355 annum.
581 2311 759 2355 Deinde
787 2313 844 2354 ad
873 2311 1204 2369 philosophiam
1244 2315 1496 2357 naturalem
1528 2323 1573 2358 et
1603 2315 1812 2357 moralem

184 2388 490 2432 traducendus
511 2395 596 2431 est.
623 2389 715 2432 Sed
738 2397 885 2432 tamen
910 2389 1162 2432 curandum
1191 2389 1254 2433 illi
1277 2391 1363 2434 erit
1391 2406 1448 2434 ne
1477 2391 1625 2434 studia
1654 2393 1814 2433 huma-

182 2465 361 2508 niorum
382 2465 615 2510 literarum
640 2472 687 2510 et
710 2465 957 2511 rethorices
979 2465 1158 2511 interim
1181 2476 1461 2523 contemnat,
1487 2469 1566 2512 sed
1599 2469 1810 2518 fructum,

182 2555 319 2597 quem
341 2557 398 2586 ex
420 2541 507 2584 illis
529 2541 719 2598 accepit,
745 2551 1003 2586 conseruet.
1030 2545 1122 2588 Det
1144 2543 1286 2600 igitur
1309 2560 1489 2601 operam
1523 2554 1570 2587 vt
1599 2545 1736 2587 latine
1758 2545 1813 2587 de

183 2617 322 2662 rebus
343 2617 666 2674 philosophicis
689 2619 900 2674 loquatur
921 2626 1059 2676 atque
1087 2620 1273 2663 scribat.
1312 2621 1408 2664 Erit
1437 2629 1587 2664 autem
1618 2621 1813 2676 diligen—

159 2694 271 2737 ,tior
299 2710 436 2752 opera
466 2696 678 2751 ponenda
714 2695 758 2738 in
797 2696 959 2740 studiis
998 2696 1171 2753 logices
1206 2706 1252 2742 et
1290 2698 1472 2741 moralis
1501 2697 1813 2754 philosophiae

52 2781 57 2791 ¹
121 2816 126 2820 ,
183 2786 324 2828 quum
345 2781 365 2798 ²
385 2780 537 2816 tamen
560 2773 757 2828 reliquas
778 2773 1092 2831 philosophiae
1114 2783 1265 2832 partes
1288 2775 1627 2819 accuratissime
1649 2776 1811 2818 debeat

185 2852 395 2894 tractare.
420 2848 542 2892 Hinc
565 2850 622 2892 ad
646 2849 909 2906 theologiae
932 2851 1082 2894 studia
1111 2853 1342 2908 praeclare
1373 2851 1622 2894 instructus
1653 2851 1810 2902 adibit,

254 3025 272 3041 ²
320 3012 499 3052 obscure
523 3015 724 3062 scriptum.

359 3077 476 3108 Emsr.
496 3078 535 3108 P.
555 3078 691 3114 Nnon,
710 3087 790 3109 rou.
814 3080 874 3109 IV.
1602 3082 1637 3109 43
