2098 3470
851 230 1287 268 Insrnucnonns—61
1768 226 1840 276 439

327 330 417 379 ’¹83
438 325 784 378 Commiseratio
804 331 925 376 illius
945 331 1096 389 capiat
1117 336 1356 384 sectorem,
1381 333 1503 386 quod
1526 331 1586 394 illi
1610 332 1689 375 fiat
1706 338 1879 374 notum.

343 411 520 454 Offerat
541 417 588 454 et
609 423 691 466 pro
712 423 762 453 se
783 409 991 466 superior
1010 416 1058 452 et
1078 423 1161 466 pro
1181 408 1281 452 aliis
1302 408 1577 452 obliuionem
1602 408 1821 460 omnium,
1846 408 1883 451 si

252 501 305 532 se
325 479 652 532 emendauerit.
1410 527 1413 529 ,

341 565 413 609 Ne
432 578 538 608 eum
560 565 711 608 verbis
726 549 979 622 exasperet;
999 564 1122 620 quod
1138 563 1175 607 si
1193 563 1435 619 aliquando
1451 556 1711 607 necessario
1730 563 1882 615 faciet,

250 641 326 685 v'el
361 642 422 685 ad
449 641 587 686 finem
620 642 834 698 colloquii
864 642 986 685 illius
1016 641 1217 685 animum
1248 639 1471 684 industrie
1502 640 1775 691 demulceat,
1811 641 1883 684 vel

250 717 404 762 statim
426 725 555 762 curet
574 718 695 762 idem
716 718 940 775 praestari
960 733 1041 775 per
1062 718 1260 774 aliquem
1284 717 1516 761 idoneum.
1602 715 1604 720 ’

338 795 446 839 Non
467 795 752 852 significetur
773 796 853 848 illi,
878 795 1001 852 quod
1022 795 1223 838 animum
1245 795 1302 838 de
1325 794 1402 837 illo
1424 794 1777 850 despondeatur,
1802 795 1882 837 sed

251 871 404 928 potius
424 874 547 928 quod
567 880 792 928 speretur.

288 965 291 967 ’
336 949 622 1010 Ostendatur
642 964 734 993 non
756 950 879 994 credi
901 949 1119 1006 syndicis,
1142 950 1224 992 sed
1246 948 1311 992 rei
1334 955 1612 1004 compertae.

339 1027 678 1071 Persuadeatur
698 1027 779 1079 illi,
803 1033 854 1070 vt
874 1026 1016 1084 eligat
1040 1027 1162 1070 vnde
1188 1025 1332 1083 possit
1359 1025 1524 1078 iuuari,
1557 1032 1603 1068 et
1631 1011 1669 1067 si
1699 1024 1879 1080 quidem

247 1103 487 1146 commode.
506 1102 679 1159 aliquid
699 1103 880 1156 dixerit,
904 1104 951 1147 id
970 1103 1203 1160 probetur.

338 1179 443 1223 Alia
459 1187 610 1224 tamen
627 1181 853 1224 addantur
867 1180 1161 1237 pedetentim,
1182 1179 1350 1235 quibus
1371 1162 1572 1232 iuuetur,
1592 1192 1708 1234 quae
1730 1185 1880 1221 recto-

246 1255 286 1298 ri
306 1257 366 1300 ad
386 1271 481 1301 rem
502 1257 783 1300 videbuntur
804 1258 973 1301 futura.

334 1334 522 1378 Nullum
556 1334 693 1378 faciat
722 1334 963 1378 discrimen
995 1333 1113 1378 inter
1145 1334 1294 1391 ipsum
1328 1341 1374 1379 et
1405 1334 1518 1377 alios
1547 1333 1594 1376 in
1627 1334 1764 1376 rebus
1794 1347 1879 1388 pu-

36 1398 70 1455 ³(
246 1408 392 1454 blicis.

336 1485 411 1532 184
431 1488 482 1531 In
505 1487 935 1545 reprehensionibus
956 1489 1132 1531 nullum
1159 1488 1339 1532 dicatur
1365 1487 1429 1530 illi
1457 1487 1733 1539 conuicium,
1766 1486 1878 1528 nihil

245 1563 479 1608 iniurium.

332 1643 531 1686 Tantum
553 1642 688 1704 culpa
709 1641 809 1685 eius
830 1649 1085 1698 exponatur
1105 1650 1151 1686 et
1172 1643 1353 1694 damna,
1378 1657 1495 1698 quae
1517 1649 1874 1697 consequantur.

266 1745 275 1759 2
332 1718 582 1763 Grauiores
609 1717 952 1776 obiurgationes
977 1719 1133 1763 vtilius
1159 1734 1241 1776 per
1269 1719 1524 1762 ministrum
1554 1720 1628 1762 vel
1657 1733 1736 1775 per
1766 1718 1877 1761 alios
1931 1726 1936 1731 ·

173 1828 184 1835 x
241 1793 431 1841 idoneos
457 1797 810 1849 exercebuntur,
842 1804 891 1839 vt
918 1810 1097 1853 semper
1123 1796 1404 1853 relinquatur
1426 1797 1484 1840 ad
1506 1796 1784 1852 superiorem
1808 1811 1877 1839 re-

242 1871 440 1929 fugium.
1440 1930 1443 1933 ι

331 1949 499 1993 Omnia
520 1957 756 1993 tententur
777 1950 992 2004 remedia,
1018 1950 1184 2006 quibus
1204 1950 1413 1994 videatur
1434 1950 1582 1993 iuuari
1605 1964 1754 2007 posse,
1776 1951 1876 1993 iux-

243 2029 291 2068 ta
309 2039 531 2082 personae
552 2027 830 2082 qualitatem.
1050 2082 1054 2086 p

329 2102 431 2146 Fiat
451 2103 720 2160 periculum,
745 2119 854 2149 num
876 2104 939 2147 illi
962 2104 1162 2160 proderit
1184 2105 1332 2148 facere
1354 2104 1589 2159 exercitia,
1614 2119 1672 2148 an
1697 2105 1804 2148 velit
1827 2104 1872 2146 in

237 2178 401 2222 officiis
423 2179 741 2224 humilioribus
762 2181 949 2226 versari.

325 2257 474 2301 Detur
494 2257 559 2300 illi
579 2258 683 2314 plus
704 2259 920 2315 temporis
941 2260 999 2303 ad
1020 2259 1285 2302 orationem.

323 2333 573 2378 Inducatur
592 2342 643 2377 vt
663 2342 791 2379 extra
812 2336 1016 2380 ordinem
1033 2336 1320 2388 confiteatur,
1340 2343 1386 2380 et
1402 2335 1708 2379 communicet
1733 2336 1871 2378 semel

236 2417 321 2453 aut
341 2410 412 2455 bis
431 2410 477 2454 in
498 2412 800 2464 hebdomada,
826 2412 864 2456 si
885 2427 1023 2468 opere
1045 2412 1247 2469 precium
1270 2413 1366 2456 fore
1387 2412 1634 2456 videbitur.

327 2488 495 2532 Vtatur
515 2489 819 2533 confessarius
840 2497 1094 2546 opportune
1115 2489 1203 2534 illis
1223 2490 1477 2546 praesidiis,
1503 2504 1621 2544 quae
1650 2496 1866 2531 annotata

233 2570 343 2608 sunt
363 2563 411 2608 in
431 2564 732 2610 instructione
754 2567 1152 2611 confessariorum.

321 2640 398 2686 185
419 2642 598 2687 Suaues
619 2643 907 2688 obedientiae
928 2644 1237 2701 impo'nantur.

323 2718 502 2763 Deinde
537 2720 762 2765 eximatur
797 2722 855 2764 ab
897 2721 1047 2777 aliqua
1083 2730 1212 2778 parte
1253 2722 1606 2765 domesticarum
1651 2719 1866 2764 obedien-

194 2831 200 2835 .
234 2795 415 2840 tiarum.

321 2873 372 2919 Si
392 2873 508 2917 nihil
527 2875 651 2918 aliud
672 2876 923 2932 prodesset,
947 2876 1138 2921 concedi
1159 2876 1294 2921 etiam
1318 2883 1486 2932 posset,
1514 2882 1562 2916 vt
1584 2881 1782 2918 cessaret
1810 2874 1869 2915 ab

231 2950 445 2995 omnibus
471 2959 519 2996 et
545 2951 707 2996 studiis
734 2960 780 2996 et
807 2953 982 3006 officiis,
1013 2942 1060 2997 et
1088 2954 1208 2996 domi
1233 2954 1416 2996 ociosus
1438 2951 1767 3002 contineretur,
1793 2951 1868 2994 vel

230 3025 280 3071 in
299 3027 452 3084 aliquo
473 3028 688 3072 cubiculo
710 3029 884 3085 aliquot
906 3030 1024 3076 dies.

10 716 23 728 ’ψ
5 645 44 694 τ’..ῆ
9 566 34 630 ›vt-
27 531 31 534 ,

75 18 110 39 „j

87 70 114 90 ,⁷

46 143 49 145 ’
85 147 100 169 ἶ·

32 186 39 198 s
58 179 82 192 ’.υτ
103 194 106 195 ⁷

18 218 30 233 1‘
47 214 57 225 “’
76 211 110 250 ἰᾷ,

10 271 23 278 Α,

10 288 13 291 “
93 302 98 308 .

18 369 25 385 ἢ,

18 421 33 438 1!
82 412 98 441 ¹,

26 457 36 467 t

39 581 69 607 ’,Ιι

46 622 64 630 ,.

42 662 46 670 2

38 676 64 698 '⁷2

10 711 71 744 -
94 733 98 736 -
