2098 3470
261 249 334 295 480
735 253 888 291 PA'rms
914 255 1158 292 Hissnonynn
1185 256 1334 292 NADAL

298 353 373 394 An
396 351 639 408 aliquando
662 362 936 412 segregatus
963 355 1100 400 fuerit
1123 358 1186 413 (vt
1208 358 1403 401 habetur
1425 371 1524 414 cap.
1553 370 1594 412 3,
1619 366 1734 414 part.
1770 367 1848 402 1.ae
1897 380 1900 383 ·

205 429 373 484 const.)
403 443 428 472 a
459 429 662 486 graemio
691 439 874 476 sanctae
903 433 1122 477 ecclesiae
1151 433 1285 477 fidem
1315 434 1602 490 abnegando,
1628 434 1744 478 inter
1774 435 1851 478 in·-

205 505 378 558 fideles‚
407 507 476 550 vel
500 506 741 552 incidendo
763 508 809 551 in
831 524 1022 561 errores,
1048 517 1206 553 contra
1228 524 1345 563 eam,
1371 509 1416 552 in
1439 510 1605 566 quibus
1630 512 1846 567 reproba-

207 589 280 625 tus
303 582 440 626 fuerit
462 597 541 638 per
564 584 788 639 publicam
813 586 1100 638 sententiam,
1126 586 1196 629 vel
1220 601 1268 630 se
1299 600 1421 629 more
1449 586 1844 630 schismaticorum

205 659 262 700 ab
284 659 503 704 ecclesiae
523 660 694 706 vnitate
716 662 978 707 seiunxerit.

294 737 370 779 An
400 738 728 794 perpetrauerit
760 739 1071 791 homicidium,
1103 739 1175 783 vel
1205 739 1263 782 sit
1292 747 1475 796 propter
1506 740 1706 784 enormia
1738 755 1842 796 pec-

206 819 308 856 cata
330 812 527 857 infamis.

260 943 263 946 ἱ
295 890 370 932 An
403 891 695 947 assumpserit
726 892 958 949 religionis
988 892 1211 946 habitum,
1247 893 1320 935 vel
1351 892 1570 937 heremita
1603 893 1846 949 aliquando

206 979 311 1009 cum
326 967 505 1010 vestitu
527 969 783 1012 monachali
803 969 952 1014 fuerit.

294 1044 370 1088 An
394 1043 665 1088 matrimonii
687 1045 884 1097 vinculo,
911 1047 982 1090 vel
999 1045 1233 1089 seruitutis
1254 1045 1484 1102 legitimae
1506 1045 1676 1102 ligatus
1698 1046 1772 1090 sit.

294 1119 367 1163 An
390 1120 550 1177 capitis
577 1121 881 1166 infirmitatem
910 1123 1123 1179 patiatur,
1155 1124 1276 1167 vnde
1304 1122 1481 1166 accidat
1512 1123 1762 1175 obscurari,
1799 1130 1845 1166 et

205 1212 366 1254 parum
388 1213 548 1242 sanum
570 1214 670 1244 esse
692 1199 925 1255 iudicium,
951 1201 1022 1243 vel
1045 1200 1082 1243 si
1104 1199 1349 1244 notabilem
1369 1201 1535 1244 habeat
1553 1201 1611 1243 ad
1628 1199 1673 1242 id
1691 1200 1843 1257 dispo-

206 1274 434 1320 sitionem.

294 1357 368 1400 341
403 1353 492 1396 Hic
524 1353 853 1410 circumspecte
885 1361 1106 1410 rogentur
1137 1369 1218 1410 per
1249 1354 1532 1411 negationes,
1567 1354 1695 1410 quasi
1735 1367 1846 1410 sup—

206 1437 402 1486 ponatur
428 1429 474 1472 in
503 1430 680 1474 nullum
709 1446 864 1475 eorum
894 1431 1317 1487 impedimentorum
1347 1446 1425 1475 eos
1452 1430 1680 1495 incidisse,
1714 1447 1760 1476 v,
1792 1446 1842 1488 g.

209 1508 339 1551 «Non
369 1507 495 1550 fuisti
525 1515 822 1564 segregatus»
854 1516 941 1551 etc.
979 1509 1108 1551 «Non
1137 1507 1390 1551 homicida»
1425 1515 1533 1560 etc.,
1567 1508 1639 1552 vel
1670 1508 1707 1552 si
1734 1507 1845 1564 quid

207 1584 502 1629 moderatius

295 1661 432 1716 Quod
454 1660 493 1704 si
521 1661 673 1716 aliquo
701 1660 890 1704 istorum
921 1668 1104 1704 notatus
1135 1661 1287 1713 fuerit,
1319 1661 1706 1706 animaduertatur
1735 1675 1843 1703 num

206 1737 451 1794 praeclaris
471 1737 655 1781 dotibus
684 1737 915 1794 praeditus
943 1737 1016 1790 sit,
1048 1752 1106 1780 an
1136 1752 1243 1792 non,
1274 1746 1320 1780 et
1348 1737 1534 1781 vlterius
1562 1737 1608 1780 in
1637 1737 1848 1781 examine·

206 1828 299 1858 non
322 1814 673 1872 progrediendo,
699 1815 1010 1867 admoneatur,
1037 1822 1087 1857 vt
1103 1814 1318 1871 postridie
1340 1814 1640 1871 regrediatur,
1662 1822 1707 1859 et
1724 1814 1843 1859 inte-

209 1891 291 1934 rim
313 1892 392 1934 fiat
420 1891 629 1948 superior
657 1890 824 1935 certior
853 1892 908 1934 de
937 1891 1035 1935 eius
1069 1890 1412 1947 impedimento,
1438 1892 1496 1934 de
1516 1891 1716 1943 dotibus,
1742 1890 1845 1946 qui—

200 1970 293 2012 bus
316 1967 548 2024 praeditus
569 1975 656 2022 est,
680 1974 729 2010 vt
751 1967 829 2011 ille
846 1966 1015 2012 iudicet
1037 1967 1146 2023 quid
1168 1968 1224 2011 de
1246 1983 1301 2012 eo
1331 1968 1623 2012 statuendum
1647 1967 1720 2010 sit.

295 2045 344 2091 Si
367 2045 740 2101 impedimentum
764 2045 939 2087 nullum
962 2044 1173 2088 habuerit
1193 2044 1450 2097 essentiale,
1470 2044 1555 2087 erit
1573 2043 1679 2087 vtile
1697 2045 1753 2088 de
1770 2042 1840 2095 iis,

207 2137 324 2178 quae
357 2123 515 2166 eodem
544 2136 645 2178 cap.
678 2128 949 2177 sequuntur,
974 2120 1246 2178 intelligere,
1281 2122 1362 2164 sed
1390 2120 1519 2165 breui
1553 2120 1844 2177 compendio,

208 2199 339 2255 quasi
362 2198 524 2251 obiter,
551 2198 641 2256 vim
665 2212 831 2242 rerum.

297 2277 435 2333 Quod
463 2276 520 2318 ad
551 2275 765 2334 interiora
798 2274 957 2318 attinet
989 2275 1329 2331 impedimenta,
1365 2282 1472 2317 sunt
1507 2274 1740 2331 passiones
1771 2274 1846 2317 vel

205 2355 411 2406 affectus,
436 2353 512 2408 qui
535 2351 708 2395 domari
730 2366 822 2394 non
845 2366 977 2408 posse
998 2352 1254 2404 videantur,
1287 2352 1359 2396 vel
1389 2359 1680 2408 peccatorum
1712 2349 1843 2394 habi—

207 2440 297 2484 tus,
337 2431 395 2474 de
432 2429 599 2486 quibus
635 2443 726 2472 non
764 2429 877 2472 adeo
910 2443 1075 2485 magna
1104 2428 1361 2473 emendatio
1391 2435 1614 2484 speretur.
1646 2426 1846 2471 Intentio

206 2508 356 2552 minus
379 2515 505 2553 recta
526 2522 662 2563 quam
685 2521 766 2566 par
788 2514 908 2549 esset
929 2511 1013 2552 342
1036 2507 1093 2550 ad
1109 2505 1342 2562 religionis
1363 2506 1638 2562 ingressum,
1659 2511 1708 2547 vt
1725 2518 1844 2559 quae

206 2600 312 2629 cum
335 2587 536 2628 humano
559 2583 710 2639 aliquo
732 2583 822 2626 fine
845 2582 902 2625 sit
930 2583 1143 2626 admixta.
1178 2583 1292 2626 Illud
1315 2590 1466 2626 tamen
1493 2584 1581 2624 hoc
1609 2582 1709 2624 loco
1740 2579 1843 2623 dili-

206 2670 370 2720 genter
398 2660 737 2718 inquirendum,
768 2674 990 2715 quaenam
1019 2659 1133 2702 ratio
1161 2659 1220 2710 sit
1249 2659 1347 2704 eius
1377 2659 1646 2711 vocationis,
1673 2657 1842 2714 quibus

206 2739 362 2794 initiis,
388 2753 478 2795 quo
501 2752 761 2795 progressu,
788 2736 952 2792 quibus
975 2736 1118 2792 signis
1140 2743 1335 2788 constet,
1361 2750 1452 2791 quo
1479 2735 1632 2778 animo
1661 2741 1843 2791 recepta

206 2830 260 2859 ea
282 2816 357 2868 sit,
383 2823 428 2858 et
450 2815 733 2865 confirmata,
759 2821 846 2856 etc.

293 2891 608 2938 Inconstantia
630 2891 702 2934 vel
723 2889 925 2933 remissio
954 2890 1088 2932 animi
1114 2889 1341 2942 notabilis,
1367 2904 1422 2932 ex
1450 2904 1556 2944 qua,
1583 2888 1659 2944 qui
1686 2890 1742 2932 de
1772 2887 1846 2930 in-

206 2985 369 3028 gressu
391 2969 503 3026 agit,
528 2967 701 3012 inutilis
724 2968 938 3010 credatur
961 2967 1017 3010 ad
1041 2966 1282 3011 Societatis
1305 2964 1494 3011 munera
1512 2966 1743 3010 obeunda.

296 3047 570 3091 Indiscretae
593 3045 875 3095 deuotiones,
909 3059 1027 3099 quae
1059 3043 1183 3100 ipsae
1216 3044 1258 3086 in
1293 3058 1430 3086 causa
1463 3057 1563 3088 esse
1595 3043 1758 3094 solent,
1793 3048 1845 3083 vt
