2098 3470
297 247 367 284 868
874 251 1011 291 Emsr.
1040 253 1085 288 P.
1102 251 1263 290 Nixon.

250 349 453 392 omniurn
470 352 897 407 contemplabantur
913 366 967 397 ac
985 354 1308 410 praedicabant
1325 355 1371 398 in
1387 362 1540 399 monte
1556 363 1712 400 sancto
1730 358 1888 402 Enoch

253 434 298 470 et
321 427 461 480 Elias,
487 442 592 471 cum
615 428 804 474 Christo
820 431 931 488 Jesu
954 432 1283 487 colloquentes.
1314 431 1323 490 Ι

346 504 502 557 Vides,
528 513 656 561 pater
678 506 1032 564 religiosissime,
1059 508 1171 551 nihil
1187 523 1287 553 esse
1305 524 1438 565 posse
1455 510 1709 566 appositum
1727 511 1893 568 magis,

257 589 307 624 vt
330 589 530 625 nostram
548 583 977 642 contemplationem
995 586 1303 639 confirmares,
1325 600 1460 642 quam
1478 588 1752 643 exemplum,
1773 588 1894 643 quod

257 659 502 705 adduxisti.
530 660 728 704 Voluisti
752 668 802 704 tu
833 662 1015 718 quidem
1040 662 1116 706 illo
1145 665 1355 720 exemplo
1383 671 1586 707 nostram
1614 665 1895 721 contempla·

257 736 424 780 tionem
448 738 631 782 eleuare
654 752 708 781 ac
730 738 942 792 deiicere;
970 755 1126 784 verum
1157 747 1318 784 contra
1347 740 1512 784 accidit
1535 726 1670 797 quam
1701 749 1751 784 tu
1773 741 1894 785 arbi-

258 816 458 868 trareris3
485 830 538 859 ea
561 815 682 860 enim
705 823 776 859 est
797 816 866 859 vis
888 817 1109 869 veritatis,
1141 825 1189 860 vt
1220 832 1311 873 quo
1333 818 1480 875 magis
1509 818 1631 861 illam
1658 832 1901 875 oppugnes

258 907 311 935 ac
333 892 581 944 succutias,
607 906 663 936 eo
685 893 860 936 firmius
881 908 934 937 ac
956 894 1226 950 profundius
1249 895 1519 939 stabiliatur.

350 970 441 1014 Sed
459 970 515 1012 ad
533 970 670 1014 finem
694 978 858 1027 appeto
879 979 913 1015 ὃ.
939 971 1064 1027 Quid
1088 979 1136 1014 tu
1160 979 1394 1028 praeterea
1410 972 1539 1015 addis
1566 971 1584 997 b
1612 971 1658 1015 in
1687 973 1902 1016 censura?

261 1048 354 1091 Sed
372 1046 527 1090 breuis
550 1047 778 1103 expedias,
811 1048 848 1091 si
880 1049 988 1104 quid
1018 1050 1175 1102 habes;
1202 1048 1361 1105 incipit
1389 1049 1509 1094 enim
1539 1049 1648 1092 mihi
1678 1063 1779 1093 esse
1799 1063 1897 1092 mo-

261 1125 426 1168 lestum
449 1124 494 1166 in
534 1125 621 1167 hac
644 1139 691 1168 re
719 1125 892 1168 diutius
920 1125 1164 1178 immorari,
1199 1133 1290 1168 tam
1319 1126 1575 1182 perspicua,
1603 1135 1693 1169 tam
1715 1126 1900 1182 pervul-

265 1208 373 1257 gata
395 1208 411 1226 0
434 1200 534 1244 239.

350 1277 500 1321 Aliam
523 1276 776 1336 [rationem]
801 1294 881 1335 pro
911 1279 1042 1322 nobis
1065 1278 1202 1322 (ὲκ-ἀ
1224 1279 1429 1323 adducis:
1459 1279 1683 1323 «Laborat
1704 1281 1832 1323 Deus
1854 1279 1903 1322 in

264 1355 500 1408 creaturis,
539 1357 629 1399 hoc
652 1363 737 1410 est,
769 1357 974 1400 laborare
1012 1370 1089 1399 eas
1112 1371 1192 1412 pro
1229 1356 1362 1399 nobis
1385 1356 1538 1399 facit.»
1580 1358 1752 1400 Verum
1783 1357 1906 1399 hanc

262 1432 481 1475 continuo
518 1432 757 1489 suggillas.
798 1434 864 1476 lta
902 1433 1022 1476 enim
1062 1433 1241 1491 (inquis)
1276 1432 1688 1490 contemplabimur
1726 1447 1831 1477 eum
1855 1432 1903 1477 in

263 1510 482 1554 creaturis
517 1509 815 1554 dormientem
847 1518 892 1554 et
922 1510 1188 1555 morientem
1226 1525 1308 1566 pro
1331 1510 1476 1553 nobis.
1514 1511 1652 1566 Quod
1681 1525 1773 1552 non
1804 1509 1898 1553 dixi

263 1588 504 1639 hactenus,
545 1601 668 1629 nunc
690 1600 832 1643 cogor
853 1601 943 1629 non
968 1594 1134 1631 tacere:
1162 1594 1221 1638 te,
1249 1587 1369 1630 bone
1393 1588 1545 1639 Pater,
1570 1586 1904 1642 praeuaricato-

266 1677 362 1706 rem
383 1664 518 1719 plane
535 1664 622 1706 hac
633 1677 826 1708 censura
849 1679 986 1720 agere
1007 1663 1167 1706 videri.
1195 1665 1297 1720 Ego
1316 1670 1468 1707 tamen
1487 1678 1581 1706 non
1600 1672 1645 1706 te
1661 1662 1883 1719 supposui
1892 1697 1905 1706 ,⁷

265 1740 537 1797 Quisergo?
560 1742 659 1784 Tua
696 1740 891 1796 teipsum
929 1740 1228 1797 negligentia,
1253 1755 1311 1783 ne
1332 1740 1455 1783 aliud
1476 1740 1638 1794 dicam.
1679 1741 1783 1783 Non
1806 1739 1903 1783 ani-

266 1818 515 1862 maduertis
538 1826 583 1862 te
612 1825 737 1860 tuam
775 1832 959 1861 causam
997 1819 1186 1874 perdere
1214 1824 1260 1862 et
1298 1824 1498 1860 nostram
1539 1815 1900 1873 [contemplatio-

266 1895 387 1951 nem]
414 1902 430 1920 θ
453 1895 724 1938 confirmare
763 1896 1076 1938 vehementer?
1113 1895 1234 1938 Nam
1263 1893 1301 1937 si
1339 1891 1760 1949 interpretationem
1787 1892 1911 1935 illam

267 1972 484 2024 admittis,
502 1973 707 2015 laborare
729 1973 877 2015 Deum
901 1972 947 2014 in
969 1971 1206 2023 creaturis,
1224 1973 1311 2014 hoc
1333 1978 1419 2023 est,
1439 1971 1644 2014 laborare
1667 1968 1911 2014 facientem

266 2056 520 2093 creaturam
543 2063 624 2105 pro
661 2049 809 2101 nobis,
836 2049 945 2104 quid
982 2050 1175 2093 obsecro
1213 2048 1361 2104 magis
1383 2046 1580 2104 proprie,
1614 2046 1723 2103 quid
1745 2045 1909 2089 acriter

267 2126 415 2182 magis
437 2127 494 2169 ad
516 2126 808 2170 excitandum
832 2126 879 2168 in
902 2126 1035 2169 nobis
1057 2139 1259 2170 amorem
1282 2124 1369 2168 Dei
1392 2123 1557 2167 adduci
1579 2124 1750 2180 potest?
1768 2124 1913 2166 Labo-

272 2211 341 2246 rat
363 2203 484 2248 enim
507 2205 635 2248 Deus
655 2203 702 2245 in
724 2203 1010 2246 humanitate
1032 2201 1107 2246 X}
1129 2203 1186 2245 ad
1209 2209 1404 2246 mortem
1425 2215 1584 2256 vsque,
1603 2199 1786 2252 dormit,
1807 2199 1911 2242 fati-

270 2289 408 2336 gatur
430 2296 487 2325 ex
517 2280 696 2333 itinere,
737 2279 1047 2334 lachrimatur,
1087 2288 1177 2324 etc,
1207 2279 1215 2335 Ι
1243 2280 1307 2322 At
1329 2278 1431 2334 quis
1454 2279 1543 2321 hoc
1574 2277 1765 2333 patitur?
1786 2277 1919 2320 Deus

272 2358 319 2401 in
349 2357 654 2402 humanitate.
691 2356 808 2412 Quis
847 2356 974 2400 facit?
1012 2357 1131 2413 Quis
1161 2355 1404 2412 praecipit?
1436 2357 1581 2407 Deus,
1617 2353 1695 2409 qui
1731 2353 1916 2397 tradidit

269 2435 412 2478 filium
435 2435 481 2477 in
504 2442 711 2487 mortem,
737 2441 875 2488 atque
897 2434 1010 2477 adeo
1035 2441 1127 2476 tota
1158 2432 1374 2485 Trinitas3
1400 2439 1446 2475 et
1475 2431 1582 2475 fecit
1605 2432 1775 2487 Xpum.
1802 2444 1909 2486 pec—

270 2520 441 2565 catum,
473 2513 562 2555 hoc
600 2518 685 2564 est,
706 2516 780 2563 περὶ
809 2516 986 2563 ἁμαρτίαν,
1010 2509 1055 2553 id
1094 2517 1180 2563 est,
1206 2509 1403 2552 hostiam
1437 2522 1518 2565 pro
1556 2514 1759 2564 peccato.
1786 2508 1916 2550 Haec

258 2604 412 2645 ,quum
435 2589 497 2633 ita
519 2588 627 2642 sint,
652 2602 744 2631 non
767 2589 915 2631 solum
935 2595 1030 2630 tum
1054 2588 1269 2631 doctores
1300 2587 1450 2629 locum
1482 2584 1657 2637 Esaiae,
1688 2583 1759 2640 p.⁰
1789 2597 1912 2639 cap.,

272 2665 558 2722 interpretati
580 2672 629 2708 vt
657 2665 809 2709 locum
838 2664 1102 2720 GeneseOS,
1130 2675 1185 2707 22
1209 2677 1330 2719 cap.;
1363 2663 1444 2707 sed
1470 2661 1614 2706 illum:
1643 2660 1824 2704 «Habui
1844 2672 1919 2702 me

344 2838 361 2855 a
387 2827 649 2863 Emendatum
668 2838 690 2862 a
708 2826 803 2862 Nat.
827 2826 901 2861 hoc
920 2826 1030 2865 verb.
1073 2826 1139 2853 —b
1157 2823 1365 2861 Emendat.
1386 2834 1408 2858 a
1426 2822 1518 2858 Nat.
1535 2833 1584 2857 ex
1601 2821 1707 2867 Quis
1720 2823 1764 2856 tu
1780 2821 1915 2860 addis.

274 2896 340 2914 -0
366 2886 442 2922 Hic
460 2886 606 2922 desinit
623 2885 771 2922 librarii
786 2896 939 2931 manus,
955 2889 996 2920 et
1014 2884 1167 2919 Natalis
1184 2883 1232 2919 ad
1250 2883 1369 2919 finem
1383 2892 1509 2929 usque
1527 2880 1790 2928 prosequitur.
1804 2880 1920 2926 Quae

273 2951 492 2992 sequuntur
508 2945 716 2992 desumpta
734 2949 826 2980 sunt
844 2955 894 2979 ex
916 2943 1012 2979 C'od.
1037 2944 1166 2979 Vatic.
1184 2952 1226 2987 4,
1244 2941 1313 2977 fol.
1334 2950 1355 2986 5
1374 2953 1410 2977 r.
1466 2941 1532 2968 -d
1560 2940 1735 2975 Verbum
1749 2939 1919 2975 obscure

273 3004 482 3040 admodum
500 3010 717 3051 exaratum,
738 3003 843 3051 quod
861 3002 1112 3049 interpretari
1129 3012 1207 3037 non
1225 3000 1438 3048 potuimus.
1488 3009 1554 3027 —e
1579 2999 1666 3034 Hoc
1685 2999 1796 3034 verb.
1815 2996 1918 3034 desi«

273 3064 434 3100 deratur
451 3064 492 3100 in
511 3076 600 3102 ms..
620 3075 666 3099 eo
683 3062 788 3111 quod
805 3064 940 3099 charta
957 3067 1190 3108 consumpta
1207 3060 1345 3097 fuerit.
