2098 3470
627 252 863 292 Omnoms
885 259 1331 297 onsssnvssnonsss—m)
1677 251 1751 297 689

164 354 290 411 Quid
311 356 425 398 non?
456 354 681 400 Breuiter:
705 369 755 399 re
792 353 987 411 experiri
1005 361 1135 411 potes
1154 354 1281 409 quod
1317 353 1465 409 inquit
1493 353 1660 397 Dauid:
1690 367 1799 396 «vo-

163 430 389 474 luntatem
407 430 663 476 timentium
686 445 736 475 se
758 430 893 475 faciet
914 432 967 473 ¹».

253 508 319 551 Vt
354 508 556 551 omnium
593 523 743 552 rerum
780 521 1051 564 progressus
1086 509 1194 550 'sunt
1230 506 1390 550 ordine
1426 521 1511 549 suo
1546 506 1794 559 distributi,

165 585 288 640 quod
315 584 362 627 in
392 584 645 641 pictoribus
672 584 815 629 videri
842 591 1008 642 potest,
1033 583 1111 640 qui
1138 583 1333 640 primurn
1358 583 1483 646 ,nihil
1511 584 1635 626 aliud
1664 597 1800 639 quarn

165 659 336 718 primos
351 662 568 707 adhibent
584 663 774 715 colores,
798 676 853 706 ac
874 661 1141 718 imperfecte
1162 660 1317 717 primis
1338 660 1472 704 lineis
1494 662 1698 704 membra
1718 661 1800 703 de-

167 737 368 794 signant:
401 754 580 782 rursum
609 740 667 784 de
693 739 875 796 integro
902 737 1126 795 incipiunt
1153 746 1199 782 et
1226 745 1450 781 conantur
1480 738 1538 780 ad
1559 751 1802 780 consuma-

169 814 339 859 tionem
377 815 542 872 operis,
573 816 708 861 toties
745 815 967 873 principio
1003 814 1214 871 repetito,
1244 814 1423 871 quoties
1453 815 1511 858 ad
1547 815 1801 870 perfectum

169 905 290 947 opus
310 877 557 936 deductum
581 907 673 936 non
694 901 780 947 est;
805 893 869 937 ita
890 893 936 936 in
958 892 1053 935 vita
1074 891 1262 948 spiritus
1285 891 1367 935 tibi
1389 899 1459 936 est
1480 893 1729 948 agendum,
1754 899 1803 933 vt

168 983 251 1024 per
270 968 388 1012 viam
413 970 697 1027 purgationis
717 978 764 1015 et
784 969 1143 1023 illuminationis,
1168 969 1207 1013 si
1227 970 1283 1012 ad
1307 968 1635 1026 perfectionem
1662 968 1803 1011 visio-

170 1045 243 1090 nis
258 1052 396 1102 atque
416 1055 604 1103 gustum
626 1047 823 1104 aliquem
853 1061 988 1091 verae
1009 1045 1410 1104 contemplationis
1437 1045 1701 1097 ascendisti,
1727 1061 1804 1090 ex—

149 1123 307 1183 ,periri
334 1131 353 1149 ³
380 1139 560 1173 rursum
593 1126 651 1169 de
679 1125 860 1181 integro
887 1141 944 1170 ex
970 1124 1218 1168 maioribus
1249 1123 1484 1180 principiis
1506 1137 1587 1179 per
1615 1123 1804 1166 eandem

171 1200 291 1244 viam
313 1201 371 1244 ad
393 1201 607 1246 maiorem
630 1202 958 1258 perfectionem
979 1201 1136 1246 conari
1157 1202 1204 1245 in
1227 1204 1328 1246 Deo
1350 1216 1431 1258 per
1454 1201 1691 1245 Christum
1714 1215 1806 1243 non

170 1277 368 1324 desinas.
395 1278 453 1323 39
474 1279 700 1323 Futurum
728 1279 850 1324 enim
877 1288 947 1325 est
974 1287 1024 1322 vt
1052 1294 1229 1336 semper
1256 1279 1411 1338 quoad
1438 1278 1569 1323 viues
1596 1278 1808 1334 proficias

171 1353 219 1397 in
240 1353 315 1398 via
334 1354 519 1412 spiritus
540 1357 598 1399 ad
628 1356 1055 1414 contemplationem
1081 1364 1385 1401 aeternorum.

224 1420 228 1422 ”
260 1432 339 1476 Ad
372 1432 660 1488 purgatiuam
697 1448 754 1477 ex
790 1433 971 1491 integro
1007 1434 1246 1490 repetitam
1289 1433 1456 1478 adhibe
1498 1433 1716 1489 quicquid
1754 1448 1810 1476 ex

173 1508 385 1553 omnibus
407 1509 498 1553 tuis
524 1510 751 1555 exercitiis
773 1511 1018 1567 superioris
1045 1526 1316 1568 progressus
1345 1510 1531 1567 spiritus
1561 1518 1606 1555 et
1635 1510 1810 1567 gratiae

173 1585 400 1642 recepisti,
423 1586 522 1630 siue
542 1587 830 1632 illuminatiui
851 1596 999 1631 status
1014 1588 1089 1641 sit,
1109 1588 1209 1633 siue
1230 1588 1409 1632 vnitiui:
1433 1588 1544 1632 mire
1561 1588 1681 1631 enim
1699 1602 1809 1631 con-

175 1662 359 1707 iunctae
379 1671 486 1707 sunt
507 1664 609 1708 illae
632 1673 723 1708 tres
751 1665 868 1719 viae,
893 1674 939 1710 et
968 1665 1294 1711 incredibiliter
1314 1681 1365 1710 se
1387 1663 1608 1710 adiuuant
1629 1680 1682 1709 ac
1705 1679 1804 1721 pro·

176 1748 378 1786 mouent.

268 1818 475 1863 «Delicta
496 1819 598 1875 quis
620 1819 833 1877 intelligit
862 1822 929 1864 ἢ.)
956 1821 1110 1864 nullus
1137 1821 1287 1876 plane.
1319 1822 1386 1864 Ita
1414 1821 1466 1864 fit
1494 1827 1559 1872 vt,
1590 1835 1682 1875 quo
1710 1819 1813 1875 quis

177 1895 327 1952 magis
358 1896 537 1952 proficit
569 1897 616 1940 in
646 1897 721 1941 via
751 1898 990 1955 spirituali,
1026 1897 1241 1943 maiorem
1269 1898 1328 1942 de
1355 1898 1555 1955 cognitis
1587 1898 1723 1941 etiam
1757 1912 1813 1941 ex

178 1979 307 2028 parte
326 1973 526 2028 peccatis
547 1974 855 2031 cognitionem
879 1974 1087 2031 accipiat,
1106 1975 1238 2031 plura
1258 1974 1411 2028 etiam,
1432 1989 1549 2030 quae
1566 1975 1809 2026 latuerant,

178 2057 416 2105 agnoscat.
442 2049 588 2093 Simul
612 2051 863 2107 acquiritur
884 2051 1088 2108 cognitio
1116 2066 1356 2095 causarum
1385 2051 1578 2108 peccati,
1610 2051 1814 2094 occasio·

177 2121 266 2189 nis,
297 2126 575 2171 extensionis
597 2128 835 2180 malorum,
861 2143 978 2183 quae
1008 2142 1089 2184 per
1108 2137 1347 2185 peccatum
1369 2128 1540 2172 homini
1564 2128 1812 2172 concilian—

179 2210 269 2246 tur.
295 2205 362 2246 Ita
383 2211 452 2248 est
473 2218 651 2261 semper
671 2205 729 2249 de
750 2204 932 2261 integro
959 2206 1016 2248 ad
1043 2206 1164 2248 hanc
1194 2205 1504 2262 cognitionem
1528 2206 1811 2249 contenden—

179 2281 305 2324 dum.
331 2282 405 2334 Et,
430 2289 480 2324 vt
501 2281 678 2326 dicatur
700 2281 992 2338 compendio:
1017 2297 1109 2339 quo
1136 2282 1284 2339 magis
1314 2297 1364 2326 se
1392 2283 1630 2339 cognoscit
1657 2284 1810 2333 homo,

178 2365 225 2400 et
246 2359 414 2411 Deum,
438 2358 529 2401 vim
552 2358 751 2402 mandati
773 2358 934 2411 diuini,
959 2368 1005 2404 et
1026 2374 1155 2403 suam
1171 2359 1513 2416 obligationem,
1534 2368 1578 2402 et
1595 2361 1810 2402 damnum

178 2434 241 2479 40
262 2435 456 2491 peccati3
481 2450 552 2489 eo,
576 2451 633 2479 ex
654 2451 845 2481 numero
865 2445 1173 2493 peccatorum,
1197 2439 1377 2494 culpam
1399 2437 1655 2480 distinctius
1679 2437 1812 2479 intel-

161 2511 311 2568 ·liget;
341 2519 478 2567 atque
497 2507 686 2556 'illorum
716 2513 920 2570 cognitio
951 2514 1195 2558 terminum
1228 2522 1430 2558 creatum
1468 2515 1642 2557 nullum
1675 2514 1813 2557 habet

132 2645 138 2650 ¹
181 2603 264 2646 pro
278 2590 369 2632 hoc
384 2596 524 2643 statu,
543 2604 596 2633 ac
612 2605 670 2634 ne
686 2605 769 2647 pro
787 2591 940 2634 futuro
956 2591 1158 2650 quidem..
1177 2593 1294 2635 Nam
1312 2600 1357 2635 et
1375 2591 1649 2647 quicumque
1670 2599 1777 2633 tunc
1796 2590 1815 2613 ¹>

181 2665 268 2710 erit
283 2666 454 2722 gloriae
470 2666 743 2711 sublimioris
762 2675 840 2710 tua
855 2675 1042 2724 peccata
1063 2668 1280 2724 preterita
1302 2668 1547 2724 perfectius
1569 2667 1810 2722 intelliget.

182 2743 250 2786 Ita
269 2743 321 2786 fit
342 2751 392 2786 vt
413 2751 597 2799 peccata
618 2752 773 2788 nostra
795 2759 932 2801 supra
959 2759 1098 2801 puras
1126 2753 1356 2788 creaturas
1389 2759 1547 2788 omnes
1571 2744 1699 2799 virgo
1728 2744 1815 2788 Dei

254 2889 273 2906 ²
320 2879 434 2915 Prius
456 2880 657 2927 experire;
673 2881 777 2929 quod
796 2881 947 2917 Natalis
970 2881 1210 2917 emendavit.
1262 2884 1328 2908 -b
1356 2881 1471 2916 Haud
1495 2880 1699 2927 perspicue
1719 2881 1816 2915 haec

183 2937 262 2973 duo
279 2939 399 2974 verba
417 2945 576 2976 exarata
592 2946 697 2976 sunt.
718 2941 776 2976 Ita
794 2951 924 2976 tamen
942 2941 1111 2987 legenda
1127 2941 1413 2979 existimamus.

260 3065 271 3086 ι
320 3063 390 3099 ps.
407 3062 583 3111 CXLIV,
608 3072 666 3111 19·
1300 3069 1313 3087 ε
1366 3063 1675 3109 Ps.xvi11,13.

362 3127 480 3158 Eris-t.
500 3129 539 3158 P.
558 3129 695 3165 Naum„
714 3137 795 3158 rou.
818 3130 883 3159 lv.
1605 3129 1640 3157 4ο
