2098 3470
282 279 354 316 300
757 281 911 318 PATms
938 282 1181 318 HOERONYMt
1207 282 1359 317 NADAL

232 389 324 425 tem
347 390 391 426 et
414 382 781 426 inconstantiam.
810 383 1030 438 Loquitur
1053 383 1205 435 latine,
1232 383 1510 439 germanice,
1537 383 1705 439 aliquid
1728 385 1864 429 etiam

234 458 385 502 italice
407 466 453 502 et
476 459 728 504 bohemice.
749 460 917 504 Scribit
934 460 1239 503 mediocriter.
1262 454 1365 503 Non
1383 461 1576 503 multum
1596 461 1717 503 ualet
1735 461 1868 518 inge·—

236 535 311 578 nio
335 543 415 578 aut
438 536 654 580 memoria
686 545 764 580 aut
787 537 995 581 sanitate.
1030 539 1077 579 In
1106 537 1268 579 studiis
1298 552 1389 580 non
1427 538 1584 580 firmus
1613 546 1658 582 et
1691 538 1736 580 in
1764 538 1870 582 reli-

234 612 339 667 quis
362 613 533 656 tardus.

330 703 346 732 1
362 703 397 732 1.
464 691 527 733 M.
554 689 841 733 Christianus
864 691 1056 732 multum
1080 691 1267 746 profecit
1288 690 1333 733 in
1358 690 1558 747 phisicis,
1586 693 1641 734 ad
1664 706 1797 747 quae,
1819 699 1865 736 et

234 767 292 809 ad
316 767 575 822 theologica
598 766 781 811 uidetur
798 767 943 823 magis
966 767 1173 819 idoneus3
1210 767 1385 823 phisica
1418 770 1570 823 po‘test
1602 765 1802 824 profiteri
1825 778 1871 812 et

234 843 578 886 humanitatem.
608 844 830 899 Loquitur
853 843 1004 895 latine,
1030 843 1260 897 flandrice,
1282 844 1559 900 germanice.
1587 844 1756 888 Scribit
1774 860 1868 888 me-

231 919 461 964 diocriter.
490 921 624 963 Valet
646 921 833 977 ingenio
855 929 898 965 et
922 920 1153 972 memoria,
1177 928 1223 964 et
1241 922 1455 964 robustus
1473 929 1541 963 est
1559 935 1765 978 corpore.
1786 922 1864 965 Di·

232 997 382 1053 ligens
404 997 449 1038 in
473 996 569 1040 suis
591 996 754 1040 studiis
777 1006 821 1041 et
844 997 1021 1050 officiis,
1046 997 1083 1039 si
1105 1011 1154 1041 se
1176 997 1388 1053 applicat.
1725 999 1731 1006 ⁴

327 1086 396 1118 12.
461 1076 524 1118 M.
552 1074 813 1130 Stephanus
836 1074 1015 1116 uidetur
1038 1073 1281 1129 profecisse
1298 1074 1344 1116 in
1366 1073 1552 1130 phisicis
1571 1082 1617 1119 et
1640 1075 1868 1131 theologi-

232 1150 315 1204 cis,
341 1151 399 1193 ad
427 1165 544 1206 quae
573 1150 717 1206 aptior
745 1159 814 1193 est
843 1151 995 1194 etiam.
1030 1153 1187 1194 Potest
1215 1150 1414 1206 profiteri
1443 1151 1784 1207 grammaticam
1815 1166 1868 1195 ac

235 1226 455 1283 phisicam
480 1234 733 1282 utcunque.
771 1227 992 1281 Loquitur
1029 1226 1182 1280 latine,
1209 1226 1474 1282 hungarice,
1505 1227 1670 1271 italice.
1698 1227 1867 1272 Scribit

234 1305 366 1348 male.
394 1305 528 1347 Valet
549 1303 736 1360 ingenio
759 1317 812 1346 ac
835 1303 1049 1346 memoria
1079 1303 1383 1348 mediocriter.
1410 1305 1640 1347 Robustus
1669 1312 1738 1348 est
1760 1319 1866 1348 cor—

233 1395 358 1436 pore.
386 1380 594 1436 Diligens
612 1380 659 1422 in
681 1380 775 1423 suis
797 1379 958 1422 studiis
980 1387 1025 1421 et
1048 1379 1224 1422 officiis.

326 1469 392 1510 13.
459 1458 522 1500 M.
549 1455 846 1500 Sebastianus
869 1455 915 1497 in
935 1454 1242 1511 grammaticis
1264 1462 1309 1499 et
1332 1455 1673 1498 humanioribus
1691 1456 1865 1500 medio-

231 1533 368 1576 criter
391 1532 596 1589 profecit,
622 1540 668 1575 et
689 1534 746 1576 ad
768 1534 880 1576 haec
903 1533 1061 1575 eadem
1085 1532 1267 1575 uidetur
1289 1532 1432 1588 aptior
1456 1540 1550 1575 tum
1581 1546 1864 1588 consequen-

229 1612 289 1653 da
320 1619 416 1653 tum
450 1610 721 1666 profitenda.
752 1610 974 1664 Loquitur
1002 1609 1140 1652 latine
1179 1616 1224 1652 et
1256 1609 1532 1665 germanice.
1566 1609 1733 1654 Scribit
1771 1625 1861 1654 non

230 1689 363 1730 bene.
390 1688 524 1731 Valet
546 1685 731 1740 ingenio
753 1701 806 1729 ac
829 1685 1043 1730 memoria
1066 1685 1365 1729 mediocriter.
1399 1687 1633 1728 Robustus
1660 1693 1730 1729 est
1758 1700 1860 1729 cor-

232 1779 344 1820 pore
366 1763 670 1817 mediocriter,
695 1777 747 1807 ac
770 1763 966 1819 diligens
988 1763 1033 1805 in
1058 1762 1219 1805 studiis
1241 1770 1286 1805 et
1309 1762 1483 1805 officiis.

327 1853 393 1894 14.
461 1842 523 1884 M.
566 1840 840 1884 Benedictus
870 1855 1028 1896 parum
1066 1847 1111 1883 et
1148 1839 1248 1892 scit,
1274 1847 1320 1883 et
1349 1847 1483 1895 aptus
1513 1840 1568 1882 ad
1596 1839 1747 1882 studia
1769 1847 1856 1892 est,

230 1918 628 1976 praeterquamtad
650 1918 895 1973 regendam
919 1917 1114 1972 aliquam
1143 1917 1345 1960 scholam
1376 1917 1595 1959 infimam.
1637 1917 1860 1972 Loquitur

230 1996 385 2049 latine,
411 1994 685 2046 sclauonice,
710 1994 984 2050 germanice.
1014 1993 1181 2038 Scribit
1203 2008 1295 2036 non
1317 1995 1447 2037 bene.
1479 1983 1669 2049 ingenio
1698 2000 1743 2036 et
1766 2009 1863 2038 me—

229 2072 371 2116 moria
393 2087 485 2115 non
508 2072 700 2114 multum
725 2072 861 2115 ualet.
897 2071 1143 2114 Robustior
1164 2078 1234 2114 est
1261 2084 1465 2126 corpore.
1499 2071 1677 2114 Tardus
1715 2078 1784 2115 est
1815 2070 1861 2113 in

229 2149 326 2193 suis
344 2150 496 2193 rebus.

324 2237 394 2281 15.
467 2229 535 2270 M.
562 2216 789 2270 Melchior
812 2238 903 2267 non
927 2225 1117 2267 multum
1145 2225 1323 2267 uidetur
1346 2224 1591 2280 profecisse
1614 2224 1660 2266 in
1682 2223 1859 2276 studiis,

229 2319 314 2349 nec
337 2318 551 2360 magnam
580 2303 760 2346 uidetur
793 2303 960 2345 habere
989 2303 1045 2345 ad
1076 2316 1127 2345 ea
1157 2301 1472 2358 aptitudinem.
1516 2303 1674 2345 Potest
1701 2315 1862 2358 regere

227 2367 420 2426 classem
439 2379 774 2437 grammatices.
800 2379 1021 2435 Loquitur
1042 2379 1196 2431 latine,
1223 2378 1499 2434 germanice,
1520 2385 1566 2420 et
1589 2377 1758 2433 aliquid
1776 2377 1862 2420 ita-

228 2460 332 2504 lice.
375 2458 544 2503 Scribit
583 2464 839 2517 utcumque.
881 2456 1071 2513 Ingenio
1109 2471 1160 2499 ac
1189 2455 1404 2499 memoria
1441 2470 1531 2497 non
1571 2454 1752 2499 uidetur
1790 2454 1862 2497 in-

228 2535 389 2593 signis.
419 2536 654 2578 Robustus
676 2518 954 2589 estcorpore
976 2548 1028 2576 ac
1050 2532 1246 2589 diligens
1268 2532 1314 2574 in
1336 2532 1430 2575 suis
1453 2532 1605 2575 rebus.

325 2614 391 2656 16.
459 2614 525 2656 M.
558 2611 827 2655 Theodorus
850 2619 918 2654 est
942 2610 1180 2653 mediocris
1210 2609 1410 2664 phisicus
1439 2616 1485 2652 et
1513 2607 1790 2660 humanista,
1815 2615 1861 2652 et

227 2692 287 2735 ad
303 2692 416 2734 haec
438 2689 630 2733 idoneus
651 2687 785 2732 etiam
808 2688 1080 2743 profitenda.
1108 2686 1329 2741 Loquitur
1346 2685 1500 2737 latine,
1521 2685 1754 2736 flandrice,
1774 2684 1861 2727 ita-

229 2768 332 2821 lice,
357 2781 410 2811 ac
435 2766 570 2809 etiam
599 2765 750 2821 aliquo
788 2765 923 2806 modo
961 2756 1236 2820 germanice.
1278 2762 1447 2807 Scribit
1477 2763 1688 2804 obscure.
1727 2761 1862 2805 Valet
1903 2787 1906 2791 ι

160 2854 165 2859 ’
228 2844 416 2901 ingenio
447 2851 492 2888 et
532 2841 770 2896 memoria,
803 2849 848 2885 et
880 2855 1020 2883 sanus
1049 2848 1133 2884 est.
1175 2839 1386 2896 Diligens
1416 2839 1462 2881 in
1490 2838 1585 2882 suis
1621 2837 1783 2881 studiis
1815 2844 1861 2882 et

230 2921 407 2964 officiis.

324 3011 391 3053 17.
458 2997 772 3041 Theodoricus
799 3009 957 3052 parum
988 2995 1180 3051 profecit
1206 2994 1253 3036 in
1282 2992 1494 3036 omnibus
1522 2991 1700 3043 studiis,
1726 2998 1772 3034 et
1802 2991 1860 3033 ad

228 3077 382 3121 omnia
404 3091 566 3134 parurn
589 3083 658 3118 est
685 3081 833 3130 aptus.
862 3073 1086 3129 Loquitur
1115 3071 1347 3123 flandrice,
1380 3069 1658 3127 germanice,
1691 3068 1861 3121 italice,
