2098 3470
282 211 358 245 620
761 210 915 247 PA‘rms
941 211 1185 247 HmRONYMl
1212 210 1361 246 NADAL

238 310 434 367 Ignafio,
459 311 589 366 quasi
618 326 698 367 per
726 326 887 355 manus
924 319 1178 368 acceptum,
1211 311 1413 368 legitime
1441 321 1511 356 est
1540 313 1796 369 probatum;
1829 321 1874 357 et

240 395 392 432 tamen
415 403 471 432 ex
494 387 895 431 constitutionibus
919 390 992 432 uel
1014 404 1069 431 ex
1086 388 1258 444 regulis
1275 388 1589 432 auctoritatem
1609 404 1698 432 non
1717 391 1870 435 habet.

330 464 646 517 Consuetudo,
678 479 794 521 quae
823 466 947 508 nullo
986 474 1109 508 certo
1148 471 1349 518 auctore,
1381 465 1577 508 obtinuit
1609 473 1757 510 tamen
1789 481 1874 510 usu

240 541 511 596 legittimam
535 540 866 585 auctoritatem.

330 619 379 660 In
403 617 722 661 traditionibus
744 633 835 662 non
859 624 966 661 sunt
989 625 1090 660 acta
1107 617 1259 660 omnia
1277 618 1427 661 Patris
1449 618 1629 675 Ignatii,
1648 633 1765 674 quae
1786 619 1877 662 sci-

244 694 350 738 licet
372 693 595 751 singulari
617 694 857 751 priuilegio
879 694 961 737 soli
984 693 1045 736 illi
1068 693 1421 747 conueniebant,
1448 709 1597 750 neque
1625 702 1674 738 vt
1697 711 1723 739 a
1745 696 1875 739 nobis

240 771 459 815 imitanda
484 773 730 828 usurpabat
756 780 789 825 ἃ,
816 779 865 814 ut
888 779 977 814 tam
1002 786 1103 814 raro
1131 771 1378 822 celebrare,
1404 786 1497 814 non
1530 772 1721 817 recitare
1741 774 1877 816 horas

239 847 500 901 canonicas,
525 849 607 893 sed
628 849 815 893 breuem
850 863 1088 891 numerum
1116 847 1371 891 orationum
1405 864 1459 892 ex
1493 850 1663 892 rosario
1683 849 1703 875 b
1729 851 1758 902 ¹;
1785 863 1874 892 non

240 924 360 969 enim
384 925 640 981 patiebatur
664 927 910 970 uehemens
933 925 1117 967 deuotio
1136 926 1209 968 uel
1227 925 1485 980 frequenter
1503 925 1628 969 illum
1647 926 1876 970 celebrare

243 1003 317 1046 uel
340 1001 563 1058 prolixius
583 1017 729 1055 orare3
757 1017 847 1045 non
872 1001 1031 1044 habuit
1054 1001 1319 1045 assistentes
1341 1009 1373 1053 ⁰,
1399 1009 1487 1046 etc.

331 1079 589 1123 Nonnullae
619 1078 885 1123 traditiones
923 1078 1098 1122 aeditae
1127 1086 1233 1122 sunt
1264 1078 1311 1121 in
1342 1087 1407 1121 252²
1436 1079 1635 1123 editione
1663 1080 1872 1124 decreto-

247 1171 346 1200 rum
368 1155 387 1180 ἃ
409 1155 582 1212 primae
604 1156 833 1212 generalis
856 1155 1246 1212 congregationis.

332 1233 535 1276 Traditio
557 1241 626 1278 est
655 1243 706 1276 ut
735 1241 839 1276 ante
868 1232 1101 1277 biennium
1139 1233 1251 1276 nulli
1288 1234 1455 1276 dentur
1483 1233 1648 1286 studia,
1674 1233 1759 1277 nisi
1793 1249 1876 1277 sua

244 1311 484 1354 uoluntate
515 1317 623 1354 uota
654 1310 868 1354 emiserit.
902 1312 964 1354 Ut
994 1309 1183 1366 professi
1216 1318 1411 1366 quatuor
1440 1317 1651 1354 uotorum
1681 1311 1876 1355 doceant

242 1385 496 1430 doctrinam
527 1387 755 1443 xpianam.
786 1400 843 1441 40
871 1387 983 1439 dies,
1009 1401 1099 1443 quo
1129 1401 1247 1430 anno
1276 1394 1384 1431 uota
1415 1386 1681 1431 aediderint:
1707 1387 1876 1430 deinde

238 1479 297 1507 ex
320 1462 598 1520 praescripto
615 1464 914 1520 superiorum.

333 1542 397 1585 Ut
419 1541 498 1583 fiat
518 1540 792 1584 abstinentia
814 1540 976 1585 diebus
999 1540 1193 1584 veneris.

275 1639 277 1641 v
331 1619 394 1662 Ut
416 1632 509 1660 non
531 1618 610 1661 fiat
632 1618 776 1661 oratio
800 1617 1118 1670 communiter,
1144 1619 1224 1662 sed
1245 1618 1458 1674 priuatim
1481 1633 1506 1661 a
1529 1616 1739 1674 singulis.

330 1694 380 1738 Si
402 1694 447 1736 in
471 1693 632 1738 itinere
657 1709 775 1737 unus
794 1694 962 1737 incidat
979 1694 1024 1736 in
1045 1695 1268 1747 morbum,
1290 1702 1520 1738 remaneat
1537 1694 1667 1747 alius,
1687 1702 1739 1738 ut
1756 1694 1878 1737 illius

241 1785 399 1814 curam
423 1777 570 1827 gerat.
1613 1754 1617 1766 Ι

332 1850 490 1892 Potest
513 1846 686 1904 suscipi
708 1861 817 1890 cura
841 1847 886 1890 in
910 1847 1112 1891 moribus
1135 1855 1180 1891 et
1202 1847 1409 1891 doctrina
1436 1862 1680 1904 puerorum
1705 1862 1877 1905 paupe-

242 1939 342 1968 rum
365 1925 692 1981 orphanorum,
713 1924 869 1967 similis
892 1924 1222 1968 conuictorum.

330 2003 402 2045 No
425 2016 533 2045 sean
557 2002 843 2045 confessores
866 2002 933 2044 los
955 2002 1012 2044 de
1033 2002 1076 2045 la
1098 2003 1349 2058 Compafiia
1371 1990 1427 2045 de
1450 2003 1727 2045 mochachos
1749 2015 1875 2046 reco-

239 2078 374 2135 gidos
397 2093 454 2122 en
478 2077 878 2135 congregationeS,
905 2078 941 2121 si
966 2093 1025 2121 no
1047 2078 1257 2122 tuuiesen
1281 2093 1338 2123 en
1360 2079 1404 2121 lo
1426 2077 1632 2134 spiritual
1661 2079 1767 2122 toda
1794 2092 1876 2120 au-

244 2155 419 2198 toridad
440 2171 470 2211 y
493 2156 549 2200 de
570 2154 783 2210 disponer
806 2155 874 2197 los
898 2156 1177 2198 muchachos
1191 2155 1257 2199 ‘de
1274 2170 1362 2199 vna
1383 2161 1512 2211 parte
1533 2159 1560 2198 a
1582 2161 1696 2198 otra.

336 2231 560 2275 Breuiter:
581 2230 693 2274 dicit
712 2232 765 2273 P.
787 2231 1006 2287 Ignatius:
1028 2231 1289 2287 Vbicunque
1306 2231 1396 2274 sint
1413 2231 1654 2276 societates
1675 2239 1753 2275 aut
1771 2246 1877 2275 con-

245 2309 556 2366 gregationes,
581 2324 646 2354 ne
665 2309 757 2352 sint
785 2308 1168 2352 nostri‘ordinarii
1205 2308 1490 2364 confessarii,
1522 2323 1607 2352 nec
1636 2308 1878 2364 quicquam

238 2399 379 2430 curae
401 2385 626 2442 accipiant
648 2400 803 2430 earum
828 2386 900 2429 uel
922 2385 1117 2438 illorum,
1143 2385 1220 2441 qui
1250 2399 1407 2428 earum
1429 2384 1699 2430 societatum
1722 2399 1877 2428 curam

243 2470 413 2519 gerunt
434 2462 744 2519 principalem.

333 2539 620 2584 Traditiones
638 2546 745 2582 sunt
769 2539 918 2582 Patris
941 2539 1106 2596 Ignatii
1129 2539 1264 2582 trium
1287 2538 1712 2595 impedimentorum
1736 2537 1884 2582 inter·

245 2616 539 2674 pretationes,
566 2615 638 2668 2),
666 2614 721 2671 3}
743 2623 789 2659 et
811 2615 884 2669 4³,
913 2623 961 2658 ut
984 2615 1235 2672 explicatur
1257 2615 1301 2658 in
1326 2615 1511 2658 scholiis
1534 2616 1566 2658 ².

316 2746 334 2762 a
376 2734 634 2770 Emendatum
650 2746 672 2769 a
686 2734 776 2769 Nat.
793 2745 841 2769 ex
857 2746 978 2780 neque
993 2723 1102 2769 hobis
1117 2738 1160 2769 ut
1178 2735 1409 2780 usurpando
1425 2734 1627 2769 imitanda
1645 2732 1877 2779 usurpabat.

244 2816 266 2820 -
293 2797 310 2822 b
331 2794 509 2830 rossario
525 2805 596 2831 ms.
641 2803 704 2821 -0
722 2793 834 2828 Prius
852 2794 1103 2840 sequebatur:
1119 2794 1249 2829 noluit
1264 2805 1344 2829 esse
1356 2795 1563 2840 separatos
1578 2793 1764 2833 nouitios,
1779 2802 1879 2838 quae

238 2854 392 2889 delevit
418 2853 510 2889 Nat.
561 2855 626 2881 —d
653 2851 910 2888 Emendatum
929 2864 950 2887 a
976 2853 1066 2889 Nat.
1087 2864 1134 2887 ex
1154 2853 1261 2888 inter
1287 2853 1330 2887 in
1343 2851 1495 2899 primis
1518 2852 1594 2888 illa
1614 2859 1687 2887 Ιοο
1705 2852 1879 2886 decreta.

315 2955 325 2975 ¹
377 2954 440 2991 Cf.
461 2954 642 2990 Menum.
663 2954 815 3001 Ignat.‚
835 2964 910 2988 ser.
933 2954 1001 2998 IV,
1021 2953 1049 2999 I,
1070 2961 1154 2997 475.

313 3013 327 3032 ²
377 3012 438 3049 Cf.
461 3013 685 3058 NATALEM,
706 3012 863 3048 Scholia
883 3013 924 3046 in
941 3012 1241 3047 constitutiones
1259 3011 1396 3058 (prati,
1419 3010 1538 3057 1883),
1559 3021 1675 3058 pagg.
1695 3018 1772 3055 5·7.
