2098 3470
803 238 983 276 Noni-m
1007 245 1199 275 comctm
1398 222 1405 227 ”
1721 238 1767 274 23

185 342 349 381 tudines
380 341 612 388 Societafis,
635 353 700 379 ex
737 341 780 379 Ρ.
812 341 989 386 Mirone,
1026 341 1096 388 qui
1126 339 1201 394 fuit
1236 339 1429 376 assistens
1466 339 1700 378 Lusitaniae
1736 341 1813 379 sub

186 414 232 456 B.
250 413 411 464 Borgia,
430 418 471 462 et
488 413 592 451 vixit
610 412 687 450 sub
706 411 747 451 S.
767 411 938 462 Ignatio.
956 411 1038 448 Hic
1056 410 1196 448 titulus
1214 410 1258 448 P.
1278 409 1455 448 Sotwelli
1475 423 1599 449 manu
1623 417 1831 450 exaratus.

185 484 359 522 videtur.
393 484 439 522 In
472 495 631 522 summa
662 483 822 534 pagella
846 482 1000 520 ibidem
1024 482 1129 520 haec
1160 481 1364 529 antiquior
1383 482 1602 530 'inscriptio
1631 483 1814 521 habetur:

189 555 238 606 «ἦ-
261 554 437 603 Aliquae
461 554 771 593 obseruationes
803 554 847 592 P.
880 554 1047 591 Mironis
1080 553 1134 590 de
1165 526 1379 591 societatis
1412 554 1815 592 consuetudinibus.»

187 627 222 665 F
223 626 276 664 ol.
297 636 353 672 2r‚
373 627 439 664 hic
454 623 596 664 'titulus
615 626 832 674 inscriptus
850 630 925 662 est:
948 625 1040 662 «Ex
1065 624 1208 662 ritibus
1227 629 1275 662 ··et
1297 624 1582 662 traditionibus
1607 625 1819 662 Societatis

184 697 295 754 Jesu,
313 709 388 746 per
405 698 447 735 P.
468 697 668 736 Mironem
686 696 880 743 collectis,
898 695 1103 744 quaedam
1122 700 1318 744 excerpta
1336 695 1390 733 ad
1406 697 1615 744 proprium
1635 708 1818 733 commo-

188 769 288 808 dum
306 774 349 806 et
365 769 640 807 memoriam.»
660 769 727 807 Ex
746 769 823 806 hac
841 773 980 806 autem
998 768 1260 816 inscriptione
1279 767 1481 818 colligitur
1503 779 1587 805 non
1613 779 1704 805 esse
1723 769 1820 805 istas

188 838 358 878 Mironis
376 839 674 886 annotationes,
700 839 774 877 sed
799 844 958 877 tantum
985 844 1181 887 excerpta
1208 839 1424 886 quaedam.
1454 838 1491 876 A
1511 850 1692 887 quonam
1719 840 1820 876 haec

189 917 387 960 excerpta
418 916 586 949 exarata
618 911 777 958 fuerint,
801 923 884 948 non
918 911 1117 948 audemus
1142 909 1323 948 definire.
1346 910 1539 959 Quinque
1565 910 1669 947 foliis
1695 911 1822 947 conti-

188 988 348 1030 nentur,
366 983 407 1020 in
426 981 576 1031 quibus
594 987 689 1020 octo
715 982 1005 1030 quaterniones
1023 994 1048 1019 a
1076 981 1119 1019 P.
1140 981 1299 1019 Mirone
1319 982 1537 1030 conscripti
1566 983 1607 1019 in
1626 993 1821 1029 compen-

188 1053 303 1092 dium
314 1053 564 1104 rediguntur.
579 1053 646 1090 Ex
665 1053 777 1091 hisce
794 1061 813 1100 5
832 1053 950 1100 foliis,
968 1065 1075 1091 unus
1094 1053 1252 1090 solutus
1270 1053 1375 1090 inter
1392 1059 1552 1091 caetera
1572 1058 1747 1101 quatuor
1766 1053 1822 1089 in·

167 1130 323 1163 sertus
354 1130 429 1172 est,
461 1125 502 1163 in
534 1136 618 1172 quo
643 1125 823 1174 pressius
856 1125 1150 1162 contrahuntur
1182 1136 1244 1170 ea,
1277 1135 1384 1172 quae
1417 1125 1458 1161 in
1485 1125 1623 1173 primis
1656 1124 1824 1161 Mironis

189 1195 524 1245 quaternionibus
543 1195 755 1234 habentur.
774 1195 858 1234 Ine.
879 1195 947 1233 fol.
974 1206 1024 1233 It:
1048 1195 1136 1233 «sf.⁰
1158 1195 1214 1242 3.⁰
1230 1195 1415 1232 Litaniae
1435 1207 1529 1233 cum
1549 1207 1604 1232 ex
1625 1195 1823 1232 obedien-

188 1269 310 1306 tia...»
329 1267 428 1306 Des.
447 1267 515 1305 fol.
543 1266 631 1314 5.⁰r:
660 1282 721 1305 ‹...
741 1266 960 1305 benedicat
984 1267 1099 1304 Deus
1122 1267 1252 1304 trinus
1279 1271 1320 1304 et
1344 1278 1463 1313 unus,
1489 1266 1608 1304 Pater
1633 1272 1675 1304 et
1700 1266 1824 1303 Filius

189 1343 232 1376 et
252 1338 422 1387 Spiritus
450 1338 635 1376 Sanctus.
660 1337 831 1376 Amen.»
859 1338 1094 1386 Sequuntur
1112 1338 1197 1376 duo
1223 1338 1318 1376 folia
1342 1349 1457 1386 pura,
1483 1338 1634 1386 quibus
1659 1338 1826 1386 explicit

188 1414 300 1448 totus
318 1409 468 1448 codeX.

269 1480 406 1529 Hujus
420 1480 574 1518 codicis
593 1481 823 1519 breviorem
842 1480 1158 1529 descriptionem
1173 1480 1362 1518 dedimus
1377 1481 1417 1518 in
1434 1479 1613 1518 Monam.
1629 1479 1825 1528 Paedag„

190 1563 284 1603 pag.
309 1562 370 1600 14,
389 1564 428 1590 n.
449 1552 499 1590 II.

863 1657 1046 1698 Codex
1065 1656 1150 1697 59

271 1766 336 1804 De
354 1765 474 1805 rebus
492 1779 602 1816 cong.
617 1779 711 1816 gen.
732 1766 775 1804 I-
790 1766 874 1805 V.—
886 1766 1071 1804 Solidum
1085 1766 1167 1805 vol.
1182 1767 1223 1803 in
1238 1765 1299 1813 f.⁰‚
1315 1778 1411 1804 cura
1426 1766 1552 1804 Patris
1568 1766 1699 1803 Boero
1714 1778 1826 1804 com-

154 1891 156 1893 ·
190 1839 382 1888 positum,
402 1843 444 1876 et
460 1839 537 1876 hac
563 1850 687 1887 supra
713 1838 823 1876 dorsi
849 1849 1140 1887 pergamenam
1165 1838 1427 1887 inscriptione
1453 1838 1698 1875 distinctum:
1729 1838 1827 1874 «DE

194 1909 369 1948 REBUS
393 1910 399 1960 Ι
424 1909 589 1948 CONG.
609 1909 735 1948 GEN.
760 1909 768 1961 Ι
792 1910 821 1948 1.
842 1910 892 1948 II.
918 1909 988 1947 III.
1017 1909 1087 1947 IV.
1106 1909 1182 1948 V.»
1205 1908 1398 1948 Continet
1422 1910 1571 1947 multos
1596 1910 1827 1957 quaternio—

193 1993 280 2028 nes,
299 1986 341 2019 et
358 1981 524 2019 codices
541 1981 742 2034 variarum
762 1981 1076 2027 dimensionum,
1095 1981 1314 2030 praecipue
1329 1982 1483 2018 veroin
1498 1981 1607 2026 folio,
1623 1981 1662 2017 in
1678 1980 1827 2028 quibus

191 2053 458 2102 reperiuntur,
476 2058 564 2090 tum
582 2052 757 2102 catalogi
778 2052 954 2099 Patr-um,
974 2052 1044 2100 qui
1069 2051 1272 2100 prioribus
1297 2051 1683 2102 congregationibus
1702 2063 1827 2100 gene-

191 2123 342 2163 ralibus
360 2123 638 2170 interfuerunt,
656 2129 744 2161 tum
762 2123 1024 2169 documenta,
1043 2124 1188 2172 partim
1207 2124 1472 2173 autographa,
1493 2124 1637 2171 partim
1654 2134 1827 2171 apogra-

193 2196 288 2244 pha,
311 2195 364 2234 ad
389 2206 511 2244 supra
535 2195 665 2233 dictas
686 2196 1028 2245 congregationes
1061 2196 1298 2243 spectantia.
1332 2195 1457 2232 Foliis
1496 2195 1617 2243 1-674
1645 2199 1828 2231 recenter

193 2267 360 2317 signatis
379 2266 582 2304 coalescit.
602 2266 855 2314 Frequenter
871 2271 1008 2303 tamen
1027 2267 1194 2314 antiqua
1213 2266 1466 2315 singulorum
1481 2265 1670 2303 codicum
1691 2265 1826 2313 signa-

191 2343 283 2377 tura
299 2342 479 2387 apparet.
496 2337 580 2376 Ine.
595 2337 663 2376 fol.
685 2347 715 2375 1:
739 2337 810 2374 «In
826 2337 1026 2375 electione
1039 2337 1082 2376 B.
1098 2337 1142 2375 P.
1159 2337 1296 2374 Nostri
1313 2337 1521 2386 Ignatii...»
1540 2336 1636 2373 Des.
1653 2336 1719 2372 fol.
1735 2336 1826 2383 670:

197 2425 258 2448 ι...
277 2409 380 2447 Dios
398 2409 438 2447 lo
457 2409 636 2447 remedie
655 2408 756 2446 todo
776 2420 896 2446 como
916 2409 1117 2446 conuiene
1138 2420 1235 2457 para
1256 2421 1303 2446 su
1323 2409 1450 2458 gloria
1470 2421 1495 2457 y
1516 2408 1610 2444 bien
1626 2407 1828 2444 vniuersal

194 2481 249 2519 de
267 2493 317 2519 su
334 2480 510 2531 iglesia.»
532 2480 599 2518 Ad
619 2480 775 2518 calcem
794 2480 950 2518 codicis
969 2480 1134 2517 additus
1154 2486 1216 2517 est
1243 2481 1455 2527 quaternio
1483 2479 1653 2523 solutus,
1679 2490 1704 2524 4
1725 2478 1828 2515 soliis

195 2557 401 2608 constans,
425 2551 478 2590 de
502 2551 627 2590 rebus
649 2557 727 2599 5³0
755 2551 1096 2601 congregationis,
1123 2552 1239 2588 cuius
1265 2552 1432 2596 initium,
1459 2550 1526 2587 fol.
1553 2551 1645 2598 671,
1672 2555 1733 2586 est
1762 2549 1827 2586 ita:

199 2622 438 2672 «Quaedam
457 2627 653 2672 excerpta
667 2634 723 2660 ex
738 2623 1059 2672 congregatis...»
1077 2622 1175 2660 Des.
1195 2622 1262 2659 fol.
1282 2623 1374 2671 674:
1399 2638 1459 2659 «ι...
1476 2621 1546 2658 fiat
1566 2620 1828 2669 congregatio

198 2694 398 2744 generalis
416 2705 530 2732 more
549 2694 707 2732 solito.»

866 2799 1054 2839 Codex
1073 2797 1159 2837 oo

283 2906 346 2944 De
364 2911 443 2945 rat.
468 2906 575 2944 stud.
602 2903 937 2957 1583-1613.—In
964 2905 1025 2952 f.⁰‚
1049 2915 1298 2954 pergamena
1323 2904 1363 2940 in
1383 2903 1506 2941 dorso
1534 2908 1763 2951 coopertus,
1792 2909 1832 2940 et

202 2983 387 3016 recenter
418 2978 683 3026 compositus,
716 2978 780 3015 cui
814 2977 917 3014 haec
944 2988 967 3013 a
999 2982 1116 3026 tergo
1146 2975 1366 3023 inscriptio:
1404 2972 1778 3011 «DOCUMENTA
1803 2975 1808 3022 Ι

206 3060 262 3087 DE
285 3049 290 3099 Ι
314 3049 470 3087 ratione
499 3048 755 3096 studiorum!
785 3048 1050 3097 1583—1613.»
1085 3047 1211 3084 Foliis
1246 3045 1360 3092 1-585
1395 3045 1563 3094 signatis
1589 3050 1629 3081 et
1662 3046 1831 3092 scriptis,
