2098 3470
335 268 391 296 xu
986 264 1231 300 PRAEFA’rlo

288 362 437 406 benda
458 362 554 406 visa
575 371 696 407 sunt.
723 365 908 408 Ad'hoc
938 365 1058 409 enim
1087 365 1238 421 plures
1260 378 1343 406 nos
1376 364 1572 407 rationes
1605 365 1914 420 perpulerunt.

292 439 445 483 Prima
468 440 650 495 quidem
672 442 797 497 quod
817 456 962 498 pauca
984 442 1228 485 admodum
1258 441 1395 496 hujus
1424 440 1595 484 codicis
1621 441 1828 497 exempla
1850 456 1920 486 re-

289 515 538 571 periantur.
564 518 792 570 Secunda,
818 519 942 573 quod
964 534 1034 571 ea,
1060 533 1175 573 quae
1204 524 1453 570 remanent,
1485 533 1577 560 non
1603 532 1660 561 ex
1691 517 1847 560 ultimo
1874 525 1920 561 et

289 593 346 635 ab
369 599 558 638 auctore
586 595 826 637 emendato
854 594 1115 650 exemplari,
1146 595 1226 638 sed
1258 609 1313 637 ex
1345 593 1645 637 inemendatis
1676 601 1721 638 et
1753 593 1922 650 imper-
1970 603 1974 607 ’

290 669 422 713 fectis
443 670 669 727 descripta
693 670 876 716 fuerint.
903 672 1013 716 Tale
1035 678 1120 723 est,
1146 686 1189 713 v.
1215 686 1282 726 g.,
1304 672 1427 726 quod
1450 686 1475 713 a
1499 672 1552 714 P.
1580 671 1922 728 Braunsberger

290 745 336 788 in
366 746 536 790 Canisii
566 747 788 804 epistulis,
820 749 914 790 vol.
957 749 1036 800 IV,
1075 762 1215 804 pagg.
1245 749 1469 806 ,MS-349,
1510 748 1749 803 allegatur,
1787 754 1923 804 prout

288 821 406 866 infra
426 837 568 880 pagg.
595 824 682 878 408
704 832 751 867 et
774 835 858 879 515
883 832 1108 867 notamus.
1135 824 1304 877 Tertia,
1330 826 1450 879 quod
1472 831 1653 867 nostrae
1682 823 1921 869 Societatis

288 899 549 943 hominibus
572 908 747 957 gratam
770 903 888 945 hanc
910 901 1154 945 editionem
1179 902 1278 946 fore
1299 901 1587 953 arbitramur,
1619 900 1784 956 quibus
1805 901 1922 944 anti—

287 990 401 1031 quas
430 978 784 1021 consuetudines
814 992 918 1021 cum
947 978 1177 1022 hodiernis
1214 992 1499 1034 componere,
1534 985 1579 1021 et
1616 978 1922 1021 venerandam

287 1056 543 1097 nostrarum
582 1053 874 1098 traditionum
910 1054 1224 1110 antiquitatem
1261 1069 1512 1111 agnoscere
1549 1055 1672 1098 haud
1710 1053 1920 1109 equidem

288 1129 563 1186 displicebit.
588 1133 779 1187 Quarta,
811 1145 916 1174 cum
946 1132 1123 1174 Scholia
1152 1131 1327 1175 Natalis
1359 1131 1480 1175 edita
1510 1131 1695 1185 fuerint,
1737 1131 1921 1173 Instru-

287 1208 464 1258 ctiones,
489 1222 606 1263 quae
627 1223 654 1251 a
675 1209 875 1251 secunda
898 1208 1256 1264 congregatione
1278 1207 1365 1251 illis
1387 1208 1754 1264 aequiparantur,
1779 1207 1825 1249 in
1851 1214 1923 1252 te-

290 1284 443 1328 nebris
464 1284 618 1340 jacere
655 1299 746 1328 non
783 1299 979 1340 aequum
1012 1285 1266 1328 videbatur.
1302 1284 1578 1328 Mentionem
1601 1284 1777 1328 illarum
1810 1284 1919 1327 facit

286 1357 340 1402 P.
381 1360 567 1404 Astrain
606 1361 652 1404 in
689 1362 901 1404 Historia
937 1362 991 1404 de
1027 1362 1069 1403 Za
1107 1361 1361 1404 Asistencz‘a
1399 1361 1453 1403 de
1488 1361 1691 1416 Εεραῆα,
1728 1361 1819 1404 vol.
1860 1361 1915 1413 II,

286 1436 460 1490 lib.111,
486 1451 585 1493 cap.
611 1439 665 1490 II,
690 1453 738 1483 n.
764 1439 805 1481 8.

376 1514 433 1556 Et
454 1515 567 1558 haec
589 1515 646 1559 de
667 1529 889 1559 novorum
913 1514 1087 1558 Natalis
1110 1514 1318 1557 codicum
1342 1514 1607 1558 recensione
1628 1514 1796 1557 dixisse
1819 1515 1919 1557 suf-

289 1589 426 1633 ficiat.
452 1592 522 1634 De
543 1591 598 1634 iis
620 1598 788 1644 autem,
814 1606 927 1646 quos
949 1591 994 1633 in
1018 1591 1163 1647 primo
1185 1590 1416 1634 volumine
1437 1590 1775 1646 descripsimus,
1809 1589 1922 1633 nihil

286 1666 409 1709 aliud
431 1668 883 1730 animadvertendum
906 1676 1129 1724 superest,
1161 1667 1247 1710 nisi
1274 1682 1487 1723 magnam
1519 1673 1921 1710 monumentorum

290 1744 427 1799 hujus
455 1744 699 1788 voluminis
728 1752 897 1801 partem
930 1761 985 1790 ex
1018 1745 1163 1788 tribus
1201 1743 1433 1787 codicibus
1471 1743 1533 1787 ibi
1566 1743 1801 1788 recensitis
1836 1743 1918 1788 de-

289 1827 541 1876 promptam
578 1836 693 1865 esse:
734 1837 790 1866 ex
821 1822 1054 1865 codicibus
1084 1822 1256 1865 scilicet
1290 1822 1447 1864 Natal.
1482 1822 1618 1863 instr.
1658 1821 1828 1871 Lusit.;
1864 1834 1925 1863 ex

291 1898 450 1942 Natal.
474 1899 609 1942 instr.
642 1900 798 1942 Germ.
826 1907 871 1943 et
892 1914 948 1943 ex
972 1900 1157 1942 Natalis
1184 1892 1424 1954 opusculis:
1451 1904 1686 1954 praeterea
1715 1912 1771 1941 ex
1801 1897 1913 1941 Cod.

298 1975 437 2017 Vatic.
481 1985 520 2029 7,
558 1983 608 2018 ut
645 1975 819 2019 dictum
856 1983 942 2021 est.
982 1976 1045 2019 Hi
1082 1975 1251 2021 etenim
1289 1974 1469 2018 codices
1500 1974 1618 2017 inter
1654 1974 1930 2030 praecipuos

292 2053 340 2094 Ρ.
365 2052 540 2095 Natalis
561 2053 758 2097 habendi
780 2061 903 2096 sunt.
931 2054 1032 2096 Hac
1053 2054 1110 2097 de
1132 2067 1285 2105 causa,
1312 2067 1428 2107 quae
1450 2066 1506 2094 ex
1527 2051 1615 2094 illis
1631 2065 1724 2094 non
1745 2051 1923 2102 edenda
1991 2046 2000 2056 ”

289 2127 387 2171 visa
409 2129 610 2181 fuerunt,
637 2145 662 2172 a
685 2130 851 2173 nostris
872 2130 1119 2173 lectoribus
1141 2129 1289 2184 aliqua
1311 2129 1468 2172 saltem
1499 2127 1673 2170 ratione
1703 2126 1920 2183 cognosci

289 2211 498 2260 oportere
520 2206 748 2259 duximus3
780 2207 974 2262 ideoque
1001 2206 1217 2250 fusiorem
1246 2205 1423 2248 illorum
1452 2203 1674 2256 notitiam,
1705 2211 1809 2259 post
1836 2217 1919 2246 no—

290 2296 453 2325 vorum
475 2282 683 2326 codicum
707 2283 1034 2337 recensionem,
1059 2284 1236 2326 damus.
1694 2323 1697 2325 .

379 2359 438 2401 Et
459 2359 629 2403 codicis
650 2360 859 2416 equidem
883 2361 1038 2404 Natal.
1063 2361 1198 2402 instr.
1220 2361 1368 2404 Lusit.
1391 2357 1609 2415 cognitio,
1635 2363 1812 2413 praeter
1835 2356 1921 2400 alia

289 2437 547 2488 commoda,
571 2436 683 2480 illud
704 2437 870 2480 nostris
892 2435 1189 2492 scriptoribus
1217 2435 1542 2492 suppeditabit,
1574 2441 1625 2477 ut
1659 2433 1920 2490 regularum

290 2501 532 2557 Societatis
565 2512 788 2569 originem
821 2521 866 2557 et
903 2527 1196 2569 progressum
1228 2512 1390 2556 melius
1425 2512 1695 2568 dignoscere
1730 2517 1918 2565 queant.

292 2590 426 2644 Nam,
451 2604 555 2633 cum
577 2589 640 2632 ibi
662 2590 938 2645 antiquiores
959 2591 1147 2646 regulae
1168 2605 1195 2633 a
1216 2589 1367 2632 Natali
1399 2587 1620 2631 lusitanis·
1640 2594 1686 2632 et
1717 2585 1922 2643 hispanis

291 2667 423 2710 datae
445 2666 782 2719 contineantur,
808 2681 863 2709 ex
886 2667 1063 2710 illarum
1085 2681 1189 2709 cum
1207 2665 1536 2710 recentioribus
1553 2663 1771 2720 exemplis
1788 2663 1921 2706 colla·

291 2742 430 2795 tione,
462 2748 719 2787 nostrarum
757 2744 911 2799 legum
950 2742 1182 2787 historiam
1219 2742 1370 2798 aptius
1407 2748 1650 2785 contexere
1685 2746 1919 2797 poterunt,

291 2821 413 2874 quod
429 2821 524 2876 jam
547 2821 803 2865 luculenter
825 2820 1048 2876 praestitit
1072 2821 1127 2865 P.
1150 2819 1339 2863 Astrain
1361 2818 1406 2862 in
1439 2831 1576 2874 opere
1605 2818 1808 2869 laudato,
1841 2829 1922 2859 vo-

291 2897 463 2941 lumine
485 2896 679 2951 11‚'1ibro
700 2898 775 2950 III,
801 2896 948 2953 capite
969 2898 1022 2939 11.
1055 2927 1058 2930 ι

378 2975 475 3017 Nos
496 2981 664 3025 autem,
689 2989 747 3018 ex
767 2973 943 3018 Natalis
960 2973 1230 3028 scriptorum
1248 2972 1507 3023 collatione,
1529 2970 1795 3027 praesertim
1811 2983 1921 3013 vero

288 3066 346 3095 ex
369 3050 572 3106 ejusdem
594 3050 812 3106 epistolis,
837 3049 1202 3106 ephemeridibus
1223 3056 1268 3092 et
1291 3048 1479 3104 regulis,
1510 3050 1622 3092 haec
1645 3053 1816 3103 puncta
1839 3059 1922 3102 pro
