2098 3470
299 245 370 282 688
770 246 925 284 PATms
950 247 1195 284 Hnmonnn
1221 246 1372 283 NADAL

340 354 395 396 36
427 348 545 395 Vide
561 348 873 393 infidelitatem
893 356 1016 393 tuam
1036 349 1081 391 in
1101 350 1173 392 via
1190 348 1389 402 Domini3
1402 363 1522 402 nam,
1537 347 1574 392 si
1591 350 1706 394 haec
1724 364 1887 406 ageres

252 426 295 469 in
320 425 558 470 seruitium
580 440 724 483 papae
752 441 810 470 au
840 426 1053 478 caesaris,
1079 440 1302 482 sperares,
1334 426 1604 478 confideres,
1628 440 1720 469 non
1750 427 1884 470 dubi-

252 510 370 546 tares
393 501 480 545 illis
502 511 692 559 accepta
713 503 766 546 iri
783 518 900 559 quae
923 518 1101 560 ageres;
1128 511 1173 546 et
1196 502 1233 546 si
1256 516 1374 559 quae
1396 517 1574 566 ageres,
1599 510 1644 546 et
1666 503 1703 546 si
1728 517 1818 559 qua
1838 503 1884 546 in

252 594 300 624 re
322 580 594 633 offenderes,
621 580 750 624 facile
780 580 860 624 tibi
891 581 1127 624 remissum
1157 579 1225 623 iri.
1269 579 1394 635 Quid
1430 579 1572 636 igitur
1598 594 1752 623 coram
1785 581 1884 625 Deo

250 656 423 712 optimo
446 656 645 700 maximo
667 657 886 713 trepidas?
910 672 1077 713 magno
1101 656 1251 700 animo
1273 671 1403 712 spera
1426 671 1505 712 per
1531 663 1816 701 constantem
1830 642 1885 700 ¹et

250 732 557 790 longanimem
580 733 859 790 patientiam.
1477 744 1479 746 “
1543 740 1545 742 ’

338 811 466 854 Deus
486 809 581 853 vita
601 818 686 854 est:
713 813 839 855 Deus
869 810 1054 866 spiritus
1082 817 1150 853 est
1180 810 1435 853 viuificans:
1460 810 1535 852 hic
1564 824 1727 853 sensus
1756 810 1881 866 spiri·

249 894 323 930 tus
346 886 549 931 viuificat
570 901 662 930 cor.
1764 939 1769 942 ι

337 966 408 1007 Da
444 978 625 1020 operam
663 972 709 1007 vt
748 964 917 1007 sentias
955 964 1063 1020 quid
1092 964 1236 1006 oratio
1271 964 1345 1016 sit,
1372 964 1481 1019 quid
1517 964 1805 1016 sacrificium,
1836 972 1883 1008 et

248 1042 629 1096 quemadmodum
656 1041 1010 1097 coniungantur.
1044 1040 1243 1096 Spiritus
1275 1048 1461 1084 sanctus
1488 1040 1609 1084 enim
1645 1041 1882 1085 adiuuabit

248 1118 304 1160 ad
327 1117 594 1170 orationem,
620 1125 666 1162 et
694 1133 776 1174 pro
814 1125 858 1162 te
888 1117 1150 1173 postulabit3
1185 1119 1335 1173 Xpus,
1365 1133 1475 1161 vero
1513 1133 1594 1174 pro
1633 1125 1676 1160 te
1703 1119 1876 1162 offeret.
1924 1165 1936 1176 ,

250 1195 368 1238 Nam
392 1194 436 1237 in
459 1195 628 1239 virtute
649 1195 759 1251 Xpi.
788 1194 1041 1239 oblationes
1059 1194 1205 1237 sinon
1223 1194 1470 1248 offerimus,
1495 1194 1607 1237 nihil
1629 1194 1876 1238 offerimus.

249 1272 406 1315 Solum
435 1271 546 1314 illud
576 1271 660 1314 fuit
687 1271 957 1315 sacrificium
998 1286 1077 1327 per
1114 1286 1163 1315 se
1191 1273 1290 1314 Deo
1317 1279 1555 1327 acceptum
1585 1279 1630 1315 et
1661 1287 1740 1328 per
1767 1271 1879 1315 illud

248 1347 415 1391 onmia.
442 1349 599 1391 Habes
621 1348 695 1390 hic
717 1349 901 1404 longam
924 1347 1262 1391 meditationem
1281 1355 1417 1405 atque
1439 1348 1682 1391 assiduam.

335 1425 470 1468 Nulla
494 1425 540 1467 in
570 1441 618 1469 re
646 1433 797 1468 creata
827 1424 960 1468 sistas
988 1424 1096 1479 quin
1126 1440 1182 1468 ex
1218 1440 1271 1468 ea
1307 1426 1365 1467 ad
1402 1427 1549 1469 Deum
1582 1433 1808 1481 penetres,
1833 1432 1879 1468 et

245 1501 431 1544 coelesti
454 1501 605 1556 aliqua
623 1501 934 1553 meditatione,
956 1501 1190 1554 relatione,
1213 1509 1337 1544 motu
1355 1500 1576 1556 interiori,
1596 1503 1730 1545 addet
1747 1502 1877 1545 Chri-

244 1586 343 1621 stus
361 1593 546 1622 sensum
564 1578 762 1634 spiritus.
843 1577 845 1579 ’

332 1655 390 1699 37
422 1655 540 1699 Vide
563 1655 811 1699 efficaciam
837 1655 1074 1708 orationis,
1102 1663 1204 1711 pete
1235 1655 1405 1711 aliquid
1432 1655 1478 1698 in
1511 1655 1728 1707 oratione,
1754 1657 1875 1712 quod

245 1739 395 1776 tamen
417 1733 474 1775 ad
497 1733 643 1776 solum
667 1732 753 1775 Dei
775 1732 1013 1775 seruitium
1038 1733 1223 1784 referas,
1250 1734 1372 1788 quod
1395 1733 1566 1776 bonum
1588 1732 1646 1775 sit
1670 1733 1870 1776 omnino.

242 1808 290 1853 Si
313 1824 420 1853 vere
441 1824 560 1862 oras,
585 1810 663 1853 fiet
685 1809 730 1852 in
754 1824 1003 1865 progressu
1026 1807 1243 1852 orationis
1267 1817 1315 1852 vt
1338 1809 1566 1866 petitionis
1589 1817 1693 1854 tuae
1715 1810 1873 1854 obliui-

241 1885 399 1937 scaris,
424 1892 470 1930 et
493 1892 616 1929 totus
640 1886 702 1929 sis
724 1886 769 1928 in
792 1887 1071 1929 voluntatem
1102 1886 1189 1930 Dei
1217 1886 1466 1930 coniectus:
1502 1878 1615 1929 nihil
1635 1887 1723 1930 iam
1745 1894 1893 1943 petas„

241 1962 528 2018 particulare,
554 1963 634 2007 sed
657 1963 754 2006 eius
779 1970 955 2005 tantum
977 1967 1258 2007 voluntatem
1281 1962 1483 2018 implere.

331 2041 421 2083 Per
451 2040 586 2082 fidem
621 2039 820 2082 uincitur
853 2039 1107 2092 infirmitas,
1139 2039 1274 2082 etiam
1303 2039 1562 2095 corporalis.
1599 2040 1748 2084 Firma
1780 2049 1867 2093 est,

241 2124 405 2172 potens
428 2124 514 2169 est,
541 2116 761 2161 securitas
783 2117 1006 2171 quaedam
1031 2124 1099 2160 est
1122 2116 1266 2161 fortis.

331 2194 411 2236 Est
432 2207 697 2236 neccessum
719 2194 777 2237 ad
802 2207 954 2237 ueram
979 2193 1095 2236 viam
1114 2193 1506 2249 contemplationis
1525 2200 1572 2235 vt
1588 2193 1775 2238 interior
1791 2196 1870 2237 ha-

239 2271 409 2313 beatur
424 2284 587 2313 sensus
608 2269 928 2326 poenitentiae,
955 2271 1112 2313 saltem
1136 2270 1181 2312 in
1198 2284 1383 2326 genere,
1410 2285 1526 2325 quae
1544 2277 1695 2315 tecum
1714 2285 1868 2327 perse-

238 2353 383 2399 ueret,
417 2352 507 2389 non
540 2347 685 2390 solum
724 2346 1068 2402 praeteritorum
1106 2355 1411 2402 peccatorum,
1452 2348 1532 2391 sed
1564 2348 1868 2403 praesentium

238 2438 419 2480 quoque
441 2431 487 2466 et
515 2423 774 2466 oblitorum.
808 2423 929 2466 Hinc
966 2423 1235 2466 conciliatur
1270 2424 1479 2467 confusio
1516 2438 1667 2468 coram
1695 2426 1799 2469 Deo
1822 2434 1869 2471 et

238 2500 489 2553 humilitas,
515 2499 717 2543 nascitur
737 2500 906 2542 fiducia
924 2500 969 2543 in
993 2502 1109 2553 Deo3
1136 2515 1252 2555 quae
1275 2509 1382 2543 sunt
1409 2489 1680 2557 grauissima
1702 2501 1867 2558 princi-

238 2578 309 2633 pia
346 2579 403 2621 ad
439 2575 883 2632 contemplationem.
921 2577 1139 2632 Alioquin
1177 2587 1246 2622 est
1277 2578 1486 2634 superbia
1522 2578 1620 2623 sine
1650 2579 1866 2624 exercitio

236 2653 524 2711 purgationis
546 2653 669 2697 adire
689 2652 956 2705 orationem,
983 2655 1141 2699 saltem
1165 2655 1221 2699 ad
1243 2654 1477 2711 principia.

325 2730 494 2788 Magna
512 2738 558 2775 et
579 2729 903 2774 iucundissima
926 2738 994 2774 est
1012 2732 1288 2775 familiaritas
1309 2747 1414 2775 cum
1434 2735 1550 2785 Deo,
1569 2747 1707 2790 supra
1729 2748 1877 2789 quam-

234 2808 447 2865 explicari
471 2815 637 2864 potest,
663 2814 757 2850 tota
778 2806 825 2848 in
847 2807 945 2850 eius
968 2808 1276 2851 misericordia
1298 2817 1343 2853 et
1365 2810 1568 2853 bonitate
1590 2809 1650 2854 38
1677 2811 1863 2854 fundata

235 2893 281 2930 et
303 2886 529 2941 absorpta:
555 2884 632 2927 vbi
657 2883 762 2926 boni
785 2883 895 2926 nihil
924 2885 968 2926 in
1002 2892 1046 2928 te
1083 2885 1240 2938 sentis,
1266 2887 1347 2929 sed
1375 2889 1500 2931 Deus
1521 2888 1573 2930 fit
1601 2886 1682 2930 tibi
1713 2887 1863 2931 omnia

233 2962 280 3004 in
304 2961 532 3014 omnibus3
557 2960 665 3004 hinc
689 2960 800 3003 mira
822 2961 1016 3004 dulcedo
1045 2962 1371 3018 colloquiorum
1399 2963 1620 3015 succedit,
1647 2971 1860 3019 tanquam

234 3038 365 3081 amici
392 3039 450 3080 ad
487 3037 700 3089 amicum,
735 3037 920 3091 fiducia,
952 3052 1071 3093 spes,
1103 3039 1232 3092 fides,
1265 3039 1473 3092 virtutes,
1507 3040 1643 3093 dona,
1668 3040 1856 3096 gratiae.

2094 1281 2098 1493 ξ
