2098 3470
547 239 692 275 ’Innssx
718 246 956 276 sanamus
982 246 1142 282 QUARTI
1167 248 1391 277 vommms
1679 242 1746 288 931

1683 344 1763 379 pag.

278 407 338 443 De
355 405 599 443 scholasticis
621 405 863 453 approbatis.
877 407 980 442 —De
1000 405 1117 441 modo
1142 405 1330 443 reddendi
1357 408 1544 444 rationem
1563 420 1652 445 con-

349 465 538 502 scientiae
543 491 1644 504 ...............................................
1701 470 1770 515 568

278 525 338 564 De
355 525 529 561 oratione
538 549 1644 563 ...............................................
1700 529 1770 575 569

280 584 462 623 Materies
478 583 679 631 petitionis
702 583 742 619 in
760 583 935 619 oratione
946 610 1644 623 ..............................
1702 597 1770 634 575

279 644 521 691 Argumenta
544 643 683 680 solitae
710 643 973 679 meditationis
998 649 1183 690 poterunt
1208 656 1295 680 esse
1326 646 1435 692 haec,
1462 658 1561 693 quae
1593 659 1651 682 se-

344 708 515 752 quuntur
526 728 1046 742 .......................
1065 733 1068 736 Α
1086 730 1643 742 .......................
1700 708 1768 753 576

277 763 337 800 De
354 768 442 800 octo
459 762 769 799 beatitudinibus
787 762 941 809 proprie
958 762 1007 798 ad
1026 768 1201 799 nostrum
1223 764 1440 800 institutum
1451 792 1643 802 .........
1700 767 1769 811 580

274 823 336 860 De
353 821 528 860 oratione
546 821 740 858 dominica
757 822 1007 869 peculiariter
1023 834 1094 869 pro
1112 822 1226 858 nobis
1233 851 1640 861 ..................
1700 826 1765 872 582

275 881 339 918 Ad
353 881 524 919 fructum
541 881 708 929 aliquem
734 882 894 928 spiritus
914 881 1183 928 accipiendum
1202 889 1411 930 sequentes
1431 884 1649 920 meditatio-

346 948 418 980 nes
430 946 594 989 possunt
613 941 790 977 exerceri
800 967 1642 981 ...................................
1699 946 1766 991 584

274 1001 389 1039 Ratio
410 1000 739 1050 quemadmodum
760 1001 915 1036 recitari
939 1000 1063 1048 possit
1092 1001 1279 1037 rosarium
1305 1003 1408 1038 vitae
1428 1003 1589 1049 Christi,
1615 1005 1646 1040 si

326 1058 431 1108 quis
441 1072 498 1096 ex
515 1060 727 1096 devotione
746 1066 971 1096 moveretur
988 1060 1036 1096 ad
1050 1060 1147 1096 illud
1165 1061 1406 1098 recitandum
1417 1089 1640 1099 ..........
1696 1064 1765 1110 586

275 1120 464 1157 Poterunt
481 1126 521 1156 et
537 1131 637 1168 quae
656 1125 872 1167 sequuntur
889 1120 1076 1168 applicari
1093 1120 1139 1156 ad
1159 1121 1346 1157 rosarium
1366 1122 1469 1158 vitae
1485 1123 1644 1162 Christi.
1698 1133 1765 1169 592

274 1179 335 1216 De
351 1179 472 1216 tonis.
485 1200 518 1206 -—
528 1180 590 1216 De
607 1179 905 1227 probationibus
914 1206 1640 1218 ...............................
1697 1193 1766 1229 594

272 1239 334 1276 De
350 1238 607 1286 hospitalibus
623 1265 1640 1278 ...........................................
1696 1252 1763 1288 595

273 1299 335 1334 De
351 1297 550 1335 exercitiis
574 1298 841 1346 spiritualibus
853 1325 1642 1338 ..................................
1698 1303 1766 1348 596

270 1358 332 1394 De
356 1357 638 1395 tentationibus
654 1384 1638 1397 ..........................................
1695 1363 1764 1407 598

272 1417 334 1453 De
351 1417 615 1464 eleemosynis
630 1443 1640 1455 ...........................................
1695 1421 1765 1457 600

271 1477 333 1512 De
350 1476 485 1513 litibus
502 1477 566 1512 vel
584 1477 702 1512 rebus
723 1476 943 1512 forensibus
960 1503 1637 1516 .............................
1692 1481 1760 1515 601

208 1548 210 1550 ’
272 1536 332 1572 De
349 1534 646 1582 negotiis.—De
664 1535 868 1572 beneficiis
886 1536 1165 1573 ecclesiasticis
1174 1564 1637 1574 ....................
1691 1540 1761 1574 602

271 1596 332 1631 De
350 1595 518 1632 lectione
536 1601 577 1631 et
593 1595 680 1631 aliis
697 1595 800 1631 circa
819 1607 993 1631 mensam
1010 1622 1636 1634 ...........................
1692 1598 1764 1634 603

270 1653 378 1692 01·ᾰο
394 1655 584 1691 culinae·
614 1656 674 1690 De
692 1654 899 1691 refectorio
915 1682 1635 1693 ...............................
1692 1659 1763 1703 604

273 1713 1108 1752 Devotis.........................‚.ss
1122 1743 1632 1752 ......................
1687 1718 1760 1760 609

270 1774 331 1810 De
347 1773 686 1811 concionatoribus
698 1801 846 1810 .......
863 1804 868 1808 .
884 1801 894 1810 .
911 1805 915 1808 .
932 1801 1630 1812 ..............................
1687 1777 1758 1811 612

271 1834 333 1869 De
350 1833 668 1870 subordinatione
685 1834 928 1881 superiorum
947 1861 1638 1871 ..............................
1692 1835 1762 1871 613

270 1893 330 1929 De
347 1892 608 1940 appellatione
627 1892 729 1930 inter
746 1904 816 1929 nos
822 1920 1612 1931 ..................................
1690 1896 1760 1940 614

151 2010 225 2046 62.“
271 2010 347 2046 Del
365 2009 480 2046 modo
497 2010 546 2046 de
564 2010 751 2057 procedet
769 2011 818 2047 de
836 2012 872 2047 la
890 2011 1105 2060 Compafiia
1127 2039 1634 2050 ......................
1690 2014 1759 2058 614

149 2069 213 2105 63.
269 2069 396 2105 Patris
414 2069 562 2105 Natalis
580 2075 768 2106 tractatus
784 2070 834 2106 de
852 2071 1126 2108 traditionibus
1146 2079 1185 2108 et
1204 2073 1555 2108 consuetudinibus
1575 2073 1640 2108 So·

337 2128 618 2165 cietatis.—De
636 2129 911 2166 traditionibus
929 2131 1138 2168 societatis
1148 2159 1634 2168 .....................
1689 2133 1759 2177 619

268 2188 329 2224 De
345 2188 695 2224 consuetudinibus
714 2189 923 2225 societatis
943 2191 1231 2227 universalibus
1243 2218 1632 2227 .................
1687 2192 1752 2227 621

148 2247 212 2292 64.
267 2247 552 2284 Annotationes
569 2259 795 2285 communes
812 2250 1001 2286 collectae
1021 2262 1071 2285 ex
1089 2262 1160 2287 usu
1182 2251 1448 2286 visitationum
1463 2278 1633 2286 ........
1688 2251 1755 2295 625

265 2306 483 2343 Dicendum
500 2307 540 2343 in
557 2308 736 2355 collegiis
754 2314 909 2356 praeter
926 2316 1082 2346 caetera
1097 2336 1630 2346 .......................
1685 2311 1756 2355 629

148 2365 212 2411 65.
268 2366 424 2403 Patrum
442 2367 546 2403 dicta
562 2367 721 2416 aliquot.
741 2390 763 2395 -
775 2369 891 2404 Pater
908 2375 1040 2405 noster
1058 2369 1219 2406 Lainius
1242 2396 1584 2406 ...............
1623 2397 1631 2404 .
1686 2369 1753 2413 635

265 2425 381 2462 Pater
397 2427 523 2462 Faber
540 2427 776 2473 Maguntiae‚
797 2439 885 2464 cum
904 2428 1210 2475 interrogaretur
1229 2429 1278 2464 de
1292 2429 1548 2464 instructione
1569 2440 1636 2475 pro

335 2484 488 2523 itinere.
512 2494 601 2531 1542
620 2487 682 2522 vel
705 2486 794 2532 1543
807 2514 1627 2524 ...................................
1683 2487 1751 2523 636

262 2543 378 2580 Pater
395 2544 557 2581 Lainius
566 2572 1625 2583 .............................................
1681 2547 1751 2592 639

264 2603 380 2639 Pater
398 2604 586 2640 Araozius
592 2630 1075 2642 .....................
1091 2636 1095 2641 .
1113 2633 1431 2642 ..............
1447 2636 1452 2640 .
1469 2633 1622 2642 .......
1679 2607 1750 2651 640

261 2661 377 2698 Pater
393 2668 525 2699 noster
542 2664 720 2710 Ignatius
732 2691 1623 2703 .....................................
1679 2665 1750 2709 643

261 2721 378 2757 Pater
395 2722 520 2758 Faber
527 2749 721 2760 .........
737 2754 741 2757 Α
760 2750 1220 2763 ....................
1237 2757 1241 2760 .
1258 2754 1362 2763 .....
1381 2756 1384 2758 .
1404 2752 1624 2762 ..........
1679 2726 1748 2770 647

143 2779 208 2816 66.
263 2779 390 2816 Patris
408 2781 557 2817 Natalis
579 2782 618 2818 in
638 2783 810 2819 Examen
834 2786 1107 2822 annotationes
1118 2812 1576 2822 ..................
1594 2815 1598 2818 .
1616 2812 1624 2820 .
1678 2786 1748 2829 649

143 2837 208 2883 67.
263 2839 454 2885 Excerpta
480 2851 530 2875 ex
551 2840 700 2877 Natalis
726 2842 993 2879 adhortatione
1019 2846 1258 2883 sexta.-De
1285 2844 1499 2880 ministerio
1518 2845 1627 2879 verbi

333 2898 406 2934 Dei
421 2926 430 2934 .
452 2925 1620 2939 ..................................................
1677 2901 1747 2946 653

262 2954 395 2995 Orden
418 2957 467 2993 de
490 2958 660 2995 oraciOn.
685 2960 926 2997 Instruccion
949 2974 1025 3009 que
1049 2963 1113 2998 dio
1138 2965 1172 2999 el
1197 2963 1238 3001 P.
1267 2963 1387 2998 Nadal
1408 2964 1442 2997 la
1461 2963 1626 3008 primera

332 3027 405 3052 vez
421 3028 496 3064 que
515 3018 632 3054 visit6
648 3021 670 3054 a
687 3019 840 3067 Espafia
847 3046 1613 3059 .................................
1672 3021 1742 3066 670
