2098 3470
570 253 846 290 Mouuussnn
869 257 1128 288 Pnovmcuss
1151 247 1490 295 Rucuma—53
1733 247 1799 284 322

216 356 377 414 ligitur
395 369 454 400 ex
474 355 566 399 fine
585 350 980 404 constitutionum,
1004 352 1086 396 sed
1108 351 1332 408 legendae
1369 358 1478 394 sunt
1512 350 1615 395 illae
1653 349 1855 407 singulis

217 432 466 486 mensibus,
491 446 609 488 quae
629 431 689 474 ad
708 444 869 474 omnes
890 428 1102 482 attinent,
1126 442 1244 484 quae
1273 426 1499 484 incipiunt
1530 428 1748 471 «Summa
1775 442 1851 470 sa-

217 499 432 567 pientia».
465 510 599 565 Quae
633 519 747 552 uero
783 507 842 550 ad
876 505 1084 562 singulos
1121 504 1455 561 particulariter
1491 504 1704 556 attinent,
1740 503 1857 547 satis.

217 586 304 631 erit
324 586 363 630 si
383 584 654 647 eassinguli
674 583 869 641 singulis
890 582 1124 626 mensibus
1144 583 1317 639 legant.
1343 583 1416 626 De
1432 581 1520 635 his,
1546 595 1663 637 quae
1686 582 1743 624 ad
1759 582 1850 624 col.-

216 663 338 720 legia
365 662 575 715 attinent,
605 660 899 705 constituitur
925 660 1045 703 clare
1082 659 1240 702 vltima
1276 659 1568 715 paragrapho
1608 657 1690 701 10.i
1727 657 1849 714 capi-

220 741 278 785 tis
298 748 384 795 4²⁶
405 740 564 797 partis,
588 740 755 783 declar.
785 738 854 797 [L]
879 740 909 780 ¹.

233 828 236 830 ’
307 818 587 862 De.doctore
603 816 816 860 Conrado
838 816 854 836 ²
877 815 992 858 nihil
1014 813 1264 858 constituat
1284 812 1593 870 prouincialis,
1619 827 1704 856 nec
1729 812 1849 855 enim

218 893 415 950 aliquam
438 893 487 936 in
507 893 635 936 illum
657 899 926 949 potestatem
949 892 1102 945 habet,
1127 890 1215 934 nisi
1236 890 1300 933 ita
1326 897 1582 934 mutaretur
1609 889 1729 932 illius
1752 889 1851 932 ani-

219 985 338 1024 mus,
363 978 415 1014 ut
435 971 574 1014 uellet
595 971 652 1013 ad
673 970 853 1026 plenam
876 967 1182 1013 obedientiam
1204 967 1446 1013 Societatis
1474 967 1637 1011 redire:
1662 968 1785 1022 quod
1813 967 1855 1009 si

218 1049 414 1101 faceret,
435 1047 686 1092 mittendus
715 1054 838 1091 esset
873 1047 930 1089 ad
958 1046 1142 1089 domum
1172 1044 1453 1102 probationis
1490 1045 1548 1088 ad
1578 1051 1774 1100 tempus,
1806 1052 1851 1088 et

219 1124 492 1168 suauissime
513 1137 780 1179 summaque
801 1137 906 1167 cum
928 1123 1150 1166 charitate
1173 1123 1454 1175 tractandus;
1474 1121 1512 1164 si
1530 1123 1618 1165 hoc
1639 1136 1730 1164 non
1754 1121 1856 1173 fiat,

218 1201 388 1258 poterit
415 1201 541 1244 illum
570 1201 629 1244 ad
656 1187 844 1244 Patrem
869 1200 1128 1256 generalem
1163 1199 1360 1251 mittere,
1391 1206 1436 1243 et
1473 1197 1768 1242 conformiter
1796 1198 1857 1240 ad

220 1279 310 1322 hoc
330 1277 595 1334 responderi
617 1276 783 1334 poterit
799 1276 870 1329 iis,
896 1276 974 1332 qui
994 1291 1078 1333 pro
1099 1275 1199 1333 ipso
1215 1276 1522 1320 intercedent.

307 1356 379 1400 De
400 1362 582 1399 caetero
605 1369 698 1397 non
720 1355 855 1397 detur
876 1354 1086 1406 facultas,
1111 1361 1164 1396 ut
1192 1347 1335 1397 nostri
1367 1354 1424 1397 ab
1446 1355 1540 1415 v'no
1570 1352 1767 1409 collegio
1797 1353 1856 1395 ad

218 1431 342 1475 aliud
367 1431 570 1485 veniant,
594 1431 886 1475 recreationis
913 1445 1067 1484 causa,
1091 1431 1214 1486 quod
1241 1430 1402 1473 nullibi
1424 1431 1476 1472 fit
1497 1430 1544 1472 in
1573 1436 1667 1472 tota
1695 1429 1855 1474 Socie-

221 1515 332 1563 tate,
351 1522 502 1564 neque
522 1508 745 1561 successit
772 1508 820 1551 in
847 1510 933 1552 hac
961 1508 1210 1564 prouincia.
1242 1509 1469 1552 Poterant
1500 1507 1681 1553 interim
1721 1521 1859 1550 usur-

217 1585 315 1642 pari
336 1585 450 1629 aliae
471 1585 671 1630 rationes
693 1585 1004 1630 recreationis.
1030 1587 1102 1630 De
1122 1585 1466 1628 valetudinariis
1482 1592 1726 1628 seruentur
1745 1598 1860 1627 con-

219 1662 495 1716 stitutiones,
506 1663 555 1705 hi
570 1662 690 1707 enim
705 1678 762 1707 ex
778 1662 971 1706 consilio
988 1662 1151 1706 medici
1165 1662 1409 1718 aliquando
1424 1661 1591 1706 mutari
1605 1669 1797 1718 possunt
1815 1661 1852 1704 a.

307 1741 379 1784 De
402 1754 593 1784 numero
614 1742 823 1793 fratrum,
850 1740 929 1796 qui
952 1740 1010 1783 ali
1039 1747 1235 1796 possunt
1262 1739 1309 1782 in
1337 1739 1560 1796 collegiis,
1586 1739 1759 1783 dictum
1788 1747 1860 1782 est

217 1815 265 1860 in
280 1816 379 1860 aliis
395 1816 791 1871 instructionibus;
811 1817 931 1873 quod
952 1825 1105 1860 tamen
1121 1817 1184 1860 ita
1200 1824 1271 1861 est
1293 1816 1662 1873 intelligendum,
1681 1824 1732 1859 ut
1747 1830 1855 1873 pro-

217 1893 424 1938 uincialis
459 1895 686 1947 aduertat,
711 1910 769 1937 an
798 1895 952 1952 plures
980 1894 1038 1937 ali
1077 1894 1269 1950 possint,
1293 1902 1340 1938 et
1370 1894 1416 1937 id
1443 1893 1694 1937 constituat
1716 1893 1852 1938 etiam

218 1984 323 2015 meo
345 1970 544 2015 nomine.

307 2048 410 2091 Non
432 2047 613 2091 videtur
634 2048 959 2103 necessarium,
984 2056 1036 2091 ut
1068 2048 1226 2092 literae
1253 2062 1434 2092 annuae
1461 2048 1720 2092 scribantur
1747 2062 1856 2105 ger-

218 2123 411 2177 manice‚
436 2124 524 2168 nisi
546 2126 683 2168 Pater
704 2125 933 2182 generalis
954 2126 1011 2169 de
1034 2126 1123 2168 hoc
1155 2135 1337 2170 moneat
1363 2125 1409 2167 in
1439 2140 1522 2169 sua
1552 2125 1854 2169 instructione

218 2200 341 2246 circa
356 2202 540 2245 modum
561 2202 806 2256 scribendi;
831 2210 877 2246 et
899 2210 1052 2247 tamen
1070 2202 1256 2246 omnino
1273 2210 1476 2255 curetur,
1505 2210 1552 2245 ut
1574 2202 1646 2256 iis,
1671 2202 1749 2258 qui
1772 2217 1856 2246 ne-

217 2276 368 2321 sciunt
395 2278 551 2331 latine,
584 2287 873 2336 exponantur
899 2279 1058 2323 literae
1095 2294 1292 2332 annuae,
1318 2280 1393 2324 uel
1421 2279 1552 2331 aliae,
1585 2278 1621 2322 si
1651 2293 1768 2335 quae
1798 2281 1854 2322 ad

219 2353 579 2399 aedificationem
601 2357 875 2413 spectabunt
895 2356 930 2399 b.
1209 2353 1214 2362 “

287 2459 307 2477 a
354 2449 397 2500 ln
415 2450 591 2496 margine
608 2451 769 2487 Polanci
786 2462 923 2488 manu:
942 2452 1200 2488 Aduertatur
1212 2451 1442 2499 plurimum
1460 2452 1526 2487 cui
1542 2452 1661 2486 detur
1671 2451 1857 2498 facultas

216 2509 343 2544 eundi
358 2509 414 2544 ad
431 2508 520 2545 alia
536 2510 708 2558 collegia
731 2511 996 2547 recreationis
1014 2512 1176 2559 gratia:
1199 2523 1282 2547 non
1303 2510 1412 2547 enim
1432 2508 1588 2557 pa'ssim
1612 2509 1708 2545 dari
1730 2510 1857 2556 debet,

210 2568 401 2613 quamvis
417 2568 462 2604 in
479 2568 619 2615 aliquo
630 2570 885 2615 particulari
897 2572 934 2606 et
951 2582 1042 2606 cum
1056 2570 1210 2606 delectu
1222 2573 1353 2617 potest
1365 2569 1640 2617 prouincialis
1659 2570 1713 2604 ad
1731 2570 1774 2603 id
1783 2569 1854 2615 fa-

216 2625 405 2662 cultatem
422 2627 536 2663 dare.
588 2629 655 2656 —b
680 2630 790 2665 Haec
813 2628 854 2666 in
878 2629 1055 2676 margine
1078 2629 1230 2666 notavit
1247 2629 1454 2666 Polancus:
1475 2629 1645 2663 Romam
1667 2639 1744 2662 non
1763 2628 1854 2662 mit-

216 2687 373 2730 tentium·
387 2686 456 2722 sed
474 2687 645 2732 quoduis
661 2689 875 2736 collegium
892 2700 986 2724 suas
995 2688 1132 2736 faciat
1145 2689 1409 2736 germanicas
1422 2690 1498 2734 pro
1521 2700 1594 2722 sua
1618 2689 1655 2723 et
1677 2687 1854 2722 eiusdem

218 2742 388 2792 linguae
400 2746 644 2792 prouinciis.

289 2827 299 2848 ¹
350 2828 409 2864 En
430 2829 549 2865 verba
560 2830 885 2866 constitutionum
905 2831 945 2867 in
958 2832 1043 2867 loco
1059 2831 1195 2867 citato:
1216 2832 1284 2869 «L,
1303 2837 1316 2871 ,¹
1337 2829 1667 2875 Constitutiones,
1686 2840 1786 2876 quae
1806 2828 1854 2863 ad

217 2884 396 2932 Collegia
412 2886 627 2934 pertinent,
646 2900 822 2924 seorsum
841 2889 983 2934 teneri,
1002 2895 1042 2926 et
1059 2889 1219 2936 publice
1230 2889 1292 2925 bis
1306 2895 1373 2925 aut
1388 2894 1448 2924 ter
1463 2887 1629 2933 singulis
1643 2886 1756 2922 annis
1774 2887 1854 2932 legi

217 2951 426 2991 possent.»
448 2944 762 2984 constitutiones
779 2948 852 2985 lat.
873 2951 910 2983 et
922 2947 1046 2996 hisp„
1065 2959 1154 2996 pag.
1179 2952 1259 2993 140.

288 3006 304 3025 ¹
353 3003 415 3039 De
433 3003 614 3040 Conrado
631 3005 848 3052 Swagerio,
866 3006 918 3043 cf.
942 3007 1070 3054 Epist.
1095 3007 1146 3042 P.
1174 3007 1324 3048 Nadal‚
1348 3006 1418 3051 111,
1445 3014 1526 3051 299,
1551 3004 1635 3050 320,
1664 3013 1749 3049 774,
1776 3011 1860 3042 ete..

217 3061 324 3101 Vide
336 3061 431 3098 item
452 3062 611 3099 Canisa’i
627 3065 833 3110 epistulas,
855 3066 968 3102 annis
986 3066 1077 3111 1566
1095 3071 1136 3102 et
1157 3066 1246 3110 1567
1260 3065 1385 3111 datas,
1407 3064 1566 3111 passim.

397 3119 514 3151 Emsr.
533 3121 571 3151 P.
593 3122 730 3159 Numi..
746 3131 823 3153 ron.
843 3123 908 3154 1v.
1635 3123 1670 3150 2²
