<?xml version="1.0" encoding="UTF-8"?>
<!DOCTYPE html PUBLIC "-//W3C//DTD XHTML 1.0 Transitional//EN"
    "http://www.w3.org/TR/xhtml1/DTD/xhtml1-transitional.dtd">
<html xmlns="http://www.w3.org/1999/xhtml" xml:lang="en" lang="en">
 <head>
  <title>
</title>
<meta http-equiv="Content-Type" content="text/html;charset=utf-8" />
  <meta name='ocr-system' content='tesseract 3.04.00' />
  <meta name='ocr-capabilities' content='ocr_page ocr_carea ocr_par ocr_line ocrx_word'/>
</head>
<body>
  <div class='ocr_page' id='page_1' title='image "./epistolaephieron04nadauoft_0900.png"; bbox 0 0 2098 3470; ppageno 0'>
   <div class='ocr_carea' id='block_1_1' title="bbox 325 239 1291 285">
    <p class='ocr_par' dir='ltr' id='par_1_1' title="bbox 325 239 1291 285">
     <span class='ocr_line' id='line_1_1' title="bbox 325 239 1291 285; baseline 0.008 -11"><span class='ocrx_word' id='word_1_1' title='bbox 325 239 396 285; x_wconf 86' lang='lat'><strong>874</strong></span> <span class='ocrx_word' id='word_1_2' title='bbox 902 244 1038 281; x_wconf 67' lang='lat' dir='ltr'><strong>prsrr.</strong></span> <span class='ocrx_word' id='word_1_3' title='bbox 1068 245 1111 282; x_wconf 92' lang='lat' dir='ltr'><strong>P.</strong></span> <span class='ocrx_word' id='word_1_4' title='bbox 1141 245 1291 282; x_wconf 74' lang='lat' dir='ltr'>NADAL</span> 
     </span>
    </p>
   </div>
   <div class='ocr_carea' id='block_1_2' title="bbox 1063 346 1144 389">
    <p class='ocr_par' dir='ltr' id='par_1_2' title="bbox 1063 346 1144 389">
     <span class='ocr_line' id='line_1_2' title="bbox 1063 346 1144 389; baseline -0.012 0"><span class='ocrx_word' id='word_1_5' title='bbox 1063 346 1144 389; x_wconf 71' lang='lat' dir='ltr'><strong>2ss</strong></span> 
     </span>
    </p>
   </div>
   <div class='ocr_carea' id='block_1_3' title="bbox 771 422 1413 542">
    <p class='ocr_par' dir='ltr' id='par_1_3' title="bbox 771 422 1413 542">
     <span class='ocr_line' id='line_1_3' title="bbox 830 422 1353 478; baseline 0.004 -13"><span class='ocrx_word' id='word_1_6' title='bbox 830 422 1002 466; x_wconf 83' lang='lat' dir='ltr'><strong>ACTA</strong></span> <span class='ocrx_word' id='word_1_7' title='bbox 1035 424 1353 478; x_wconf 76' lang='lat' dir='ltr'><strong>QUAEDAM</strong></span> 
     </span>
     <span class='ocr_line' id='line_1_4' title="bbox 771 501 1413 542; baseline 0.008 -5"><span class='ocrx_word' id='word_1_8' title='bbox 771 501 818 538; x_wconf 78' lang='lat' dir='ltr'><strong>P.</strong></span> <span class='ocrx_word' id='word_1_9' title='bbox 852 503 1154 542; x_wconf 87' lang='lat' dir='ltr'><strong>HIERONYMI</strong></span> <span class='ocrx_word' id='word_1_10' title='bbox 1182 505 1413 542; x_wconf 87' lang='lat' dir='ltr'>NATALIS</span> 
     </span>
    </p>
   </div>
   <div class='ocr_carea' id='block_1_4' title="bbox 669 574 1518 703">
    <p class='ocr_par' dir='ltr' id='par_1_4' title="bbox 669 574 1518 703">
     <span class='ocr_line' id='line_1_5' title="bbox 669 574 1518 641; baseline 0.006 -18"><span class='ocrx_word' id='word_1_11' title='bbox 669 594 729 641; x_wconf 79' lang='lat' dir='ltr'><strong>Ex</strong></span> <span class='ocrx_word' id='word_1_12' title='bbox 764 574 876 625; x_wconf 73' lang='lat' dir='ltr'><strong>viTA</strong></span> <span class='ocrx_word' id='word_1_13' title='bbox 911 597 957 625; x_wconf 87' lang='lat' dir='ltr'><strong>P.</strong></span> <span class='ocrx_word' id='word_1_14' title='bbox 995 597 1223 626; x_wconf 80' lang='lat' dir='ltr'>CORNELII</span> <span class='ocrx_word' id='word_1_15' title='bbox 1261 597 1518 628; x_wconf 84' lang='lat' dir='ltr'>VISHAVAEI</span> 
     </span>
     <span class='ocr_line' id='line_1_6' title="bbox 928 662 1251 703; baseline 0.003 -1"><span class='ocrx_word' id='word_1_16' title='bbox 928 662 1251 703; x_wconf 81' lang='lat' dir='ltr'><strong>DEPROMPTA¹</strong></span> 
     </span>
    </p>
   </div>
   <div class='ocr_carea' id='block_1_5' title="bbox 268 742 1908 850">
    <p class='ocr_par' dir='ltr' id='par_1_5' title="bbox 268 742 1908 850">
     <span class='ocr_line' id='line_1_7' title="bbox 268 742 1908 798; baseline 0.007 -21"><span class='ocrx_word' id='word_1_17' title='bbox 268 742 432 779; x_wconf 76' lang='lat' dir='ltr'><strong>Natalis</strong></span> <span class='ocrx_word' id='word_1_18' title='bbox 449 743 492 779; x_wconf 86' lang='lat' dir='ltr'><strong>in</strong></span> <span class='ocrx_word' id='word_1_19' title='bbox 514 744 700 780; x_wconf 76' lang='lat' dir='ltr'><strong>Siciliam</strong></span> <span class='ocrx_word' id='word_1_20' title='bbox 721 746 912 783; x_wconf 79' lang='lat' dir='ltr'><strong><em>mittitur.</em></strong></span> <span class='ocrx_word' id='word_1_21' title='bbox 935 748 1099 783; x_wconf 78' lang='lat' dir='ltr'><strong>Itineris·</strong></span> <span class='ocrx_word' id='word_1_22' title='bbox 1118 748 1273 784; x_wconf 80' lang='lat' dir='ltr'><strong>labores</strong></span> <span class='ocrx_word' id='word_1_23' title='bbox 1291 752 1329 784; x_wconf 85' lang='lat' dir='ltr'><strong>et</strong></span> <span class='ocrx_word' id='word_1_24' title='bbox 1343 750 1542 796; x_wconf 75' lang='lat' dir='ltr'><strong>pericula.</strong></span> <span class='ocrx_word' id='word_1_25' title='bbox 1563 752 1849 798; x_wconf 83' lang='lat' dir='ltr'><strong><em>Aphrodisium</em></strong></span> <span class='ocrx_word' id='word_1_26' title='bbox 1869 764 1908 788; x_wconf 83' lang='lat' dir='ltr'><strong>se</strong></span> 
     </span>
     <span class='ocr_line' id='line_1_8' title="bbox 294 802 1885 850; baseline 0.006 -12"><span class='ocrx_word' id='word_1_27' title='bbox 294 803 464 849; x_wconf 81' lang='lat' dir='ltr'><strong>confert.</strong></span> <span class='ocrx_word' id='word_1_28' title='bbox 487 802 627 839; x_wconf 84' lang='lat' dir='ltr'><strong><em>Obitus</em></strong></span> <span class='ocrx_word' id='word_1_29' title='bbox 640 805 792 840; x_wconf 85' lang='lat' dir='ltr'><em>Isidori</em></span> <span class='ocrx_word' id='word_1_30' title='bbox 806 806 973 842; x_wconf 86' lang='lat' dir='ltr'><strong>Bellini.</strong></span> <span class='ocrx_word' id='word_1_31' title='bbox 994 807 1138 843; x_wconf 82' lang='lat' dir='ltr'><strong>Caroli</strong></span> <span class='ocrx_word' id='word_1_32' title='bbox 1153 808 1383 844; x_wconf 80' lang='lat' dir='ltr'><strong>Pharaonii</strong></span> <span class='ocrx_word' id='word_1_33' title='bbox 1400 810 1443 844; x_wconf 85' lang='lat' dir='ltr'><strong>in</strong></span> <span class='ocrx_word' id='word_1_34' title='bbox 1463 809 1698 846; x_wconf 70' lang='lat' dir='ltr'><strong><em>Societatem</em></strong></span> <span class='ocrx_word' id='word_1_35' title='bbox 1718 811 1885 850; x_wconf 82' lang='lat' dir='ltr'><strong>vocatio.</strong></span> 
     </span>
    </p>
   </div>
   <div class='ocr_carea' id='block_1_6' title="bbox 248 883 1905 2406">
    <p class='ocr_par' dir='ltr' id='par_1_6' title="bbox 261 883 1905 1557">
     <span class='ocr_line' id='line_1_9' title="bbox 364 883 1904 946; baseline 0.006 -22"><span class='ocrx_word' id='word_1_36' title='bbox 364 883 529 926; x_wconf 80' lang='lat' dir='ltr'>Postea</span> <span class='ocrx_word' id='word_1_37' title='bbox 546 892 774 926; x_wconf 90' lang='lat' dir='ltr'><strong>venerunt</strong></span> <span class='ocrx_word' id='word_1_38' title='bbox 794 883 972 929; x_wconf 81' lang='lat' dir='ltr'><strong>litterae</strong></span> <span class='ocrx_word' id='word_1_39' title='bbox 994 900 1049 929; x_wconf 88' lang='lat' dir='ltr'><strong>ex</strong></span> <span class='ocrx_word' id='word_1_40' title='bbox 1065 884 1234 938; x_wconf 83' lang='lat' dir='ltr'><strong>Sicilia,</strong></span> <span class='ocrx_word' id='word_1_41' title='bbox 1252 901 1277 928; x_wconf 85' lang='lat' dir='ltr'><strong>a</strong></span> <span class='ocrx_word' id='word_1_42' title='bbox 1291 886 1474 930; x_wconf 88' lang='lat' dir='ltr'><strong>domino</strong></span> <span class='ocrx_word' id='word_1_43' title='bbox 1491 889 1668 944; x_wconf 86' lang='lat' dir='ltr'><strong>Joanne</strong></span> <span class='ocrx_word' id='word_1_44' title='bbox 1684 889 1741 932; x_wconf 90' lang='lat' dir='ltr'><strong>de</strong></span> <span class='ocrx_word' id='word_1_45' title='bbox 1757 890 1904 946; x_wconf 81' lang='lat' dir='ltr'><strong>Vega,</strong></span> 
     </span>
     <span class='ocr_line' id='line_1_10' title="bbox 269 959 1905 1020; baseline 0.006 -19"><span class='ocrx_word' id='word_1_46' title='bbox 269 959 484 1016; x_wconf 79' lang='lat' dir='ltr'><strong>vicerege</strong></span> <span class='ocrx_word' id='word_1_47' title='bbox 505 959 710 1005; x_wconf 90' lang='lat' dir='ltr'><strong>eiusdem</strong></span> <span class='ocrx_word' id='word_1_48' title='bbox 734 961 882 1018; x_wconf 87' lang='lat' dir='ltr'><strong>regni,</strong></span> <span class='ocrx_word' id='word_1_49' title='bbox 910 977 1026 1017; x_wconf 91' lang='lat' dir='ltr'><strong>quae</strong></span> <span class='ocrx_word' id='word_1_50' title='bbox 1047 963 1364 1019; x_wconf 84' lang='lat' dir='ltr'><strong><em>dirigebantur</em></strong></span> <span class='ocrx_word' id='word_1_51' title='bbox 1392 965 1449 1007; x_wconf 89' lang='lat' dir='ltr'><strong>ad</strong></span> <span class='ocrx_word' id='word_1_52' title='bbox 1471 964 1732 1020; x_wconf 89' lang='lat' dir='ltr'><strong>pontificem</strong></span> <span class='ocrx_word' id='word_1_53' title='bbox 1763 966 1905 1010; x_wconf 88' lang='lat' dir='ltr'><strong>maxi-</strong></span> 
     </span>
     <span class='ocr_line' id='line_1_11' title="bbox 268 1037 1904 1095; baseline 0.006 -18"><span class='ocrx_word' id='word_1_54' title='bbox 268 1050 409 1089; x_wconf 85' lang='lat' dir='ltr'><strong>mum,</strong></span> <span class='ocrx_word' id='word_1_55' title='bbox 431 1037 624 1080; x_wconf 87' lang='lat' dir='ltr'><strong>Paulum</strong></span> <span class='ocrx_word' id='word_1_56' title='bbox 644 1037 845 1090; x_wconf 88' lang='lat' dir='ltr'><strong>tertium,</strong></span> <span class='ocrx_word' id='word_1_57' title='bbox 866 1038 911 1080; x_wconf 91' lang='lat' dir='ltr'><strong>in</strong></span> <span class='ocrx_word' id='word_1_58' title='bbox 930 1039 1098 1094; x_wconf 87' lang='lat' dir='ltr'><strong>quibus</strong></span> <span class='ocrx_word' id='word_1_59' title='bbox 1113 1041 1312 1095; x_wconf 87' lang='lat' dir='ltr'><strong>petebat,</strong></span> <span class='ocrx_word' id='word_1_60' title='bbox 1334 1047 1382 1083; x_wconf 92' lang='lat' dir='ltr'><strong>ut</strong></span> <span class='ocrx_word' id='word_1_61' title='bbox 1396 1042 1552 1084; x_wconf 85' lang='lat' dir='ltr'><strong>decem</strong></span> <span class='ocrx_word' id='word_1_62' title='bbox 1572 1042 1732 1086; x_wconf 83' lang='lat' dir='ltr'><strong>fratres</strong></span> <span class='ocrx_word' id='word_1_63' title='bbox 1748 1058 1805 1088; x_wconf 85' lang='lat' dir='ltr'><strong>ex</strong></span> <span class='ocrx_word' id='word_1_64' title='bbox 1821 1044 1904 1088; x_wconf 89' lang='lat' dir='ltr'><strong>So-</strong></span> 
     </span>
     <span class='ocr_line' id='line_1_12' title="bbox 267 1113 1904 1171; baseline 0.005 -16"><span class='ocrx_word' id='word_1_65' title='bbox 267 1113 432 1158; x_wconf 86' lang='lat' dir='ltr'><strong>cietate</strong></span> <span class='ocrx_word' id='word_1_66' title='bbox 455 1114 510 1156; x_wconf 89' lang='lat' dir='ltr'><strong>ad</strong></span> <span class='ocrx_word' id='word_1_67' title='bbox 529 1127 577 1156; x_wconf 89' lang='lat' dir='ltr'><strong>se</strong></span> <span class='ocrx_word' id='word_1_68' title='bbox 598 1128 653 1157; x_wconf 89' lang='lat' dir='ltr'><strong>eo</strong></span> <span class='ocrx_word' id='word_1_69' title='bbox 677 1115 1017 1160; x_wconf 79' lang='lat' dir='ltr'><strong>transmitteret.</strong></span> <span class='ocrx_word' id='word_1_70' title='bbox 1039 1117 1146 1171; x_wconf 79' lang='lat' dir='ltr'><strong>Quo</strong></span> <span class='ocrx_word' id='word_1_71' title='bbox 1168 1117 1323 1160; x_wconf 90' lang='lat' dir='ltr'><strong>audito</strong></span> <span class='ocrx_word' id='word_1_72' title='bbox 1342 1118 1478 1162; x_wconf 83' lang='lat' dir='ltr'><strong>Pater</strong></span> <span class='ocrx_word' id='word_1_73' title='bbox 1499 1126 1655 1164; x_wconf 89' lang='lat' dir='ltr'><strong>noster</strong></span> <span class='ocrx_word' id='word_1_74' title='bbox 1671 1120 1685 1140; x_wconf 78' lang='lat'><em>³</em></span> <span class='ocrx_word' id='word_1_75' title='bbox 1705 1119 1831 1164; x_wconf 89' lang='lat' dir='ltr'><strong>dedit</strong></span> <span class='ocrx_word' id='word_1_76' title='bbox 1853 1135 1904 1164; x_wconf 86' lang='lat' dir='ltr'><strong>se</strong></span> 
     </span>
     <span class='ocr_line' id='line_1_13' title="bbox 266 1189 1902 1248; baseline 0.005 -16"><span class='ocrx_word' id='word_1_77' title='bbox 266 1189 477 1242; x_wconf 89' lang='lat' dir='ltr'><strong>orationi,</strong></span> <span class='ocrx_word' id='word_1_78' title='bbox 504 1199 555 1233; x_wconf 91' lang='lat' dir='ltr'><strong>ut</strong></span> <span class='ocrx_word' id='word_1_79' title='bbox 578 1205 756 1248; x_wconf 86' lang='lat' dir='ltr'><strong>semper</strong></span> <span class='ocrx_word' id='word_1_80' title='bbox 777 1192 822 1235; x_wconf 93' lang='lat' dir='ltr'><strong>in</strong></span> <span class='ocrx_word' id='word_1_81' title='bbox 847 1192 924 1235; x_wconf 86' lang='lat' dir='ltr'><strong>tali</strong></span> <span class='ocrx_word' id='word_1_82' title='bbox 948 1200 1026 1236; x_wconf 90' lang='lat' dir='ltr'><strong>aut</strong></span> <span class='ocrx_word' id='word_1_83' title='bbox 1049 1193 1181 1236; x_wconf 88' lang='lat' dir='ltr'><strong>simili</strong></span> <span class='ocrx_word' id='word_1_84' title='bbox 1206 1209 1253 1238; x_wconf 88' lang='lat' dir='ltr'><strong>re</strong></span> <span class='ocrx_word' id='word_1_85' title='bbox 1281 1195 1441 1238; x_wconf 86' lang='lat' dir='ltr'><strong>solitus</strong></span> <span class='ocrx_word' id='word_1_86' title='bbox 1470 1203 1581 1248; x_wconf 87' lang='lat' dir='ltr'><strong>erat,</strong></span> <span class='ocrx_word' id='word_1_87' title='bbox 1606 1203 1652 1240; x_wconf 89' lang='lat' dir='ltr'><strong>et</strong></span> <span class='ocrx_word' id='word_1_88' title='bbox 1673 1197 1780 1239; x_wconf 90' lang='lat' dir='ltr'><strong>dum</strong></span> <span class='ocrx_word' id='word_1_89' title='bbox 1804 1211 1902 1241; x_wconf 89' lang='lat' dir='ltr'><strong>ora-</strong></span> 
     </span>
     <span class='ocr_line' id='line_1_14' title="bbox 266 1267 1901 1327; baseline 0.006 -18"><span class='ocrx_word' id='word_1_90' title='bbox 266 1274 350 1320; x_wconf 86' lang='lat' dir='ltr'><strong>ret,</strong></span> <span class='ocrx_word' id='word_1_91' title='bbox 377 1267 535 1310; x_wconf 88' lang='lat' dir='ltr'><strong><em>incidit</em></strong></span> <span class='ocrx_word' id='word_1_92' title='bbox 558 1268 620 1311; x_wconf 88' lang='lat' dir='ltr'><strong>illi</strong></span> <span class='ocrx_word' id='word_1_93' title='bbox 649 1284 698 1314; x_wconf 90' lang='lat' dir='ltr'><strong>se</strong></span> <span class='ocrx_word' id='word_1_94' title='bbox 727 1276 773 1313; x_wconf 89' lang='lat' dir='ltr'><strong>et</strong></span> <span class='ocrx_word' id='word_1_95' title='bbox 801 1270 1034 1313; x_wconf 87' lang='lat' dir='ltr'><strong>Canisium</strong></span> <span class='ocrx_word' id='word_1_96' title='bbox 1065 1271 1110 1313; x_wconf 89' lang='lat' dir='ltr'><strong>in</strong></span> <span class='ocrx_word' id='word_1_97' title='bbox 1139 1271 1338 1316; x_wconf 84' lang='lat' dir='ltr'><strong>Siciliam</strong></span> <span class='ocrx_word' id='word_1_98' title='bbox 1368 1286 1468 1317; x_wconf 87' lang='lat' dir='ltr'><strong>esse</strong></span> <span class='ocrx_word' id='word_1_99' title='bbox 1491 1273 1777 1327; x_wconf 84' lang='lat' dir='ltr'><strong>mittendum3</strong></span> <span class='ocrx_word' id='word_1_100' title='bbox 1813 1276 1901 1318; x_wconf 85' lang='lat' dir='ltr'><strong>Pa-</strong></span> 
     </span>
     <span class='ocr_line' id='line_1_15' title="bbox 264 1345 1905 1406; baseline 0.005 -20"><span class='ocrx_word' id='word_1_101' title='bbox 264 1351 378 1387; x_wconf 89' lang='lat' dir='ltr'><strong>trem</strong></span> <span class='ocrx_word' id='word_1_102' title='bbox 402 1359 511 1390; x_wconf 89' lang='lat' dir='ltr'><strong>vero</strong></span> <span class='ocrx_word' id='word_1_103' title='bbox 536 1345 788 1389; x_wconf 87' lang='lat' dir='ltr'><strong>Antonium</strong></span> <span class='ocrx_word' id='word_1_104' title='bbox 813 1346 965 1390; x_wconf 86' lang='lat' dir='ltr'><strong>Vinck</strong></span> <span class='ocrx_word' id='word_1_105' title='bbox 994 1348 1144 1390; x_wconf 84' lang='lat' dir='ltr'><strong>adhuc</strong></span> <span class='ocrx_word' id='word_1_106' title='bbox 1170 1349 1339 1391; x_wconf 88' lang='lat' dir='ltr'><strong>Romae</strong></span> <span class='ocrx_word' id='word_1_107' title='bbox 1366 1349 1411 1391; x_wconf 91' lang='lat' dir='ltr'><strong>in</strong></span> <span class='ocrx_word' id='word_1_108' title='bbox 1434 1349 1608 1406; x_wconf 88' lang='lat' dir='ltr'><strong>gremio</strong></span> <span class='ocrx_word' id='word_1_109' title='bbox 1632 1350 1778 1394; x_wconf 87' lang='lat' dir='ltr'><strong>Patris</strong></span> <span class='ocrx_word' id='word_1_110' title='bbox 1803 1365 1905 1394; x_wconf 85' lang='lat' dir='ltr'><strong>esse-</strong></span> 
     </span>
     <span class='ocr_line' id='line_1_16' title="bbox 264 1423 1901 1482; baseline 0.004 -19"><span class='ocrx_word' id='word_1_111' title='bbox 264 1423 524 1475; x_wconf 82' lang='lat' dir='ltr'><strong>truendum;</strong></span> <span class='ocrx_word' id='word_1_112' title='bbox 551 1437 668 1478; x_wconf 87' lang='lat' dir='ltr'><strong>quae</strong></span> <span class='ocrx_word' id='word_1_113' title='bbox 697 1424 872 1476; x_wconf 86' lang='lat' dir='ltr'><strong>eadem,</strong></span> <span class='ocrx_word' id='word_1_114' title='bbox 900 1432 1144 1479; x_wconf 83' lang='lat' dir='ltr'><strong>antequam</strong></span> <span class='ocrx_word' id='word_1_115' title='bbox 1166 1425 1342 1477; x_wconf 89' lang='lat' dir='ltr'><strong>fierent,</strong></span> <span class='ocrx_word' id='word_1_116' title='bbox 1368 1425 1414 1468; x_wconf 93' lang='lat' dir='ltr'><strong>in</strong></span> <span class='ocrx_word' id='word_1_117' title='bbox 1437 1427 1686 1482; x_wconf 83' lang='lat' dir='ltr'><strong>praesentia</strong></span> <span class='ocrx_word' id='word_1_118' title='bbox 1711 1427 1901 1470; x_wconf 84' lang='lat' dir='ltr'><strong><em>Antonii</em></strong></span> 
     </span>
     <span class='ocr_line' id='line_1_17' title="bbox 261 1498 1717 1557; baseline 0.002 -15"><span class='ocrx_word' id='word_1_119' title='bbox 261 1505 308 1542; x_wconf 91' lang='lat' dir='ltr'><strong>et</strong></span> <span class='ocrx_word' id='word_1_120' title='bbox 332 1498 521 1551; x_wconf 88' lang='lat' dir='ltr'><strong>Canisii,</strong></span> <span class='ocrx_word' id='word_1_121' title='bbox 543 1507 699 1556; x_wconf 89' lang='lat' dir='ltr'><strong>aperte</strong></span> <span class='ocrx_word' id='word_1_122' title='bbox 721 1500 916 1552; x_wconf 85' lang='lat' dir='ltr'><strong>dicebat,</strong></span> <span class='ocrx_word' id='word_1_123' title='bbox 942 1507 986 1544; x_wconf 89' lang='lat' dir='ltr'><strong>et</strong></span> <span class='ocrx_word' id='word_1_124' title='bbox 1009 1500 1143 1543; x_wconf 85' lang='lat' dir='ltr'><strong>etiam</strong></span> <span class='ocrx_word' id='word_1_125' title='bbox 1167 1501 1213 1544; x_wconf 92' lang='lat' dir='ltr'><strong>in</strong></span> <span class='ocrx_word' id='word_1_126' title='bbox 1235 1502 1491 1557; x_wconf 85' lang='lat' dir='ltr'><strong>praesentia</strong></span> <span class='ocrx_word' id='word_1_127' title='bbox 1513 1502 1717 1546; x_wconf 87' lang='lat' dir='ltr'><strong>aliorum.</strong></span> 
     </span>
    </p>

    <p class='ocr_par' dir='ltr' id='par_1_7' title="bbox 248 1575 1899 2406">
     <span class='ocr_line' id='line_1_18' title="bbox 349 1575 1898 1633; baseline 0.002 -14"><span class='ocrx_word' id='word_1_128' title='bbox 349 1575 425 1619; x_wconf 88' lang='lat' dir='ltr'><strong>Ab</strong></span> <span class='ocrx_word' id='word_1_129' title='bbox 448 1591 503 1619; x_wconf 89' lang='lat' dir='ltr'><strong>eo</strong></span> <span class='ocrx_word' id='word_1_130' title='bbox 526 1583 732 1633; x_wconf 88' lang='lat' dir='ltr'><strong>tempore</strong></span> <span class='ocrx_word' id='word_1_131' title='bbox 754 1592 932 1633; x_wconf 85' lang='lat' dir='ltr'><strong>semper</strong></span> <span class='ocrx_word' id='word_1_132' title='bbox 953 1577 1138 1633; x_wconf 88' lang='lat' dir='ltr'><strong>spiritus</strong></span> <span class='ocrx_word' id='word_1_133' title='bbox 1161 1578 1308 1621; x_wconf 88' lang='lat' dir='ltr'><strong>Patris</strong></span> <span class='ocrx_word' id='word_1_134' title='bbox 1330 1580 1475 1622; x_wconf 91' lang='lat' dir='ltr'><strong>nostri</strong></span> <span class='ocrx_word' id='word_1_135' title='bbox 1496 1580 1726 1623; x_wconf 87' lang='lat' dir='ltr'><strong>ferebatur</strong></span> <span class='ocrx_word' id='word_1_136' title='bbox 1756 1580 1802 1622; x_wconf 93' lang='lat' dir='ltr'><strong>in</strong></span> <span class='ocrx_word' id='word_1_137' title='bbox 1824 1580 1872 1625; x_wconf 91' lang='lat' dir='ltr'><strong>Si</strong></span> <span class='ocrx_word' id='word_1_138' title='bbox 1887 1606 1898 1612; x_wconf 86' lang='lat'>-</span> 
     </span>
     <span class='ocr_line' id='line_1_19' title="bbox 258 1652 1899 1713; baseline 0.003 -19"><span class='ocrx_word' id='word_1_139' title='bbox 258 1652 424 1696; x_wconf 87' lang='lat' dir='ltr'><strong>eiliam.</strong></span> <span class='ocrx_word' id='word_1_140' title='bbox 447 1653 615 1698; x_wconf 87' lang='lat' dir='ltr'><strong>Omnia</strong></span> <span class='ocrx_word' id='word_1_141' title='bbox 637 1662 788 1698; x_wconf 89' lang='lat' dir='ltr'><strong>autem</strong></span> <span class='ocrx_word' id='word_1_142' title='bbox 813 1655 875 1697; x_wconf 89' lang='lat' dir='ltr'><strong>ita</strong></span> <span class='ocrx_word' id='word_1_143' title='bbox 897 1654 1208 1711; x_wconf 84' lang='lat' dir='ltr'><strong>contigerunt,</strong></span> <span class='ocrx_word' id='word_1_144' title='bbox 1229 1656 1292 1698; x_wconf 90' lang='lat' dir='ltr'><strong>uti</strong></span> <span class='ocrx_word' id='word_1_145' title='bbox 1318 1658 1450 1700; x_wconf 86' lang='lat' dir='ltr'><strong>Pater</strong></span> <span class='ocrx_word' id='word_1_146' title='bbox 1474 1657 1774 1713; x_wconf 83' lang='lat' dir='ltr'><strong>praedixerat3</strong></span> <span class='ocrx_word' id='word_1_147' title='bbox 1791 1671 1899 1700; x_wconf 85' lang='lat' dir='ltr'><strong>nam</strong></span> 
     </span>
     <span class='ocr_line' id='line_1_20' title="bbox 256 1731 1896 1790; baseline 0.003 -17"><span class='ocrx_word' id='word_1_148' title='bbox 256 1743 312 1773; x_wconf 84' lang='lat' dir='ltr'><strong>ex</strong></span> <span class='ocrx_word' id='word_1_149' title='bbox 335 1743 394 1785; x_wconf 88' lang='lat'><strong>40</strong></span> <span class='ocrx_word' id='word_1_150' title='bbox 416 1731 636 1787; x_wconf 89' lang='lat' dir='ltr'><strong>personis,</strong></span> <span class='ocrx_word' id='word_1_151' title='bbox 663 1746 780 1787; x_wconf 87' lang='lat' dir='ltr'><strong>quae</strong></span> <span class='ocrx_word' id='word_1_152' title='bbox 803 1737 911 1776; x_wconf 81' lang='lat' dir='ltr'><strong>tuno</strong></span> <span class='ocrx_word' id='word_1_153' title='bbox 942 1734 1111 1776; x_wconf 87' lang='lat' dir='ltr'><strong>Rornae</strong></span> <span class='ocrx_word' id='word_1_154' title='bbox 1139 1741 1283 1786; x_wconf 90' lang='lat' dir='ltr'><strong>erant,</strong></span> <span class='ocrx_word' id='word_1_155' title='bbox 1317 1733 1456 1790; x_wconf 78' lang='lat' dir='ltr'><strong>elegit</strong></span> <span class='ocrx_word' id='word_1_156' title='bbox 1485 1735 1537 1776; x_wconf 87' lang='lat' dir='ltr'><strong>P.</strong></span> <span class='ocrx_word' id='word_1_157' title='bbox 1573 1734 1778 1790; x_wconf 83' lang='lat' dir='ltr'><strong>Ignatius</strong></span> <span class='ocrx_word' id='word_1_158' title='bbox 1814 1734 1896 1778; x_wconf 89' lang='lat' dir='ltr'><strong>de-</strong></span> 
     </span>
     <span class='ocr_line' id='line_1_21' title="bbox 256 1808 1898 1864; baseline 0.002 -14"><span class='ocrx_word' id='word_1_159' title='bbox 256 1821 371 1861; x_wconf 89' lang='lat' dir='ltr'><strong>cem,</strong></span> <span class='ocrx_word' id='word_1_160' title='bbox 397 1808 516 1852; x_wconf 90' lang='lat' dir='ltr'><strong>inter</strong></span> <span class='ocrx_word' id='word_1_161' title='bbox 539 1823 656 1864; x_wconf 89' lang='lat' dir='ltr'><strong>quos</strong></span> <span class='ocrx_word' id='word_1_162' title='bbox 678 1817 808 1852; x_wconf 89' lang='lat' dir='ltr'><strong>erant</strong></span> <span class='ocrx_word' id='word_1_163' title='bbox 830 1823 858 1863; x_wconf 82' lang='lat'>4</span> <span class='ocrx_word' id='word_1_164' title='bbox 880 1812 1160 1864; x_wconf 85' lang='lat' dir='ltr'><strong>sacerdotes,</strong></span> <span class='ocrx_word' id='word_1_165' title='bbox 1186 1810 1373 1854; x_wconf 86' lang='lat' dir='ltr'><strong>scilicet:</strong></span> <span class='ocrx_word' id='word_1_166' title='bbox 1401 1812 1454 1853; x_wconf 90' lang='grc' dir='ltr'><strong>Ρ.</strong></span> <span class='ocrx_word' id='word_1_167' title='bbox 1487 1810 1678 1863; x_wconf 84' lang='lat' dir='ltr'><strong>Natalis,</strong></span> <span class='ocrx_word' id='word_1_168' title='bbox 1712 1812 1762 1854; x_wconf 88' lang='lat' dir='ltr'><strong>P.</strong></span> <span class='ocrx_word' id='word_1_169' title='bbox 1796 1811 1898 1854; x_wconf 70' lang='lat' dir='ltr'><strong>An-</strong></span> 
     </span>
     <span class='ocr_line' id='line_1_22' title="bbox 255 1885 1892 1939; baseline 0.002 -12"><span class='ocrx_word' id='word_1_170' title='bbox 255 1885 386 1928; x_wconf 85' lang='lat' dir='ltr'><strong>dreas</strong></span> <span class='ocrx_word' id='word_1_171' title='bbox 409 1886 614 1938; x_wconf 88' lang='lat' dir='ltr'><strong>Frusius,</strong></span> <span class='ocrx_word' id='word_1_172' title='bbox 643 1889 697 1931; x_wconf 90' lang='lat' dir='ltr'><strong>P.</strong></span> <span class='ocrx_word' id='word_1_173' title='bbox 731 1888 895 1930; x_wconf 87' lang='lat' dir='ltr'><strong>Petrus</strong></span> <span class='ocrx_word' id='word_1_174' title='bbox 923 1887 1151 1939; x_wconf 88' lang='lat' dir='ltr'><strong>Canisius,</strong></span> <span class='ocrx_word' id='word_1_175' title='bbox 1184 1894 1230 1929; x_wconf 89' lang='lat' dir='ltr'><strong>et</strong></span> <span class='ocrx_word' id='word_1_176' title='bbox 1258 1894 1412 1930; x_wconf 90' lang='lat' dir='ltr'><strong>noster</strong></span> <span class='ocrx_word' id='word_1_177' title='bbox 1452 1890 1600 1930; x_wconf 88' lang='lat' dir='ltr'><strong>Pater.</strong></span> <span class='ocrx_word' id='word_1_178' title='bbox 1636 1886 1729 1930; x_wconf 89' lang='lat' dir='ltr'><strong>Alii</strong></span> <span class='ocrx_word' id='word_1_179' title='bbox 1765 1894 1892 1931; x_wconf 90' lang='lat' dir='ltr'><strong>erant</strong></span> 
     </span>
     <span class='ocr_line' id='line_1_23' title="bbox 253 1961 1893 2020; baseline 0.002 -16"><span class='ocrx_word' id='word_1_180' title='bbox 253 1961 472 2019; x_wconf 86' lang='lat' dir='ltr'><strong>magister</strong></span> <span class='ocrx_word' id='word_1_181' title='bbox 495 1963 773 2006; x_wconf 87' lang='lat' dir='ltr'><strong>Benedictus</strong></span> <span class='ocrx_word' id='word_1_182' title='bbox 808 1963 1025 2016; x_wconf 82' lang='lat' dir='ltr'><strong>Palmius,</strong></span> <span class='ocrx_word' id='word_1_183' title='bbox 1061 1979 1180 2020; x_wconf 85' lang='lat' dir='ltr'><strong>mag.</strong></span> <span class='ocrx_word' id='word_1_184' title='bbox 1214 1963 1446 2007; x_wconf 89' lang='lat' dir='ltr'><strong>Hannibal</strong></span> <span class='ocrx_word' id='word_1_185' title='bbox 1483 1964 1730 2016; x_wconf 88' lang='lat' dir='ltr'><strong>Coudreto‚</strong></span> <span class='ocrx_word' id='word_1_186' title='bbox 1765 1978 1893 2020; x_wconf 73' lang='lat' dir='ltr'><strong>mag.⁷</strong></span> 
     </span>
     <span class='ocr_line' id='line_1_24' title="bbox 251 2039 1889 2098; baseline 0.001 -16"><span class='ocrx_word' id='word_1_187' title='bbox 251 2039 451 2083; x_wconf 86' lang='lat' dir='ltr'><strong>Isidorus</strong></span> <span class='ocrx_word' id='word_1_188' title='bbox 473 2055 688 2083; x_wconf 87' lang='lat' dir='ltr'><strong>romanus</strong></span> <span class='ocrx_word' id='word_1_189' title='bbox 706 2042 738 2092; x_wconf 76' lang='lat'><strong>³,</strong></span> <span class='ocrx_word' id='word_1_190' title='bbox 755 2043 956 2098; x_wconf 87' lang='lat' dir='ltr'><strong>Joannes</strong></span> <span class='ocrx_word' id='word_1_191' title='bbox 975 2043 1106 2098; x_wconf 89' lang='lat' dir='ltr'><strong>Bapt.</strong></span> <span class='ocrx_word' id='word_1_192' title='bbox 1129 2043 1373 2085; x_wconf 88' lang='lat' dir='ltr'><strong>bressanus</strong></span> <span class='ocrx_word' id='word_1_193' title='bbox 1395 2041 1429 2094; x_wconf 77' lang='lat'><strong>¹²,</strong></span> <span class='ocrx_word' id='word_1_194' title='bbox 1450 2040 1674 2086; x_wconf 85' lang='lat' dir='ltr'><strong>Martinus</strong></span> <span class='ocrx_word' id='word_1_195' title='bbox 1693 2042 1707 2063; x_wconf 76' lang='lat'><strong>³</strong></span> <span class='ocrx_word' id='word_1_196' title='bbox 1730 2048 1775 2084; x_wconf 88' lang='lat' dir='ltr'><strong>et</strong></span> <span class='ocrx_word' id='word_1_197' title='bbox 1797 2042 1889 2084; x_wconf 80' lang='lat' dir='ltr'><strong>Ra·</strong></span> 
     </span>
     <span class='ocr_line' id='line_1_25' title="bbox 250 2116 1883 2175; baseline 0.001 -17"><span class='ocrx_word' id='word_1_198' title='bbox 250 2117 385 2172; x_wconf 76' lang='lat' dir='ltr'><strong>phael</strong></span> <span class='ocrx_word' id='word_1_199' title='bbox 408 2116 558 2160; x_wconf 84' lang='lat' dir='ltr'><strong>Riera.</strong></span> <span class='ocrx_word' id='word_1_200' title='bbox 584 2117 651 2160; x_wconf 87' lang='lat' dir='ltr'><strong>Ex</strong></span> <span class='ocrx_word' id='word_1_201' title='bbox 680 2117 752 2161; x_wconf 89' lang='lat' dir='ltr'><strong>his</strong></span> <span class='ocrx_word' id='word_1_202' title='bbox 781 2118 1020 2162; x_wconf 85' lang='lat' dir='ltr'><strong>ordinabat</strong></span> <span class='ocrx_word' id='word_1_203' title='bbox 1052 2120 1103 2161; x_wconf 90' lang='grc' dir='ltr'><strong>Ρ.</strong></span> <span class='ocrx_word' id='word_1_204' title='bbox 1143 2118 1352 2174; x_wconf 84' lang='lat' dir='ltr'><strong>Ignatius</strong></span> <span class='ocrx_word' id='word_1_205' title='bbox 1388 2118 1589 2175; x_wconf 87' lang='lat' dir='ltr'><strong>quinque</strong></span> <span class='ocrx_word' id='word_1_206' title='bbox 1626 2118 1883 2174; x_wconf 86' lang='lat' dir='ltr'><strong>magistros.</strong></span> 
     </span>
     <span class='ocr_line' id='line_1_26' title="bbox 249 2189 1886 2252; baseline 0.003 -16"><span class='ocrx_word' id='word_1_207' title='bbox 249 2195 389 2238; x_wconf 88' lang='lat' dir='ltr'><strong>Pater</strong></span> <span class='ocrx_word' id='word_1_208' title='bbox 410 2209 519 2239; x_wconf 90' lang='lat' dir='ltr'><strong>vero</strong></span> <span class='ocrx_word' id='word_1_209' title='bbox 542 2202 698 2238; x_wconf 87' lang='lat' dir='ltr'><strong>noster</strong></span> <span class='ocrx_word' id='word_1_210' title='bbox 719 2189 974 2239; x_wconf 88' lang='lat' dir='ltr'><strong>destinatus</strong></span> <span class='ocrx_word' id='word_1_211' title='bbox 1003 2203 1099 2240; x_wconf 86' lang='lat' dir='ltr'><strong>erat</strong></span> <span class='ocrx_word' id='word_1_212' title='bbox 1128 2197 1184 2239; x_wconf 87' lang='lat' dir='ltr'><strong>ad</strong></span> <span class='ocrx_word' id='word_1_213' title='bbox 1216 2196 1533 2239; x_wconf 89' lang='lat' dir='ltr'><strong>instruendum</strong></span> <span class='ocrx_word' id='word_1_214' title='bbox 1563 2209 1727 2252; x_wconf 91' lang='lat' dir='ltr'><strong>pueros</strong></span> <span class='ocrx_word' id='word_1_215' title='bbox 1753 2201 1800 2239; x_wconf 90' lang='lat' dir='ltr'><strong>et</strong></span> <span class='ocrx_word' id='word_1_216' title='bbox 1830 2196 1886 2241; x_wconf 89' lang='lat' dir='ltr'><strong>ad</strong></span> 
     </span>
     <span class='ocr_line' id='line_1_27' title="bbox 248 2271 1885 2328; baseline 0 -14"><span class='ocrx_word' id='word_1_217' title='bbox 248 2271 514 2315; x_wconf 87' lang='lat' dir='ltr'><strong>discendam</strong></span> <span class='ocrx_word' id='word_1_218' title='bbox 538 2272 765 2328; x_wconf 84' lang='lat' dir='ltr'><strong>linguam.</strong></span> <span class='ocrx_word' id='word_1_219' title='bbox 797 2272 860 2316; x_wconf 91' lang='lat' dir='ltr'><strong>Hi</strong></span> <span class='ocrx_word' id='word_1_220' title='bbox 884 2272 1070 2316; x_wconf 91' lang='lat' dir='ltr'><strong>fuerunt</strong></span> <span class='ocrx_word' id='word_1_221' title='bbox 1092 2272 1295 2316; x_wconf 88' lang='lat' dir='ltr'><strong>omnium</strong></span> <span class='ocrx_word' id='word_1_222' title='bbox 1318 2272 1464 2328; x_wconf 88' lang='lat' dir='ltr'><strong>primi,</strong></span> <span class='ocrx_word' id='word_1_223' title='bbox 1491 2271 1568 2327; x_wconf 87' lang='lat' dir='ltr'><strong>qui</strong></span> <span class='ocrx_word' id='word_1_224' title='bbox 1590 2271 1885 2316; x_wconf 84' lang='lat' dir='ltr'><strong>mittebantur</strong></span> 
     </span>
     <span class='ocr_line' id='line_1_28' title="bbox 248 2349 1802 2406; baseline -0.001 -14"><span class='ocrx_word' id='word_1_225' title='bbox 248 2363 304 2392; x_wconf 85' lang='lat' dir='ltr'><strong>ex</strong></span> <span class='ocrx_word' id='word_1_226' title='bbox 331 2349 561 2394; x_wconf 89' lang='lat' dir='ltr'><strong>Societate</strong></span> <span class='ocrx_word' id='word_1_227' title='bbox 584 2350 641 2392; x_wconf 90' lang='lat' dir='ltr'><strong>ad</strong></span> <span class='ocrx_word' id='word_1_228' title='bbox 662 2349 984 2393; x_wconf 89' lang='lat' dir='ltr'><strong>constituenda</strong></span> <span class='ocrx_word' id='word_1_229' title='bbox 1008 2349 1202 2406; x_wconf 83' lang='lat' dir='ltr'><strong>collegia</strong></span> <span class='ocrx_word' id='word_1_230' title='bbox 1225 2349 1270 2391; x_wconf 89' lang='lat' dir='ltr'><strong>in</strong></span> <span class='ocrx_word' id='word_1_231' title='bbox 1294 2356 1419 2392; x_wconf 89' lang='lat' dir='ltr'><strong>tanto</strong></span> <span class='ocrx_word' id='word_1_232' title='bbox 1442 2363 1633 2392; x_wconf 88' lang='lat' dir='ltr'><strong>numero</strong></span> <span class='ocrx_word' id='word_1_233' title='bbox 1654 2350 1688 2402; x_wconf 81' lang='lat'><strong>⁶,</strong></span> <span class='ocrx_word' id='word_1_234' title='bbox 1712 2356 1802 2392; x_wconf 88' lang='lat' dir='ltr'><strong>ete.</strong></span> 
     </span>
    </p>
   </div>
   <div class='ocr_carea' id='block_1_7' title="bbox 247 2427 527 2443">
    <p class='ocr_par' dir='ltr' id='par_1_8' title="bbox 247 2427 527 2443">
     <span class='ocr_line' id='line_1_29' title="bbox 247 2427 527 2443; baseline 0 0"><span class='ocrx_word' id='word_1_235' title='bbox 247 2427 527 2443; x_wconf 95' lang='lat' dir='ltr'><strong> </strong></span> 
     </span>
    </p>
   </div>
   <div class='ocr_carea' id='block_1_8' title="bbox 241 2461 1882 2568">
    <p class='ocr_par' dir='ltr' id='par_1_9' title="bbox 241 2461 1882 2568">
     <span class='ocr_line' id='line_1_30' title="bbox 317 2461 1882 2509; baseline -0.001 -12"><span class='ocrx_word' id='word_1_236' title='bbox 317 2462 327 2482; x_wconf 92' lang='lat'>¹</span> <span class='ocrx_word' id='word_1_237' title='bbox 380 2463 439 2497; x_wconf 90' lang='lat' dir='ltr'><strong>Ex</strong></span> <span class='ocrx_word' id='word_1_238' title='bbox 458 2467 704 2509; x_wconf 84' lang='lat' dir='ltr'><strong>transumpto</strong></span> <span class='ocrx_word' id='word_1_239' title='bbox 721 2462 869 2498; x_wconf 88' lang='lat' dir='ltr'><strong>codicis</strong></span> <span class='ocrx_word' id='word_1_240' title='bbox 889 2471 949 2508; x_wconf 88' lang='lat'><strong>25,</strong></span> <span class='ocrx_word' id='word_1_241' title='bbox 973 2463 1064 2497; x_wconf 84' lang='lat' dir='ltr'><strong>Vita</strong></span> <span class='ocrx_word' id='word_1_242' title='bbox 1084 2462 1225 2497; x_wconf 81' lang='lat' dir='ltr'><strong>Patris</strong></span> <span class='ocrx_word' id='word_1_243' title='bbox 1245 2461 1425 2497; x_wconf 80' lang='lat' dir='ltr'><strong>Cornelii</strong></span> <span class='ocrx_word' id='word_1_244' title='bbox 1447 2461 1689 2503; x_wconf 84' lang='lat' dir='ltr'><strong>Wischaven‚</strong></span> <span class='ocrx_word' id='word_1_245' title='bbox 1704 2473 1793 2497; x_wconf 90' lang='lat' dir='ltr'><strong>cum</strong></span> <span class='ocrx_word' id='word_1_246' title='bbox 1811 2461 1882 2497; x_wconf 84' lang='lat' dir='ltr'><strong>ori-</strong></span> 
     </span>
     <span class='ocr_line' id='line_1_31' title="bbox 241 2520 1873 2568; baseline -0.001 -12"><span class='ocrx_word' id='word_1_247' title='bbox 241 2521 365 2567; x_wconf 84' lang='lat' dir='ltr'><strong>ginali</strong></span> <span class='ocrx_word' id='word_1_248' title='bbox 396 2527 578 2557; x_wconf 89' lang='lat' dir='ltr'><strong>aecurate</strong></span> <span class='ocrx_word' id='word_1_249' title='bbox 609 2522 772 2568; x_wconf 88' lang='lat' dir='ltr'><strong>collato,</strong></span> <span class='ocrx_word' id='word_1_250' title='bbox 800 2527 840 2557; x_wconf 88' lang='lat' dir='ltr'><strong>et</strong></span> <span class='ocrx_word' id='word_1_251' title='bbox 870 2521 910 2557; x_wconf 91' lang='lat' dir='ltr'><strong>in</strong></span> <span class='ocrx_word' id='word_1_252' title='bbox 941 2521 1206 2567; x_wconf 88' lang='lat' dir='ltr'><strong>descriptione</strong></span> <span class='ocrx_word' id='word_1_253' title='bbox 1236 2520 1352 2567; x_wconf 84' lang='lat' dir='ltr'><strong>hujus</strong></span> <span class='ocrx_word' id='word_1_254' title='bbox 1381 2520 1527 2556; x_wconf 89' lang='lat' dir='ltr'><strong>codicis</strong></span> <span class='ocrx_word' id='word_1_255' title='bbox 1556 2526 1873 2564; x_wconf 86' lang='lat' dir='ltr'><strong>commemorato,</strong></span> 
     </span>
    </p>
   </div>
   <div class='ocr_carea' id='block_1_9' title="bbox 242 2579 1884 2686">
    <p class='ocr_par' dir='ltr' id='par_1_10' title="bbox 242 2579 1884 2686">
     <span class='ocr_line' id='line_1_32' title="bbox 242 2579 1576 2628; baseline -0.001 -12"><span class='ocrx_word' id='word_1_256' title='bbox 242 2580 308 2617; x_wconf 82' lang='lat' dir='ltr'><strong>fol.</strong></span> <span class='ocrx_word' id='word_1_257' title='bbox 330 2581 505 2628; x_wconf 80' lang='lat'>206-2103</span> <span class='ocrx_word' id='word_1_258' title='bbox 526 2579 697 2627; x_wconf 80' lang='lat'><strong>234-236;</strong></span> <span class='ocrx_word' id='word_1_259' title='bbox 718 2586 758 2616; x_wconf 88' lang='lat' dir='ltr'><strong>et</strong></span> <span class='ocrx_word' id='word_1_260' title='bbox 777 2589 949 2626; x_wconf 83' lang='lat'><strong>245-247.</strong></span> <span class='ocrx_word' id='word_1_261' title='bbox 969 2580 1037 2616; x_wconf 85' lang='lat' dir='ltr'><strong>Cf.</strong></span> <span class='ocrx_word' id='word_1_262' title='bbox 1062 2581 1192 2627; x_wconf 80' lang='lat' dir='ltr'><strong>Epist,</strong></span> <span class='ocrx_word' id='word_1_263' title='bbox 1214 2581 1262 2615; x_wconf 91' lang='lat' dir='ltr'><strong>P.</strong></span> <span class='ocrx_word' id='word_1_264' title='bbox 1283 2579 1435 2620; x_wconf 85' lang='lat' dir='ltr'><strong>Nadal,</strong></span> <span class='ocrx_word' id='word_1_265' title='bbox 1455 2580 1485 2623; x_wconf 90' lang='lat' dir='ltr'><strong>I,</strong></span> <span class='ocrx_word' id='word_1_266' title='bbox 1505 2588 1576 2615; x_wconf 80' lang='lat' dir='ltr'><strong>Lx.</strong></span> 
     </span>
     <span class='ocr_line' id='line_1_33' title="bbox 311 2639 1884 2686; baseline -0.001 -10"><span class='ocrx_word' id='word_1_267' title='bbox 311 2643 325 2662; x_wconf 74' lang='lat'><strong>“-&#39;</strong></span> <span class='ocrx_word' id='word_1_268' title='bbox 377 2641 436 2676; x_wconf 88' lang='lat' dir='ltr'><strong>Ita</strong></span> <span class='ocrx_word' id='word_1_269' title='bbox 453 2639 670 2686; x_wconf 86' lang='lat' dir='ltr'><strong>nuncupari</strong></span> <span class='ocrx_word' id='word_1_270' title='bbox 688 2641 790 2676; x_wconf 90' lang='lat' dir='ltr'><strong>solet</strong></span> <span class='ocrx_word' id='word_1_271' title='bbox 807 2641 847 2676; x_wconf 89' lang='lat' dir='ltr'><strong>in</strong></span> <span class='ocrx_word' id='word_1_272' title='bbox 866 2645 948 2675; x_wconf 87' lang='lat' dir='ltr'><strong>toto</strong></span> <span class='ocrx_word' id='word_1_273' title='bbox 966 2641 1040 2675; x_wconf 92' lang='lat' dir='ltr'><strong>hoc</strong></span> <span class='ocrx_word' id='word_1_274' title='bbox 1057 2639 1195 2675; x_wconf 89' lang='lat' dir='ltr'><strong>codice</strong></span> <span class='ocrx_word' id='word_1_275' title='bbox 1215 2639 1253 2674; x_wconf 88' lang='lat' dir='ltr'><strong>P.</strong></span> <span class='ocrx_word' id='word_1_276' title='bbox 1271 2639 1478 2675; x_wconf 86' lang='lat' dir='ltr'><strong>Cornelius</strong></span> <span class='ocrx_word' id='word_1_277' title='bbox 1497 2639 1756 2675; x_wconf 82' lang='lat' dir='ltr'><strong>Wishava&#39;eus</strong></span> <span class='ocrx_word' id='word_1_278' title='bbox 1781 2639 1884 2684; x_wconf 80' lang='lat' dir='ltr'><strong>(Wi-.</strong></span> 
     </span>
    </p>
   </div>
   <div class='ocr_carea' id='block_1_10' title="bbox 237 2700 1875 3099">
    <p class='ocr_par' dir='ltr' id='par_1_11' title="bbox 240 2700 445 2745">
     <span class='ocr_line' id='line_1_34' title="bbox 240 2700 445 2745; baseline 0.005 -11"><span class='ocrx_word' id='word_1_279' title='bbox 240 2700 445 2745; x_wconf 85' lang='lat' dir='ltr'><strong>schaven).</strong></span> 
     </span>
    </p>

    <p class='ocr_par' dir='ltr' id='par_1_12' title="bbox 237 2756 1875 2925">
     <span class='ocr_line' id='line_1_35' title="bbox 310 2756 1875 2804; baseline -0.002 -9"><span class='ocrx_word' id='word_1_280' title='bbox 310 2760 324 2779; x_wconf 80' lang='lat'>⁵</span> <span class='ocrx_word' id='word_1_281' title='bbox 374 2758 546 2794; x_wconf 88' lang='lat' dir='ltr'><strong>Isidorus</strong></span> <span class='ocrx_word' id='word_1_282' title='bbox 570 2759 745 2795; x_wconf 90' lang='lat' dir='ltr'><strong>Bellinus</strong></span> <span class='ocrx_word' id='word_1_283' title='bbox 766 2757 949 2804; x_wconf 73' lang='lat' dir='ltr'><strong>(Remini),</strong></span> <span class='ocrx_word' id='word_1_284' title='bbox 972 2758 1070 2793; x_wconf 85' lang='lat' dir='ltr'><strong>alias</strong></span> <span class='ocrx_word' id='word_1_285' title='bbox 1088 2757 1306 2803; x_wconf 84' lang='lat' dir='ltr'><strong>Sbrandus,</strong></span> <span class='ocrx_word' id='word_1_286' title='bbox 1324 2756 1481 2803; x_wconf 87' lang='lat' dir='ltr'><strong>saepius</strong></span> <span class='ocrx_word' id='word_1_287' title='bbox 1499 2756 1538 2791; x_wconf 88' lang='lat' dir='ltr'><strong>in</strong></span> <span class='ocrx_word' id='word_1_288' title='bbox 1557 2756 1701 2792; x_wconf 89' lang='lat' dir='ltr'><strong>nostris</strong></span> <span class='ocrx_word' id='word_1_289' title='bbox 1730 2757 1875 2792; x_wconf 79' lang='lat' dir='ltr'><strong>MONu-</strong></span> 
     </span>
     <span class='ocr_line' id='line_1_36' title="bbox 237 2815 1873 2864; baseline -0.002 -11"><span class='ocrx_word' id='word_1_290' title='bbox 237 2826 392 2854; x_wconf 78' lang='lat' dir='ltr'>MENTIS</span> <span class='ocrx_word' id='word_1_291' title='bbox 410 2822 751 2854; x_wconf 86' lang='lat' dir='ltr'><strong>commemoratur.</strong></span> <span class='ocrx_word' id='word_1_292' title='bbox 768 2817 828 2855; x_wconf 87' lang='lat' dir='ltr'><strong>Cf.</strong></span> <span class='ocrx_word' id='word_1_293' title='bbox 851 2818 976 2864; x_wconf 80' lang='lat' dir='ltr'><strong>Epist.</strong></span> <span class='ocrx_word' id='word_1_294' title='bbox 994 2818 1043 2852; x_wconf 87' lang='lat' dir='ltr'><strong>P.</strong></span> <span class='ocrx_word' id='word_1_295' title='bbox 1059 2817 1212 2858; x_wconf 83' lang='lat' dir='ltr'><strong>Nadal‚</strong></span> <span class='ocrx_word' id='word_1_296' title='bbox 1229 2817 1302 2852; x_wconf 90' lang='lat' dir='ltr'><strong>loc.</strong></span> <span class='ocrx_word' id='word_1_297' title='bbox 1321 2816 1405 2861; x_wconf 89' lang='lat' dir='ltr'><strong>cit.‚</strong></span> <span class='ocrx_word' id='word_1_298' title='bbox 1425 2826 1513 2862; x_wconf 89' lang='lat' dir='ltr'><strong>pag.</strong></span> <span class='ocrx_word' id='word_1_299' title='bbox 1536 2823 1616 2861; x_wconf 83' lang='lat'>115,</span> <span class='ocrx_word' id='word_1_300' title='bbox 1637 2821 1676 2851; x_wconf 87' lang='lat' dir='ltr'><strong>et</strong></span> <span class='ocrx_word' id='word_1_301' title='bbox 1690 2815 1873 2856; x_wconf 71' lang='lat' dir='ltr'><strong>Monum.</strong></span> 
     </span>
     <span class='ocr_line' id='line_1_37' title="bbox 237 2876 894 2925; baseline 0.002 -13"><span class='ocrx_word' id='word_1_302' title='bbox 237 2878 389 2925; x_wconf 67' lang='lat' dir='ltr'><strong>Ignat„</strong></span> <span class='ocrx_word' id='word_1_303' title='bbox 411 2878 555 2924; x_wconf 68' lang='lat' dir='ltr'><strong>Epist„</strong></span> <span class='ocrx_word' id='word_1_304' title='bbox 578 2878 594 2912; x_wconf 93' lang='lat' dir='ltr'>I</span> <span class='ocrx_word' id='word_1_305' title='bbox 613 2883 654 2913; x_wconf 91' lang='lat' dir='ltr'><strong>et</strong></span> <span class='ocrx_word' id='word_1_306' title='bbox 671 2876 720 2923; x_wconf 90' lang='grc' dir='ltr'><strong>ΙΙ,</strong></span> <span class='ocrx_word' id='word_1_307' title='bbox 737 2876 894 2924; x_wconf 85' lang='lat' dir='ltr'><strong>passim.</strong></span> 
     </span>
    </p>

    <p class='ocr_par' dir='ltr' id='par_1_13' title="bbox 311 2933 1778 2984">
     <span class='ocr_line' id='line_1_38' title="bbox 311 2933 1778 2984; baseline -0.003 -12"><span class='ocrx_word' id='word_1_308' title='bbox 311 2940 321 2958; x_wconf 78' lang='lat'><strong>⁴</strong></span> <span class='ocrx_word' id='word_1_309' title='bbox 372 2938 545 2983; x_wconf 87' lang='lat' dir='ltr'><strong>Joannes</strong></span> <span class='ocrx_word' id='word_1_310' title='bbox 564 2936 741 2984; x_wconf 88' lang='lat' dir='ltr'><strong>Baptista</strong></span> <span class='ocrx_word' id='word_1_311' title='bbox 759 2936 1002 2979; x_wconf 87' lang='lat' dir='ltr'><strong>Passarinus,</strong></span> <span class='ocrx_word' id='word_1_312' title='bbox 1021 2935 1245 2971; x_wconf 86' lang='lat' dir='ltr'><strong>brixiensis.</strong></span> <span class='ocrx_word' id='word_1_313' title='bbox 1261 2933 1323 2970; x_wconf 81' lang='lat' dir='ltr'><strong>Cf.</strong></span> <span class='ocrx_word' id='word_1_314' title='bbox 1347 2934 1440 2969; x_wconf 84' lang='lat' dir='ltr'><strong>Litt.</strong></span> <span class='ocrx_word' id='word_1_315' title='bbox 1464 2933 1699 2978; x_wconf 65' lang='lat' dir='ltr'><strong>Quadrim„</strong></span> <span class='ocrx_word' id='word_1_316' title='bbox 1717 2941 1778 2979; x_wconf 82' lang='lat'><strong>91.</strong></span> 
     </span>
    </p>

    <p class='ocr_par' dir='ltr' id='par_1_14' title="bbox 306 2992 1432 3041">
     <span class='ocr_line' id='line_1_39' title="bbox 306 2992 1432 3041; baseline -0.004 -8"><span class='ocrx_word' id='word_1_317' title='bbox 306 2998 320 3019; x_wconf 63' lang='grc' dir='ltr'><strong>ὅ</strong></span> <span class='ocrx_word' id='word_1_318' title='bbox 370 2996 559 3032; x_wconf 86' lang='lat' dir='ltr'><strong>Martinus</strong></span> <span class='ocrx_word' id='word_1_319' title='bbox 578 2997 698 3041; x_wconf 88' lang='lat' dir='ltr'><strong>Mare,</strong></span> <span class='ocrx_word' id='word_1_320' title='bbox 717 2996 856 3041; x_wconf 87' lang='lat' dir='ltr'><strong>gallus.</strong></span> <span class='ocrx_word' id='word_1_321' title='bbox 878 2994 941 3030; x_wconf 83' lang='lat' dir='ltr'><strong>Cf.</strong></span> <span class='ocrx_word' id='word_1_322' title='bbox 961 2995 1057 3032; x_wconf 81' lang='lat' dir='ltr'><strong>Litt.</strong></span> <span class='ocrx_word' id='word_1_323' title='bbox 1080 2993 1314 3038; x_wconf 66' lang='lat' dir='ltr'><strong>Quadrim„</strong></span> <span class='ocrx_word' id='word_1_324' title='bbox 1337 2992 1432 3029; x_wconf 90' lang='lat' dir='ltr'><strong>ibid.</strong></span> 
     </span>
    </p>

    <p class='ocr_par' dir='ltr' id='par_1_15' title="bbox 304 3051 1439 3099">
     <span class='ocr_line' id='line_1_40' title="bbox 304 3051 1439 3099; baseline -0.004 -8"><span class='ocrx_word' id='word_1_325' title='bbox 304 3058 319 3078; x_wconf 74' lang='lat'><strong>⁶</strong></span> <span class='ocrx_word' id='word_1_326' title='bbox 369 3057 429 3091; x_wconf 90' lang='lat' dir='ltr'><strong>De</strong></span> <span class='ocrx_word' id='word_1_327' title='bbox 447 3056 507 3093; x_wconf 91' lang='lat' dir='ltr'><strong>his</strong></span> <span class='ocrx_word' id='word_1_328' title='bbox 524 3055 685 3091; x_wconf 86' lang='lat' dir='ltr'><strong>consule</strong></span> <span class='ocrx_word' id='word_1_329' title='bbox 705 3055 952 3098; x_wconf 70' lang='grc' dir='ltr'><strong>ΡοιΑΝουΜ,</strong></span> <span class='ocrx_word' id='word_1_330' title='bbox 976 3052 1141 3096; x_wconf 73' lang='grc' dir='ltr'><em>Οήνοη.,</em></span> <span class='ocrx_word' id='word_1_331' title='bbox 1159 3053 1190 3099; x_wconf 84' lang='grc' dir='ltr'><strong>Ι,</strong></span> <span class='ocrx_word' id='word_1_332' title='bbox 1212 3051 1281 3097; x_wconf 88' lang='lat'><strong>269</strong></span> <span class='ocrx_word' id='word_1_333' title='bbox 1300 3057 1339 3087; x_wconf 86' lang='lat' dir='ltr'><strong>et</strong></span> <span class='ocrx_word' id='word_1_334' title='bbox 1357 3051 1439 3087; x_wconf 88' lang='lat'><strong>281.</strong></span> 
     </span>
    </p>
   </div>
   <div class='ocr_carea' id='block_1_11' title="bbox 1977 838 2098 3470">
    <p class='ocr_par' dir='ltr' id='par_1_16' title="bbox 1977 838 2098 3470">
     <span class='ocr_line' id='line_1_41' title="bbox 1977 838 2098 3470; baseline 0 0"><span class='ocrx_word' id='word_1_335' title='bbox 1977 838 2098 3470; x_wconf 95' lang='lat' dir='ltr'><strong> </strong></span> 
     </span>
    </p>
   </div>
  </div>
 </body>
</html>
