2098 3470
665 243 900 282 Omnoms
923 247 1370 285 onsssnvanouns-qo
1717 249 1788 287 7¹5

201 345 399 398 sitatem,
422 353 473 389 vt
494 346 532 389 si
562 345 689 389 dicas
708 343 928 402 gladium,
952 341 1031 398 qui
1058 341 1284 386 diuideret
1310 341 1372 385 illi
1402 356 1482 386 cor
1513 350 1649 398 atque
1678 343 1835 388 Vltima

202 437 411 480 quaeque
431 422 622 467 viscera.
649 423 754 466 Hoc
776 435 881 464 cum
903 419 949 462 in
970 419 1233 476 particulari
1254 433 1350 468 non
1375 418 1670 476 intelligeret,
1694 421 1835 465 vehe-

202 507 379 544 menter
400 506 470 544 est
490 505 745 542 commotus
764 505 815 540 vt
835 511 918 554 pro
937 497 1015 540 illo
1035 504 1203 542 oraret.

293 575 519 621 Postridie
540 575 763 621 intellexit
782 589 874 618 non
895 574 996 618 fieri
1017 575 1111 617 fere
1131 588 1285 618 veram
1308 573 1576 626 crationem,
1597 582 1835 630 propterea

203 654 326 709 quod
348 668 439 696 non
463 653 724 698 sentiuntur
743 653 878 705 mala,
902 652 960 694 ad
981 665 1098 707 quae
1115 652 1365 696 euertenda
1380 651 1635 694 necessaria
1651 659 1721 695 est
1737 667 1836 695 ora-

205 730 286 784 tio;
310 738 357 773 et
379 735 467 776 242
488 745 625 787 supra
645 744 780 787 quam
803 728 1053 785 exprimere
1072 735 1225 784 potest
1244 728 1470 773 sentiebat
1491 729 1608 771 mala
1624 737 1838 785 peccato—

205 822 324 860 rum,
347 809 471 863 quod
492 809 640 852 Deum
662 806 907 864 attingant,
929 813 975 849 et
1005 812 1189 862 propter
1215 819 1333 860 quae
1354 812 1425 849 est
1451 807 1588 848 homo
1616 806 1763 848 factus
1790 814 1836 850 et

204 891 411 928 mortuus
443 886 585 928 Deus:
619 891 713 926 tum
744 890 926 940 propter
951 896 1071 938 quae
1102 882 1346 939 imaginem
1379 896 1507 925 suam
1537 882 1582 924 in
1611 890 1834 925 tartarum

204 962 481 1005 condemnat
502 961 600 1004 sine
621 961 727 1004 fine.

294 1037 492 1094 Quidam
516 1037 773 1081 celebrabat
795 1037 978 1080 missam
992 1037 1051 1080 de
1067 1036 1269 1093 quinque
1285 1036 1451 1092 plagis,
1470 1043 1532 1087 et,
1552 1051 1657 1079 cum
1674 1037 1720 1079 in
1738 1036 1842 1078 aliis

190 1115 360 1172 plagis
381 1129 473 1157 non
495 1114 687 1159 sentiret
706 1113 1013 1166 deuotionem‚
1037 1113 1084 1156 in
1106 1114 1242 1170 plaga
1268 1113 1424 1158 lateris
1451 1113 1593 1158 sensit
1619 1128 1711 1156 non
1740 1128 1836 1157 me-

209 1191 428 1243 diocrem,
452 1191 581 1247 quasi
603 1191 715 1234 illud
734 1192 902 1234 vulnus
922 1190 1109 1235 sentiret
1129 1190 1349 1234 inflictum
1373 1206 1455 1247 per
1480 1205 1560 1234 cor
1580 1190 1688 1247 Xpi.
1713 1205 1839 1234 mor-

145 1285 151 1295 ’
210 1275 339 1312 tuum
360 1268 406 1310 in
429 1275 584 1311 nostra
605 1269 742 1311 corda
763 1267 885 1321 viua3
908 1268 1077 1310 vulnus
1096 1274 1249 1311 autem
1272 1267 1404 1311 nobis
1426 1267 1647 1310 inflictum
1671 1267 1839 1312 sentie—

206 1345 287 1389 bat
312 1359 412 1388 ωδε
444 1344 623 1388 amoris:
656 1346 776 1388 vnde
801 1344 1038 1401 plenitudo
1063 1343 1268 1393 omnium
1296 1359 1512 1389 sensuum
1535 1344 1837 1401 spiritualium

208 1421 458 1465 deriuatur.

300 1498 559 1543 «Adueniat
581 1513 772 1554 regnum
794 1506 949 1542 tuum»
975 1499 1022 1542 id
1043 1507 1129 1550 est,
1155 1500 1302 1555 Xpus.
1328 1499 1374 1542 in
1396 1500 1538 1542 corda
1559 1506 1729 1542 nostra.

296 1575 467 1628 Timor,
491 1575 829 1619 condimentum
851 1577 1072 1620 donorum
1095 1575 1280 1632 spiritus
1295 1576 1517 1628 omnium,
1537 1583 1631 1619 tum
1649 1576 1838 1619 aliarum

206 1651 409 1696 omnium
429 1651 679 1709 gratiarum
701 1660 746 1697 et
769 1653 1098 1709 operationum,
1123 1660 1169 1698 et
1185 1653 1316 1709 quasi
1331 1653 1457 1697 dicas
1472 1653 1681 1713 custodia
1698 1668 1844 1709 quae-

208 1730 312 1773 dam
334 1728 606 1781 necessaria,
630 1744 690 1773 ne
710 1738 988 1774 euanescant
1008 1731 1067 1775 de
1088 1730 1221 1774 nobis
1241 1738 1288 1775 et
1315 1732 1642 1787 supereffluant
1670 1731 1727 1774 de
1756 1745 1838 1773 no-

207 1813 304 1850 stro
324 1806 526 1850 abusu...

296 1882 494 1939 Quidam
518 1897 750 1939 nunquam
774 1885 868 1929 fere
888 1883 1115 1942 insignem
1137 1885 1333 1942 aliquem
1355 1901 1539 1931 sensum
1563 1886 1737 1930 timoris
1755 1887 1840 1930 Dei

208 1959 360 2006 fuerat
381 1966 703 2016 ex244pertus:
733 1961 944 2018 contigit,
970 1976 1076 2005 cum
1105 1962 1329 2020 cogitaret
1359 1965 1417 2007 de
1444 1964 1541 2008 suis
1568 1964 1841 2017 defectibus,

206 2037 345 2083 etiam
366 2038 443 2080 vbi
464 2037 634 2094 optime
655 2038 886 2081 videretur
906 2040 1093 2093 habere,
1115 2039 1251 2084 simul
1273 2040 1492 2098 Origenis
1507 2042 1842 2091 recordaretur,

209 2114 501 2168 Tertulliani,
539 2115 832 2171 Apollinaris,
858 2115 952 2171 qui,
979 2123 1070 2160 tam
1102 2118 1344 2163 excellenti
1375 2118 1543 2175 pietate
1574 2126 1621 2162 et
1650 2119 1840 2163 scientia

208 2204 350 2247 quum
379 2190 589 2245 fuissent,
619 2200 728 2235 sunt
753 2193 883 2249 lapsi:
914 2193 1054 2236 subiit
1080 2201 1172 2237 tam
1199 2195 1317 2239 acris
1343 2210 1507 2240 sensus
1535 2195 1709 2239 timoris
1737 2196 1842 2246 Dei,

208 2267 338 2323 quasi
357 2268 534 2313 videret
553 2268 640 2312 sibi
660 2283 718 2312 ex
738 2269 919 2326 integro
941 2270 1080 2315 vitam
1102 2271 1424 2325 inchoandam,
1450 2286 1503 2316 ac
1525 2280 1743 2329 perpetuo
1766 2273 1843 2314 illo

210 2343 382 2390 timore,
393 2345 701 2390 muniendam.

297 2421 516 2477 Sequenti
547 2422 623 2466 die
654 2423 701 2466 in
732 2424 869 2468 missa
906 2426 1224 2471 vehementius
1254 2434 1324 2471 est
1361 2427 1435 2470 ille
1468 2441 1629 2470 sensus
1669 2426 1845 2468 timoris

209 2498 447 2541 adauctus:
472 2498 531 2541 sit
551 2499 735 2543 Christo
755 2501 957 2557 gloria...

299 2576 412 2618 Post
431 2575 547 2618 duos
567 2575 665 2620 dies
685 2578 993 2631 desolationis,
1018 2593 1136 2635 quae
1156 2580 1398 2625 videbatur
1420 2581 1476 2622 ad
1498 2579 1844 2636 pusillanimita-

210 2659 300 2695 tem
329 2658 554 2708 spectare,
583 2653 718 2696 datus
745 2653 832 2697 fuit
859 2655 1041 2698 cuidam
1071 2657 1258 2713 spiritus
1286 2656 1674 2713 magnanimitatis
1701 2657 1846 2699 maior

209 2741 345 2784 quam
369 2741 571 2783 unquam
593 2738 814 2782 senserat,
838 2739 886 2774 et
911 2731 957 2774 in
990 2732 1063 2776 his
1083 2734 1366 2789 praesertim,
1401 2749 1515 2790 quae
1548 2734 1605 2776 ad
1635 2733 1845 2778 Societa-

212 2810 303 2849 tem
325 2804 536 2857 attinent,
560 2813 607 2849 et
628 2820 746 2861 quae
765 2808 824 2850 ad
844 2809 1131 2854 reducendos
1150 2812 1403 2855 haereticos
1426 2812 1483 2854 ad
1499 2811 1635 2855 fidem
1653 2818 1698 2854 et
1714 2810 1844 2852 vnio-

210 2897 315 2927 nem
337 2882 613 2939 apostolicae
638 2884 773 2927 sedis.
805 2886 914 2930 Erat
939 2887 1055 2931 haec
1081 2889 1433 2946 magnanimitas
1463 2887 1709 2931 coniuncta
1738 2901 1843 2929 curn

210 2958 429 3003 facilitate
451 2960 778 3004 humiliationis
800 2963 858 3005 ad
879 2963 1089 3018 quemuis
1110 2966 1357 3011 hominem.

299 3035 569 3092 Spirituales
590 3038 927 3083 consolationes
948 3046 995 3084 et
1021 3041 1140 3085 dona
1167 3042 1255 3086 Dei
1285 3040 1468 3085 sensilia
1499 3042 1753 3098 expetenda
1786 3043 1845 3084 ad
