<?xml version="1.0" encoding="UTF-8"?>
<!DOCTYPE html PUBLIC "-//W3C//DTD XHTML 1.0 Transitional//EN"
    "http://www.w3.org/TR/xhtml1/DTD/xhtml1-transitional.dtd">
<html xmlns="http://www.w3.org/1999/xhtml" xml:lang="en" lang="en">
 <head>
  <title>
</title>
<meta http-equiv="Content-Type" content="text/html;charset=utf-8" />
  <meta name='ocr-system' content='tesseract 3.04.00' />
  <meta name='ocr-capabilities' content='ocr_page ocr_carea ocr_par ocr_line ocrx_word'/>
</head>
<body>
  <div class='ocr_page' id='page_1' title='image "./epistolaephieron04nadauoft_0871.png"; bbox 0 0 2098 3470; ppageno 0'>
   <div class='ocr_carea' id='block_1_1' title="bbox 758 247 1748 295">
    <p class='ocr_par' dir='ltr' id='par_1_1' title="bbox 758 247 1748 295">
     <span class='ocr_line' id='line_1_1' title="bbox 758 247 1748 295; baseline 0 -11"><span class='ocrx_word' id='word_1_1' title='bbox 758 247 1197 292; x_wconf 58' lang='lat' dir='ltr'>summoturum—25</span> <span class='ocrx_word' id='word_1_2' title='bbox 1678 249 1748 295; x_wconf 81' lang='lat'>845</span> 
     </span>
    </p>
   </div>
   <div class='ocr_carea' id='block_1_2' title="bbox 29 346 1837 3016">
    <p class='ocr_par' dir='ltr' id='par_1_2' title="bbox 23 346 1837 3016">
     <span class='ocr_line' id='line_1_2' title="bbox 160 346 1792 406; baseline 0 -14"><span class='ocrx_word' id='word_1_3' title='bbox 160 349 287 392; x_wconf 90' lang='lat' dir='ltr'>ribus</span> <span class='ocrx_word' id='word_1_4' title='bbox 307 347 526 405; x_wconf 85' lang='lat' dir='ltr'>gradibus</span> <span class='ocrx_word' id='word_1_5' title='bbox 549 349 622 393; x_wconf 78' lang='grc'>199</span> <span class='ocrx_word' id='word_1_6' title='bbox 645 347 781 391; x_wconf 88' lang='lat' dir='ltr'>huius</span> <span class='ocrx_word' id='word_1_7' title='bbox 803 346 1036 403; x_wconf 88' lang='lat' dir='ltr'>temporis,</span> <span class='ocrx_word' id='word_1_8' title='bbox 1062 361 1119 391; x_wconf 89' lang='lat' dir='ltr'>ex</span> <span class='ocrx_word' id='word_1_9' title='bbox 1150 346 1335 402; x_wconf 88' lang='lat' dir='ltr'>spiritus</span> <span class='ocrx_word' id='word_1_10' title='bbox 1358 347 1460 390; x_wconf 87' lang='lat' dir='ltr'>mali</span> <span class='ocrx_word' id='word_1_11' title='bbox 1495 349 1792 406; x_wconf 79' lang='lat' dir='ltr'>transfigura-</span> 
     </span>
     <span class='ocr_line' id='line_1_3' title="bbox 161 422 1794 482; baseline 0.001 -14"><span class='ocrx_word' id='word_1_12' title='bbox 161 425 283 470; x_wconf 88' lang='lat' dir='ltr'>tione</span> <span class='ocrx_word' id='word_1_13' title='bbox 303 425 351 468; x_wconf 92' lang='lat' dir='ltr'>in</span> <span class='ocrx_word' id='word_1_14' title='bbox 384 425 492 468; x_wconf 88' lang='lat' dir='ltr'>boni</span> <span class='ocrx_word' id='word_1_15' title='bbox 523 424 711 482; x_wconf 88' lang='lat' dir='ltr'>spiritus</span> <span class='ocrx_word' id='word_1_16' title='bbox 741 424 956 480; x_wconf 89' lang='lat' dir='ltr'>speciem.</span> <span class='ocrx_word' id='word_1_17' title='bbox 992 424 1165 478; x_wconf 90' lang='lat' dir='ltr'>Itaque,</span> <span class='ocrx_word' id='word_1_18' title='bbox 1196 422 1274 466; x_wconf 86' lang='lat' dir='ltr'>vbi</span> <span class='ocrx_word' id='word_1_19' title='bbox 1307 423 1454 467; x_wconf 91' lang='lat' dir='ltr'>minus</span> <span class='ocrx_word' id='word_1_20' title='bbox 1482 439 1582 469; x_wconf 89' lang='lat' dir='ltr'>esse</span> <span class='ocrx_word' id='word_1_21' title='bbox 1615 426 1794 469; x_wconf 90' lang='lat' dir='ltr'>videtur</span> 
     </span>
     <span class='ocr_line' id='line_1_4' title="bbox 159 499 1793 558; baseline -0.001 -12"><span class='ocrx_word' id='word_1_22' title='bbox 159 502 284 558; x_wconf 88' lang='lat' dir='ltr'>quod</span> <span class='ocrx_word' id='word_1_23' title='bbox 305 502 631 558; x_wconf 90' lang='lat' dir='ltr'>explorandum</span> <span class='ocrx_word' id='word_1_24' title='bbox 652 501 727 554; x_wconf 88' lang='lat' dir='ltr'>sit,</span> <span class='ocrx_word' id='word_1_25' title='bbox 754 509 936 558; x_wconf 90' lang='lat' dir='ltr'>propter</span> <span class='ocrx_word' id='word_1_26' title='bbox 950 499 1273 543; x_wconf 80' lang='lat' dir='ltr'>consolationis</span> <span class='ocrx_word' id='word_1_27' title='bbox 1296 501 1613 553; x_wconf 81' lang='lat' dir='ltr'>constantiam,</span> <span class='ocrx_word' id='word_1_28' title='bbox 1640 503 1700 545; x_wconf 90' lang='lat' dir='ltr'>ibi</span> <span class='ocrx_word' id='word_1_29' title='bbox 1725 503 1793 545; x_wconf 90' lang='lat' dir='ltr'>vi-</span> 
     </span>
     <span class='ocr_line' id='line_1_5' title="bbox 162 575 1791 635; baseline 0 -13"><span class='ocrx_word' id='word_1_30' title='bbox 162 578 319 626; x_wconf 86' lang='lat' dir='ltr'>uacius</span> <span class='ocrx_word' id='word_1_31' title='bbox 338 578 687 635; x_wconf 82' lang='lat' dir='ltr'>inuigilandum3</span> <span class='ocrx_word' id='word_1_32' title='bbox 717 587 764 622; x_wconf 92' lang='lat' dir='ltr'>et</span> <span class='ocrx_word' id='word_1_33' title='bbox 790 576 958 632; x_wconf 85' lang='lat' dir='ltr'>alioqui</span> <span class='ocrx_word' id='word_1_34' title='bbox 988 575 1348 619; x_wconf 85' lang='lat' dir='ltr'>consolationum</span> <span class='ocrx_word' id='word_1_35' title='bbox 1377 592 1429 620; x_wconf 90' lang='lat' dir='ltr'>ac</span> <span class='ocrx_word' id='word_1_36' title='bbox 1458 579 1791 622; x_wconf 80' lang='lat' dir='ltr'>desolationum</span> 
     </span>
     <span class='ocr_line' id='line_1_6' title="bbox 160 651 1792 712; baseline -0.001 -13"><span class='ocrx_word' id='word_1_37' title='bbox 160 655 327 711; x_wconf 88' lang='lat' dir='ltr'>praelia</span> <span class='ocrx_word' id='word_1_38' title='bbox 347 655 546 699; x_wconf 84' lang='lat' dir='ltr'>excitant</span> <span class='ocrx_word' id='word_1_39' title='bbox 566 651 824 699; x_wconf 82' lang='lat' dir='ltr'>necessario</span> <span class='ocrx_word' id='word_1_40' title='bbox 846 655 918 698; x_wconf 90' lang='lat' dir='ltr'>vel</span> <span class='ocrx_word' id='word_1_41' title='bbox 944 653 1124 698; x_wconf 87' lang='lat' dir='ltr'>irritant</span> <span class='ocrx_word' id='word_1_42' title='bbox 1151 661 1168 678; x_wconf 57' lang='grc' dir='ltr'><strong>ἃ</strong></span> <span class='ocrx_word' id='word_1_43' title='bbox 1190 661 1406 707; x_wconf 79' lang='lat' dir='ltr'>mentem,</span> <span class='ocrx_word' id='word_1_44' title='bbox 1431 662 1479 696; x_wconf 94' lang='lat' dir='ltr'>vt</span> <span class='ocrx_word' id='word_1_45' title='bbox 1502 654 1587 698; x_wconf 86' lang='lat' dir='ltr'>sibi</span> <span class='ocrx_word' id='word_1_46' title='bbox 1619 656 1792 712; x_wconf 89' lang='lat' dir='ltr'>prospi-</span> 
     </span>
     <span class='ocr_line' id='line_1_7' title="bbox 157 731 872 788; baseline -0.001 -13"><span class='ocrx_word' id='word_1_47' title='bbox 157 731 250 775; x_wconf 86' lang='lat' dir='ltr'>ciat</span> <span class='ocrx_word' id='word_1_48' title='bbox 269 746 324 775; x_wconf 88' lang='lat' dir='ltr'>ac</span> <span class='ocrx_word' id='word_1_49' title='bbox 344 741 507 776; x_wconf 90' lang='lat' dir='ltr'>caueat</span> <span class='ocrx_word' id='word_1_50' title='bbox 529 732 872 788; x_wconf 83' lang='lat' dir='ltr'>circumspecte.</span> 
     </span>
     <span class='ocr_line' id='line_1_8' title="bbox 248 807 1788 865; baseline 0.001 -14"><span class='ocrx_word' id='word_1_51' title='bbox 248 816 344 863; x_wconf 83' lang='lat'>3.¹¹¹¹¹</span> <span class='ocrx_word' id='word_1_52' title='bbox 366 815 546 865; x_wconf 89' lang='lat' dir='ltr'>tempus</span> <span class='ocrx_word' id='word_1_53' title='bbox 567 816 636 853; x_wconf 88' lang='lat' dir='ltr'>est</span> <span class='ocrx_word' id='word_1_54' title='bbox 667 807 887 851; x_wconf 87' lang='lat' dir='ltr'>naturalis</span> <span class='ocrx_word' id='word_1_55' title='bbox 918 807 1155 850; x_wconf 90' lang='lat' dir='ltr'>cuiusdam</span> <span class='ocrx_word' id='word_1_56' title='bbox 1192 807 1528 862; x_wconf 85' lang='lat' dir='ltr'>tranquillitatis</span> <span class='ocrx_word' id='word_1_57' title='bbox 1562 809 1788 864; x_wconf 84' lang='lat' dir='ltr'>xpianae.,</span> 
     </span>
     <span class='ocr_line' id='line_1_9' title="bbox 156 883 1790 942; baseline 0 -14"><span class='ocrx_word' id='word_1_58' title='bbox 156 886 342 940; x_wconf 86' lang='lat' dir='ltr'>quando</span> <span class='ocrx_word' id='word_1_59' title='bbox 358 885 530 942; x_wconf 80' lang='lat' dir='ltr'>scilicet</span> <span class='ocrx_word' id='word_1_60' title='bbox 552 899 696 937; x_wconf 86' lang='lat' dir='ltr'>mens,</span> <span class='ocrx_word' id='word_1_61' title='bbox 717 885 841 928; x_wconf 87' lang='lat' dir='ltr'>nulla</span> <span class='ocrx_word' id='word_1_62' title='bbox 857 883 1167 927; x_wconf 87' lang='lat' dir='ltr'>consolatione</span> <span class='ocrx_word' id='word_1_63' title='bbox 1184 883 1385 939; x_wconf 84' lang='lat' dir='ltr'>spiritus,</span> <span class='ocrx_word' id='word_1_64' title='bbox 1406 885 1529 928; x_wconf 90' lang='lat' dir='ltr'>nulla</span> <span class='ocrx_word' id='word_1_65' title='bbox 1546 885 1790 928; x_wconf 80' lang='lat' dir='ltr'>desolatio-</span> 
     </span>
     <span class='ocr_line' id='line_1_10' title="bbox 157 960 1790 1018; baseline 0 -13"><span class='ocrx_word' id='word_1_66' title='bbox 157 977 217 1006; x_wconf 89' lang='lat' dir='ltr'>ne</span> <span class='ocrx_word' id='word_1_67' title='bbox 237 970 459 1018; x_wconf 89' lang='lat' dir='ltr'>permota,</span> <span class='ocrx_word' id='word_1_68' title='bbox 478 962 599 1006; x_wconf 91' lang='lat' dir='ltr'>vires</span> <span class='ocrx_word' id='word_1_69' title='bbox 615 977 721 1005; x_wconf 90' lang='lat' dir='ltr'>suas</span> <span class='ocrx_word' id='word_1_70' title='bbox 744 961 884 1005; x_wconf 91' lang='lat' dir='ltr'>libere</span> <span class='ocrx_word' id='word_1_71' title='bbox 900 974 1112 1005; x_wconf 85' lang='lat' dir='ltr'>exercere</span> <span class='ocrx_word' id='word_1_72' title='bbox 1129 961 1278 1016; x_wconf 90' lang='lat' dir='ltr'>p&#39;otest</span> <span class='ocrx_word' id='word_1_73' title='bbox 1297 960 1554 1004; x_wconf 87' lang='lat' dir='ltr'>intellectus</span> <span class='ocrx_word' id='word_1_74' title='bbox 1570 971 1614 1004; x_wconf 91' lang='lat' dir='ltr'>et</span> <span class='ocrx_word' id='word_1_75' title='bbox 1633 963 1790 1005; x_wconf 83' lang='lat' dir='ltr'>volun-</span> 
     </span>
     <span class='ocr_line' id='line_1_11' title="bbox 158 1037 1786 1095; baseline 0 -13"><span class='ocrx_word' id='word_1_76' title='bbox 158 1038 265 1082; x_wconf 81' lang='lat' dir='ltr'>tatis</span> <span class='ocrx_word' id='word_1_77' title='bbox 281 1039 534 1091; x_wconf 74' lang='lat' dir='ltr'>naturales,</span> <span class='ocrx_word' id='word_1_78' title='bbox 548 1038 796 1095; x_wconf 88' lang='lat' dir='ltr'>suppositis</span> <span class='ocrx_word' id='word_1_79' title='bbox 812 1038 883 1081; x_wconf 88' lang='lat' dir='ltr'>his</span> <span class='ocrx_word' id='word_1_80' title='bbox 899 1037 1148 1094; x_wconf 91' lang='lat' dir='ltr'>principiis,</span> <span class='ocrx_word' id='word_1_81' title='bbox 1168 1051 1287 1092; x_wconf 89' lang='lat' dir='ltr'>quae</span> <span class='ocrx_word' id='word_1_82' title='bbox 1305 1053 1360 1081; x_wconf 86' lang='lat' dir='ltr'>ex</span> <span class='ocrx_word' id='word_1_83' title='bbox 1377 1038 1686 1094; x_wconf 85' lang='lat' dir='ltr'>superioribus</span> <span class='ocrx_word' id='word_1_84' title='bbox 1709 1055 1786 1082; x_wconf 89' lang='lat' dir='ltr'>ne—</span> 
     </span>
     <span class='ocr_line' id='line_1_12' title="bbox 156 1112 1787 1172; baseline 0 -14"><span class='ocrx_word' id='word_1_85' title='bbox 156 1115 357 1159; x_wconf 87' lang='lat' dir='ltr'>cessario</span> <span class='ocrx_word' id='word_1_86' title='bbox 379 1115 677 1172; x_wconf 86' lang='lat' dir='ltr'>colliguntur,</span> <span class='ocrx_word' id='word_1_87' title='bbox 702 1116 808 1166; x_wconf 92' lang='lat' dir='ltr'>fide,</span> <span class='ocrx_word' id='word_1_88' title='bbox 833 1130 930 1172; x_wconf 88' lang='lat' dir='ltr'>spe,</span> <span class='ocrx_word' id='word_1_89' title='bbox 954 1112 1224 1172; x_wconf 87' lang='lat' dir='ltr'>cha[ritate],</span> <span class='ocrx_word' id='word_1_90' title='bbox 1255 1122 1261 1169; x_wconf 76' lang='lat'><em>1</em></span> <span class='ocrx_word' id='word_1_91' title='bbox 1291 1114 1526 1168; x_wconf 90' lang='lat' dir='ltr'>virtutum,</span> <span class='ocrx_word' id='word_1_92' title='bbox 1546 1117 1787 1170; x_wconf 89' lang='lat' dir='ltr'>donorum,</span> 
     </span>
     <span class='ocr_line' id='line_1_13' title="bbox 155 1190 1789 1247; baseline 0 -12"><span class='ocrx_word' id='word_1_93' title='bbox 155 1199 204 1235; x_wconf 90' lang='lat' dir='ltr'>et</span> <span class='ocrx_word' id='word_1_94' title='bbox 226 1191 267 1235; x_wconf 89' lang='lat' dir='ltr'>si</span> <span class='ocrx_word' id='word_1_95' title='bbox 285 1206 376 1247; x_wconf 88' lang='lat' dir='ltr'>qua</span> <span class='ocrx_word' id='word_1_96' title='bbox 396 1200 504 1236; x_wconf 86' lang='lat' dir='ltr'>sunt</span> <span class='ocrx_word' id='word_1_97' title='bbox 526 1192 628 1244; x_wconf 89' lang='lat' dir='ltr'>alia,</span> <span class='ocrx_word' id='word_1_98' title='bbox 653 1207 769 1247; x_wconf 91' lang='lat' dir='ltr'>quae</span> <span class='ocrx_word' id='word_1_99' title='bbox 791 1192 836 1234; x_wconf 92' lang='lat' dir='ltr'>in</span> <span class='ocrx_word' id='word_1_100' title='bbox 859 1190 1180 1234; x_wconf 87' lang='lat' dir='ltr'>iustificatione</span> <span class='ocrx_word' id='word_1_101' title='bbox 1202 1191 1372 1234; x_wconf 87' lang='lat' dir='ltr'>homini</span> <span class='ocrx_word' id='word_1_102' title='bbox 1396 1192 1696 1235; x_wconf 87' lang='lat' dir='ltr'>restituuntur</span> <span class='ocrx_word' id='word_1_103' title='bbox 1719 1194 1789 1237; x_wconf 89' lang='lat' dir='ltr'>vel</span> 
     </span>
     <span class='ocr_line' id='line_1_14' title="bbox 157 1268 1786 1324; baseline 0.001 -13"><span class='ocrx_word' id='word_1_104' title='bbox 157 1269 507 1324; x_wconf 79' lang='lat' dir='ltr'>amplificantur3</span> <span class='ocrx_word' id='word_1_105' title='bbox 542 1269 600 1313; x_wconf 91' lang='lat' dir='ltr'>de</span> <span class='ocrx_word' id='word_1_106' title='bbox 631 1284 686 1314; x_wconf 92' lang='lat' dir='ltr'>eo</span> <span class='ocrx_word' id='word_1_107' title='bbox 716 1269 836 1312; x_wconf 91' lang='lat' dir='ltr'>enim</span> <span class='ocrx_word' id='word_1_108' title='bbox 868 1268 1051 1311; x_wconf 90' lang='lat' dir='ltr'>homine</span> <span class='ocrx_word' id='word_1_109' title='bbox 1082 1268 1278 1324; x_wconf 87' lang='lat' dir='ltr'>agimus,</span> <span class='ocrx_word' id='word_1_110' title='bbox 1314 1269 1391 1323; x_wconf 88' lang='lat' dir='ltr'>qui</span> <span class='ocrx_word' id='word_1_111' title='bbox 1423 1278 1522 1324; x_wconf 90' lang='lat' dir='ltr'>post</span> <span class='ocrx_word' id='word_1_112' title='bbox 1555 1270 1786 1322; x_wconf 87' lang='lat' dir='ltr'>exercitia,</span> 
     </span>
     <span class='ocr_line' id='line_1_15' title="bbox 155 1346 1789 1402; baseline 0.001 -14"><span class='ocrx_word' id='word_1_113' title='bbox 155 1346 351 1400; x_wconf 74' lang='lat' dir='ltr'>quae&#39;ad</span> <span class='ocrx_word' id='word_1_114' title='bbox 383 1346 708 1402; x_wconf 90' lang='lat' dir='ltr'>poenitentiam</span> <span class='ocrx_word' id='word_1_115' title='bbox 741 1354 848 1389; x_wconf 90' lang='lat' dir='ltr'>sunt</span> <span class='ocrx_word' id='word_1_116' title='bbox 881 1346 1237 1398; x_wconf 86' lang='lat' dir='ltr'>accommodata,</span> <span class='ocrx_word' id='word_1_117' title='bbox 1273 1347 1511 1390; x_wconf 89' lang='lat' dir='ltr'>confessus</span> <span class='ocrx_word' id='word_1_118' title='bbox 1539 1354 1608 1389; x_wconf 92' lang='lat' dir='ltr'>est</span> <span class='ocrx_word' id='word_1_119' title='bbox 1640 1347 1789 1390; x_wconf 89' lang='lat' dir='ltr'>omnia</span> 
     </span>
     <span class='ocr_line' id='line_1_16' title="bbox 152 1421 1789 1479; baseline 0.001 -15"><span class='ocrx_word' id='word_1_120' title='bbox 152 1421 355 1465; x_wconf 89' lang='lat' dir='ltr'>omnium</span> <span class='ocrx_word' id='word_1_121' title='bbox 378 1430 631 1479; x_wconf 90' lang='lat' dir='ltr'>temporum</span> <span class='ocrx_word' id='word_1_122' title='bbox 654 1430 859 1479; x_wconf 88' lang='lat' dir='ltr'>peccata,</span> <span class='ocrx_word' id='word_1_123' title='bbox 883 1436 1013 1465; x_wconf 89' lang='lat' dir='ltr'>sacra</span> <span class='ocrx_word' id='word_1_124' title='bbox 1030 1421 1350 1466; x_wconf 89' lang='lat' dir='ltr'>communione</span> <span class='ocrx_word' id='word_1_125' title='bbox 1366 1423 1543 1465; x_wconf 91' lang='lat' dir='ltr'>cibatus</span> <span class='ocrx_word' id='word_1_126' title='bbox 1559 1431 1644 1475; x_wconf 90' lang='lat' dir='ltr'>est,</span> <span class='ocrx_word' id='word_1_127' title='bbox 1666 1431 1789 1466; x_wconf 89' lang='lat' dir='ltr'>totus</span> 
     </span>
     <span class='ocr_line' id='line_1_17' title="bbox 155 1498 1788 1555; baseline 0 -13"><span class='ocrx_word' id='word_1_128' title='bbox 155 1506 226 1542; x_wconf 87' lang='lat' dir='ltr'>est</span> <span class='ocrx_word' id='word_1_129' title='bbox 247 1498 295 1542; x_wconf 91' lang='lat' dir='ltr'>in</span> <span class='ocrx_word' id='word_1_130' title='bbox 323 1499 607 1544; x_wconf 83' lang='lat' dir='ltr'>examinibus</span> <span class='ocrx_word' id='word_1_131' title='bbox 635 1514 745 1544; x_wconf 88' lang='lat' dir='ltr'>suae</span> <span class='ocrx_word' id='word_1_132' title='bbox 773 1498 1083 1543; x_wconf 86' lang='lat' dir='ltr'>conscientiae</span> <span class='ocrx_word' id='word_1_133' title='bbox 1114 1506 1252 1555; x_wconf 87' lang='lat' dir='ltr'>atque</span> <span class='ocrx_word' id='word_1_134' title='bbox 1284 1500 1447 1542; x_wconf 88' lang='lat' dir='ltr'>horum</span> <span class='ocrx_word' id='word_1_135' title='bbox 1481 1508 1788 1543; x_wconf 91' lang='lat' dir='ltr'>sacramento-</span> 
     </span>
     <span class='ocr_line' id='line_1_18' title="bbox 155 1569 1787 1633; baseline 0.001 -15"><span class='ocrx_word' id='word_1_136' title='bbox 155 1590 256 1619; x_wconf 87' lang='lat' dir='ltr'>rum</span> <span class='ocrx_word' id='word_1_137' title='bbox 289 1569 565 1632; x_wconf 84' lang='lat' dir='ltr'>frequentia,</span> <span class='ocrx_word' id='word_1_138' title='bbox 604 1585 725 1620; x_wconf 89' lang='lat' dir='ltr'>totus</span> <span class='ocrx_word' id='word_1_139' title='bbox 761 1584 831 1621; x_wconf 89' lang='lat' dir='ltr'>est</span> <span class='ocrx_word' id='word_1_140' title='bbox 861 1577 905 1619; x_wconf 91' lang='lat' dir='ltr'>in</span> <span class='ocrx_word' id='word_1_141' title='bbox 939 1576 1081 1619; x_wconf 88' lang='lat' dir='ltr'>sacris</span> <span class='ocrx_word' id='word_1_142' title='bbox 1111 1575 1484 1620; x_wconf 90' lang='lat' dir='ltr'>meditationibus</span> <span class='ocrx_word' id='word_1_143' title='bbox 1516 1585 1787 1633; x_wconf 84' lang='lat' dir='ltr'>segregatus</span> 
     </span>
     <span class='ocr_line' id='line_1_19' title="bbox 153 1653 1787 1710; baseline 0 -14"><span class='ocrx_word' id='word_1_144' title='bbox 153 1654 318 1708; x_wconf 87' lang='lat' dir='ltr'>(quoad</span> <span class='ocrx_word' id='word_1_145' title='bbox 339 1653 438 1698; x_wconf 87' lang='lat' dir='ltr'>eius</span> <span class='ocrx_word' id='word_1_146' title='bbox 460 1654 559 1698; x_wconf 92' lang='lat' dir='ltr'>fieri</span> <span class='ocrx_word' id='word_1_147' title='bbox 579 1654 817 1698; x_wconf 91' lang='lat' dir='ltr'>commode</span> <span class='ocrx_word' id='word_1_148' title='bbox 839 1655 1002 1710; x_wconf 85' lang='lat' dir='ltr'>potest&gt;</span> <span class='ocrx_word' id='word_1_149' title='bbox 1025 1655 1082 1696; x_wconf 90' lang='lat' dir='ltr'>ab</span> <span class='ocrx_word' id='word_1_150' title='bbox 1103 1653 1158 1697; x_wconf 89' lang='lat' dir='ltr'>iis</span> <span class='ocrx_word' id='word_1_151' title='bbox 1174 1653 1402 1706; x_wconf 88' lang='lat' dir='ltr'>omnibus,</span> <span class='ocrx_word' id='word_1_152' title='bbox 1424 1668 1540 1709; x_wconf 88' lang='lat' dir='ltr'>quae</span> <span class='ocrx_word' id='word_1_153' title='bbox 1556 1654 1676 1697; x_wconf 88' lang='lat' dir='ltr'>illius</span> <span class='ocrx_word' id='word_1_154' title='bbox 1693 1654 1787 1697; x_wconf 86' lang='lat' dir='ltr'>ani-</span> 
     </span>
     <span class='ocr_line' id='line_1_20' title="bbox 151 1717 1784 1787; baseline 0.001 -15"><span class='ocrx_word' id='word_1_155' title='bbox 151 1744 275 1773; x_wconf 92' lang='lat' dir='ltr'>mum</span> <span class='ocrx_word' id='word_1_156' title='bbox 299 1731 371 1773; x_wconf 90' lang='lat' dir='ltr'>vel</span> <span class='ocrx_word' id='word_1_157' title='bbox 393 1717 617 1782; x_wconf 86' lang='lat' dir='ltr'>auertere,</span> <span class='ocrx_word' id='word_1_158' title='bbox 642 1732 715 1774; x_wconf 92' lang='lat' dir='ltr'>vel</span> <span class='ocrx_word' id='word_1_159' title='bbox 732 1731 1020 1787; x_wconf 87' lang='lat' dir='ltr'>interpellare</span> <span class='ocrx_word' id='word_1_160' title='bbox 1036 1738 1223 1787; x_wconf 88' lang='lat' dir='ltr'>possent</span> <span class='ocrx_word' id='word_1_161' title='bbox 1239 1731 1296 1774; x_wconf 91' lang='lat' dir='ltr'>ab</span> <span class='ocrx_word' id='word_1_162' title='bbox 1314 1730 1615 1787; x_wconf 91' lang='lat' dir='ltr'>spiritualium</span> <span class='ocrx_word' id='word_1_163' title='bbox 1633 1745 1784 1775; x_wconf 90' lang='lat' dir='ltr'>rerum</span> 
     </span>
     <span class='ocr_line' id='line_1_21' title="bbox 150 1807 1784 1864; baseline 0.002 -14"><span class='ocrx_word' id='word_1_164' title='bbox 150 1807 550 1864; x_wconf 88' lang='lat' dir='ltr'>contemplatione,</span> <span class='ocrx_word' id='word_1_165' title='bbox 570 1809 627 1851; x_wconf 92' lang='lat' dir='ltr'>ab</span> <span class='ocrx_word' id='word_1_166' title='bbox 643 1808 849 1851; x_wconf 90' lang='lat' dir='ltr'>oratione</span> <span class='ocrx_word' id='word_1_167' title='bbox 870 1816 917 1851; x_wconf 92' lang='lat' dir='ltr'>et</span> <span class='ocrx_word' id='word_1_168' title='bbox 932 1807 1118 1864; x_wconf 89' lang='lat' dir='ltr'>pietate.</span> <span class='ocrx_word' id='word_1_169' title='bbox 1139 1809 1274 1852; x_wconf 90' lang='lat' dir='ltr'>Adde</span> <span class='ocrx_word' id='word_1_170' title='bbox 1290 1807 1378 1851; x_wconf 86' lang='lat' dir='ltr'>illis</span> <span class='ocrx_word' id='word_1_171' title='bbox 1395 1823 1478 1851; x_wconf 88' lang='lat' dir='ltr'>nos</span> <span class='ocrx_word' id='word_1_172' title='bbox 1498 1809 1674 1853; x_wconf 88' lang='lat' dir='ltr'>tradere</span> <span class='ocrx_word' id='word_1_173' title='bbox 1690 1809 1784 1853; x_wconf 89' lang='lat' dir='ltr'>ele-</span> 
     </span>
     <span class='ocr_line' id='line_1_22' title="bbox 149 1882 1779 1941; baseline 0.001 -15"><span class='ocrx_word' id='word_1_174' title='bbox 149 1882 341 1936; x_wconf 53' lang='lat' dir='ltr'>ctionem</span> <span class='ocrx_word' id='word_1_175' title='bbox 365 1884 442 1939; x_wconf 90' lang='lat' dir='ltr'>qui</span> <span class='ocrx_word' id='word_1_176' title='bbox 465 1885 524 1928; x_wconf 90' lang='lat' dir='ltr'>ad</span> <span class='ocrx_word' id='word_1_177' title='bbox 546 1884 729 1928; x_wconf 88' lang='lat' dir='ltr'>tertium</span> <span class='ocrx_word' id='word_1_178' title='bbox 753 1884 1022 1928; x_wconf 89' lang='lat' dir='ltr'>humilitatis</span> <span class='ocrx_word' id='word_1_179' title='bbox 1044 1885 1238 1941; x_wconf 87' lang='lat' dir='ltr'>gradum</span> <span class='ocrx_word' id='word_1_180' title='bbox 1260 1897 1368 1928; x_wconf 92' lang='lat' dir='ltr'>sunt</span> <span class='ocrx_word' id='word_1_181' title='bbox 1392 1885 1619 1941; x_wconf 89' lang='lat' dir='ltr'>propensi.</span> <span class='ocrx_word' id='word_1_182' title='bbox 1642 1886 1779 1928; x_wconf 91' lang='lat' dir='ltr'>Hunc</span> 
     </span>
     <span class='ocr_line' id='line_1_23' title="bbox 146 1959 1837 2024; baseline 0.001 -22"><span class='ocrx_word' id='word_1_183' title='bbox 146 1959 292 2024; x_wconf 77' lang='lat' dir='ltr'>igitur</span> <span class='ocrx_word' id='word_1_184' title='bbox 302 1961 549 2014; x_wconf 87' lang='lat' dir='ltr'>hominem,</span> <span class='ocrx_word' id='word_1_185' title='bbox 562 1961 600 2004; x_wconf 87' lang='lat' dir='ltr'>si</span> <span class='ocrx_word' id='word_1_186' title='bbox 619 1963 730 2006; x_wconf 88' lang='lat' dir='ltr'>haec</span> <span class='ocrx_word' id='word_1_187' title='bbox 743 1959 1246 2019; x_wconf 89' lang='lat' dir='ltr'>principia[meditatus]</span> <span class='ocrx_word' id='word_1_188' title='bbox 1259 1962 1371 2005; x_wconf 91' lang='lat' dir='ltr'>nihil</span> <span class='ocrx_word' id='word_1_189' title='bbox 1386 1962 1679 2018; x_wconf 84' lang='lat' dir='ltr'>pinguedinis</span> <span class='ocrx_word' id='word_1_190' title='bbox 1696 1964 1788 2018; x_wconf 87' lang='lat' dir='ltr'>spi·</span> <span class='ocrx_word' id='word_1_191' title='bbox 1835 1981 1837 1984; x_wconf 96' lang='lat'>·</span> 
     </span>
     <span class='ocr_line' id='line_1_24' title="bbox 149 2036 1785 2095; baseline 0.002 -16"><span class='ocrx_word' id='word_1_192' title='bbox 149 2036 281 2095; x_wconf 76' lang='lat' dir='ltr'>ritus,</span> <span class='ocrx_word' id='word_1_193' title='bbox 300 2037 411 2080; x_wconf 88' lang='lat' dir='ltr'>nihil</span> <span class='ocrx_word' id='word_1_194' title='bbox 432 2038 674 2082; x_wconf 89' lang='lat' dir='ltr'>suauitatis</span> <span class='ocrx_word' id='word_1_195' title='bbox 696 2038 920 2095; x_wconf 86' lang='lat' dir='ltr'>vnguenti</span> <span class='ocrx_word' id='word_1_196' title='bbox 942 2054 968 2082; x_wconf 91' lang='lat' dir='ltr'>a</span> <span class='ocrx_word' id='word_1_197' title='bbox 989 2041 1090 2084; x_wconf 92' lang='lat' dir='ltr'>Deo</span> <span class='ocrx_word' id='word_1_198' title='bbox 1114 2038 1205 2084; x_wconf 83' lang='lat'>2⁰0</span> <span class='ocrx_word' id='word_1_199' title='bbox 1228 2039 1409 2095; x_wconf 89' lang='lat' dir='ltr'>accipit,</span> <span class='ocrx_word' id='word_1_200' title='bbox 1433 2039 1478 2082; x_wconf 89' lang='lat' dir='ltr'>in</span> <span class='ocrx_word' id='word_1_201' title='bbox 1498 2039 1565 2094; x_wconf 81' lang='lat'>3.⁰</span> <span class='ocrx_word' id='word_1_202' title='bbox 1586 2048 1785 2095; x_wconf 86' lang='lat' dir='ltr'>tempore</span> 
     </span>
     <span class='ocr_line' id='line_1_25' title="bbox 145 2113 1787 2172; baseline 0.001 -15"><span class='ocrx_word' id='word_1_203' title='bbox 145 2113 482 2167; x_wconf 83' lang='lat' dir='ltr'>constituimus,</span> <span class='ocrx_word' id='word_1_204' title='bbox 502 2130 594 2171; x_wconf 93' lang='lat' dir='ltr'>quo</span> <span class='ocrx_word' id='word_1_205' title='bbox 612 2123 815 2172; x_wconf 87' lang='lat' dir='ltr'>tempore</span> <span class='ocrx_word' id='word_1_206' title='bbox 832 2115 1063 2159; x_wconf 89' lang='lat' dir='ltr'>communi</span> <span class='ocrx_word' id='word_1_207' title='bbox 1081 2116 1275 2171; x_wconf 90' lang='lat' dir='ltr'>quadam</span> <span class='ocrx_word' id='word_1_208' title='bbox 1293 2116 1441 2172; x_wconf 86' lang='lat' dir='ltr'>gratia</span> <span class='ocrx_word' id='word_1_209' title='bbox 1458 2115 1635 2168; x_wconf 90' lang='lat' dir='ltr'>imbuti,</span> <span class='ocrx_word' id='word_1_210' title='bbox 1657 2132 1787 2161; x_wconf 87' lang='lat' dir='ltr'>exer-</span> 
     </span>
     <span class='ocr_line' id='line_1_26' title="bbox 145 2191 1784 2249; baseline 0 -15"><span class='ocrx_word' id='word_1_211' title='bbox 145 2198 303 2235; x_wconf 85' lang='lat' dir='ltr'>centes</span> <span class='ocrx_word' id='word_1_212' title='bbox 323 2192 554 2236; x_wconf 89' lang='lat' dir='ltr'>naturales</span> <span class='ocrx_word' id='word_1_213' title='bbox 575 2207 683 2235; x_wconf 90' lang='lat' dir='ltr'>suas</span> <span class='ocrx_word' id='word_1_214' title='bbox 704 2192 931 2248; x_wconf 84' lang='lat' dir='ltr'>potentias</span> <span class='ocrx_word' id='word_1_215' title='bbox 955 2206 1034 2249; x_wconf 91' lang='lat' dir='ltr'>per</span> <span class='ocrx_word' id='word_1_216' title='bbox 1055 2191 1296 2244; x_wconf 87' lang='lat' dir='ltr'>rationem,</span> <span class='ocrx_word' id='word_1_217' title='bbox 1328 2192 1602 2246; x_wconf 88' lang='lat' dir='ltr'>discursum,</span> <span class='ocrx_word' id='word_1_218' title='bbox 1629 2193 1759 2236; x_wconf 90' lang='lat' dir='ltr'>consi</span> <span class='ocrx_word' id='word_1_219' title='bbox 1773 2218 1784 2223; x_wconf 94' lang='lat'>-</span> 
     </span>
     <span class='ocr_line' id='line_1_27' title="bbox 144 2267 1780 2325; baseline 0.001 -15"><span class='ocrx_word' id='word_1_220' title='bbox 144 2267 273 2320; x_wconf 86' lang='lat' dir='ltr'>lium,</span> <span class='ocrx_word' id='word_1_221' title='bbox 298 2268 603 2324; x_wconf 87' lang='lat' dir='ltr'>prudentiam,</span> <span class='ocrx_word' id='word_1_222' title='bbox 634 2269 807 2325; x_wconf 89' lang='lat' dir='ltr'>reliqua</span> <span class='ocrx_word' id='word_1_223' title='bbox 835 2269 1003 2321; x_wconf 87' lang='lat' dir='ltr'>omnia,</span> <span class='ocrx_word' id='word_1_224' title='bbox 1029 2283 1147 2325; x_wconf 87' lang='lat' dir='ltr'>quae</span> <span class='ocrx_word' id='word_1_225' title='bbox 1177 2270 1459 2312; x_wconf 90' lang='lat' dir='ltr'>naturalibus</span> <span class='ocrx_word' id='word_1_226' title='bbox 1488 2280 1594 2312; x_wconf 90' lang='lat' dir='ltr'>sunt</span> <span class='ocrx_word' id='word_1_227' title='bbox 1616 2269 1780 2313; x_wconf 90' lang='lat' dir='ltr'>nostris</span> 
     </span>
     <span class='ocr_line' id='line_1_28' title="bbox 145 2345 1770 2403; baseline 0 -15"><span class='ocrx_word' id='word_1_228' title='bbox 145 2345 363 2401; x_wconf 78' lang='lat' dir='ltr'>potentiis</span> <span class='ocrx_word' id='word_1_229' title='bbox 392 2346 590 2398; x_wconf 89' lang='lat' dir='ltr'>subdita,</span> <span class='ocrx_word' id='word_1_230' title='bbox 616 2361 696 2402; x_wconf 93' lang='lat' dir='ltr'>per</span> <span class='ocrx_word' id='word_1_231' title='bbox 724 2346 845 2389; x_wconf 89' lang='lat' dir='ltr'>illam</span> <span class='ocrx_word' id='word_1_232' title='bbox 868 2345 1062 2403; x_wconf 83' lang='lat' dir='ltr'>gratiam</span> <span class='ocrx_word' id='word_1_233' title='bbox 1085 2346 1310 2403; x_wconf 87' lang='lat' dir='ltr'>colligunt</span> <span class='ocrx_word' id='word_1_234' title='bbox 1332 2361 1459 2389; x_wconf 90' lang='lat' dir='ltr'>suam</span> <span class='ocrx_word' id='word_1_235' title='bbox 1482 2346 1746 2390; x_wconf 89' lang='lat' dir='ltr'>electionem</span> <span class='ocrx_word' id='word_1_236' title='bbox 1761 2381 1770 2388; x_wconf 93' lang='lat'><strong>.</strong></span> 
     </span>
     <span class='ocr_line' id='line_1_29' title="bbox 176 2421 1781 2479; baseline 0.001 -14"><span class='ocrx_word' id='word_1_237' title='bbox 176 2443 179 2445; x_wconf 41' lang='grc'><strong>“</strong></span> <span class='ocrx_word' id='word_1_238' title='bbox 231 2421 361 2467; x_wconf 85' lang='lat' dir='ltr'>Haec</span> <span class='ocrx_word' id='word_1_239' title='bbox 382 2436 522 2478; x_wconf 90' lang='lat' dir='ltr'>quum</span> <span class='ocrx_word' id='word_1_240' title='bbox 545 2422 609 2467; x_wconf 89' lang='lat' dir='ltr'>ita</span> <span class='ocrx_word' id='word_1_241' title='bbox 629 2423 736 2476; x_wconf 90' lang='lat' dir='ltr'>sint,</span> <span class='ocrx_word' id='word_1_242' title='bbox 756 2424 859 2479; x_wconf 89' lang='lat' dir='ltr'>quis</span> <span class='ocrx_word' id='word_1_243' title='bbox 880 2438 970 2466; x_wconf 93' lang='lat' dir='ltr'>non</span> <span class='ocrx_word' id='word_1_244' title='bbox 994 2423 1144 2467; x_wconf 90' lang='lat' dir='ltr'>videat</span> <span class='ocrx_word' id='word_1_245' title='bbox 1167 2423 1279 2466; x_wconf 89' lang='lat' dir='ltr'>nihil</span> <span class='ocrx_word' id='word_1_246' title='bbox 1302 2437 1400 2467; x_wconf 90' lang='lat' dir='ltr'>esse</span> <span class='ocrx_word' id='word_1_247' title='bbox 1422 2423 1651 2467; x_wconf 90' lang='lat' dir='ltr'>derelictis</span> <span class='ocrx_word' id='word_1_248' title='bbox 1670 2424 1781 2466; x_wconf 89' lang='lat' dir='ltr'>tole-</span> 
     </span>
     <span class='ocr_line' id='line_1_30' title="bbox 98 2497 1778 2556; baseline 0.001 -14"><span class='ocrx_word' id='word_1_249' title='bbox 98 2503 103 2505; x_wconf 68' lang='grc'><strong><em>’</em></strong></span> <span class='ocrx_word' id='word_1_250' title='bbox 141 2497 275 2550; x_wconf 78' lang='lat' dir='ltr'>tanis,</span> <span class='ocrx_word' id='word_1_251' title='bbox 297 2513 433 2554; x_wconf 89' lang='lat' dir='ltr'>quam</span> <span class='ocrx_word' id='word_1_252' title='bbox 466 2507 620 2543; x_wconf 84' lang='lat' dir='ltr'>nostra</span> <span class='ocrx_word' id='word_1_253' title='bbox 650 2500 885 2553; x_wconf 84' lang='lat' dir='ltr'>exercitia,</span> <span class='ocrx_word' id='word_1_254' title='bbox 921 2515 1057 2556; x_wconf 89' lang='lat' dir='ltr'>quam</span> <span class='ocrx_word' id='word_1_255' title='bbox 1090 2502 1171 2544; x_wconf 90' lang='lat' dir='ltr'>has</span> <span class='ocrx_word' id='word_1_256' title='bbox 1204 2501 1323 2556; x_wconf 88' lang='lat' dir='ltr'>ipsas</span> <span class='ocrx_word' id='word_1_257' title='bbox 1356 2500 1600 2543; x_wconf 85' lang='lat' dir='ltr'>electiones</span> <span class='ocrx_word' id='word_1_258' title='bbox 1631 2500 1778 2555; x_wconf 83' lang='lat' dir='ltr'>magis</span> 
     </span>
     <span class='ocr_line' id='line_1_31' title="bbox 140 2575 1777 2633; baseline 0.001 -15"><span class='ocrx_word' id='word_1_259' title='bbox 140 2575 449 2623; x_wconf 51' lang='lat' dir='ltr'>contrarium}</span> <span class='ocrx_word' id='word_1_260' title='bbox 466 2577 523 2620; x_wconf 90' lang='lat' dir='ltr'>Et</span> <span class='ocrx_word' id='word_1_261' title='bbox 551 2583 703 2622; x_wconf 90' lang='lat' dir='ltr'>tamen</span> <span class='ocrx_word' id='word_1_262' title='bbox 732 2591 873 2633; x_wconf 92' lang='lat' dir='ltr'>quum</span> <span class='ocrx_word' id='word_1_263' title='bbox 903 2579 1018 2622; x_wconf 87' lang='lat' dir='ltr'>haec</span> <span class='ocrx_word' id='word_1_264' title='bbox 1048 2577 1095 2619; x_wconf 93' lang='lat' dir='ltr'>in</span> <span class='ocrx_word' id='word_1_265' title='bbox 1125 2578 1227 2621; x_wconf 89' lang='lat' dir='ltr'>luce</span> <span class='ocrx_word' id='word_1_266' title='bbox 1256 2585 1493 2620; x_wconf 84' lang='lat' dir='ltr'>versentur</span> <span class='ocrx_word' id='word_1_267' title='bbox 1518 2576 1777 2628; x_wconf 88' lang='lat' dir='ltr'>meridiana,</span> 
     </span>
     <span class='ocr_line' id='line_1_32' title="bbox 139 2653 1778 2710; baseline 0 -15"><span class='ocrx_word' id='word_1_268' title='bbox 139 2660 231 2696; x_wconf 84' lang='lat' dir='ltr'>tam</span> <span class='ocrx_word' id='word_1_269' title='bbox 244 2653 517 2708; x_wconf 63' lang='lat' dir='ltr'>⁴frequenter</span> <span class='ocrx_word' id='word_1_270' title='bbox 538 2653 612 2697; x_wconf 90' lang='lat' dir='ltr'>hic</span> <span class='ocrx_word' id='word_1_271' title='bbox 630 2663 784 2698; x_wconf 90' lang='lat' dir='ltr'>noster</span> <span class='ocrx_word' id='word_1_272' title='bbox 805 2668 967 2697; x_wconf 91' lang='lat' dir='ltr'>censor</span> <span class='ocrx_word' id='word_1_273' title='bbox 985 2654 1195 2710; x_wconf 85' lang='lat' dir='ltr'>impingit</span> <span class='ocrx_word' id='word_1_274' title='bbox 1212 2654 1257 2697; x_wconf 92' lang='lat' dir='ltr'>in</span> <span class='ocrx_word' id='word_1_275' title='bbox 1276 2655 1491 2696; x_wconf 89' lang='lat' dir='ltr'>obscuras</span> <span class='ocrx_word' id='word_1_276' title='bbox 1509 2668 1615 2696; x_wconf 90' lang='lat' dir='ltr'>suas</span> <span class='ocrx_word' id='word_1_277' title='bbox 1632 2654 1778 2708; x_wconf 85' lang='lat' dir='ltr'>suspi-</span> 
     </span>
     <span class='ocr_line' id='line_1_33' title="bbox 29 2727 1776 2795; baseline 0 -23"><span class='ocrx_word' id='word_1_278' title='bbox 29 2788 38 2795; x_wconf 86' lang='lat'>.</span> <span class='ocrx_word' id='word_1_279' title='bbox 136 2727 312 2773; x_wconf 86' lang='lat' dir='ltr'>ciones.</span> <span class='ocrx_word' id='word_1_280' title='bbox 342 2729 350 2787; x_wconf 86' lang='grc' dir='ltr'>Ι</span> <span class='ocrx_word' id='word_1_281' title='bbox 376 2730 567 2775; x_wconf 88' lang='lat' dir='ltr'>Desinet</span> <span class='ocrx_word' id='word_1_282' title='bbox 583 2745 716 2788; x_wconf 89' lang='lat' dir='ltr'>spero</span> <span class='ocrx_word' id='word_1_283' title='bbox 734 2731 916 2776; x_wconf 91' lang='lat' dir='ltr'>tandem</span> <span class='ocrx_word' id='word_1_284' title='bbox 934 2731 1191 2786; x_wconf 90' lang='lat' dir='ltr'>aliquando,</span> <span class='ocrx_word' id='word_1_285' title='bbox 1213 2730 1289 2772; x_wconf 91' lang='lat' dir='ltr'>vbi</span> <span class='ocrx_word' id='word_1_286' title='bbox 1308 2732 1420 2773; x_wconf 88' lang='lat' dir='ltr'>haec</span> <span class='ocrx_word' id='word_1_287' title='bbox 1440 2729 1776 2773; x_wconf 88' lang='lat' dir='ltr'>animaduerte-</span> 
     </span>
     <span class='ocr_line' id='line_1_34' title="bbox 36 2803 1775 2866; baseline 0.002 -18.978"><span class='ocrx_word' id='word_1_288' title='bbox 36 2835 41 2837; x_wconf 83' lang='lat'><em>-</em></span> <span class='ocrx_word' id='word_1_289' title='bbox 103 2863 106 2866; x_wconf 9' lang='grc' dir='ltr'>ψ</span> <span class='ocrx_word' id='word_1_290' title='bbox 138 2803 213 2858; x_wconf 87' lang='lat' dir='ltr'>rit;</span> <span class='ocrx_word' id='word_1_291' title='bbox 235 2820 384 2862; x_wconf 90' lang='lat' dir='ltr'>neque</span> <span class='ocrx_word' id='word_1_292' title='bbox 404 2807 615 2863; x_wconf 88' lang='lat' dir='ltr'>equidem</span> <span class='ocrx_word' id='word_1_293' title='bbox 638 2805 774 2851; x_wconf 86' lang='lat' dir='ltr'>miror</span> <span class='ocrx_word' id='word_1_294' title='bbox 796 2808 834 2851; x_wconf 92' lang='lat' dir='ltr'>si</span> <span class='ocrx_word' id='word_1_295' title='bbox 856 2808 925 2850; x_wconf 89' lang='lat' dir='ltr'>vir</span> <span class='ocrx_word' id='word_1_296' title='bbox 947 2809 1093 2850; x_wconf 89' lang='lat' dir='ltr'>bonae</span> <span class='ocrx_word' id='word_1_297' title='bbox 1116 2806 1295 2858; x_wconf 89' lang='lat' dir='ltr'>mentis,</span> <span class='ocrx_word' id='word_1_298' title='bbox 1317 2808 1462 2849; x_wconf 85' lang='lat' dir='ltr'>bonae</span> <span class='ocrx_word' id='word_1_299' title='bbox 1484 2805 1616 2849; x_wconf 90' lang='lat' dir='ltr'>etiam</span> <span class='ocrx_word' id='word_1_300' title='bbox 1643 2808 1775 2850; x_wconf 89' lang='lat' dir='ltr'>theo·</span> 
     </span>
     <span class='ocr_line' id='line_1_35' title="bbox 135 2879 1777 2942; baseline 0 -18"><span class='ocrx_word' id='word_1_301' title='bbox 135 2879 301 2938; x_wconf 81' lang='lat' dir='ltr'>legiae,</span> <span class='ocrx_word' id='word_1_302' title='bbox 326 2897 444 2938; x_wconf 88' lang='lat' dir='ltr'>quae</span> <span class='ocrx_word' id='word_1_303' title='bbox 465 2883 611 2927; x_wconf 90' lang='lat' dir='ltr'>obiter</span> <span class='ocrx_word' id='word_1_304' title='bbox 631 2883 760 2940; x_wconf 88' lang='lat' dir='ltr'>legit,</span> <span class='ocrx_word' id='word_1_305' title='bbox 787 2883 935 2942; x_wconf 88' lang='lat' dir='ltr'>obiter</span> <span class='ocrx_word' id='word_1_306' title='bbox 957 2893 1193 2939; x_wconf 86' lang='lat' dir='ltr'>oppugnet</span> <span class='ocrx_word' id='word_1_307' title='bbox 1216 2897 1294 2939; x_wconf 90' lang='lat' dir='ltr'>per</span> <span class='ocrx_word' id='word_1_308' title='bbox 1317 2883 1479 2933; x_wconf 83' lang='lat' dir='ltr'>zelum,</span> <span class='ocrx_word' id='word_1_309' title='bbox 1514 2882 1645 2924; x_wconf 91' lang='lat' dir='ltr'>cuius</span> <span class='ocrx_word' id='word_1_310' title='bbox 1672 2882 1777 2937; x_wconf 88' lang='lat' dir='ltr'>qui-</span> 
     </span>
     <span class='ocr_line' id='line_1_36' title="bbox 140 2957 1389 3016; baseline 0 -15"><span class='ocrx_word' id='word_1_311' title='bbox 140 2957 244 3002; x_wconf 89' lang='lat' dir='ltr'>dem</span> <span class='ocrx_word' id='word_1_312' title='bbox 265 2959 456 3016; x_wconf 88' lang='lat' dir='ltr'>gloriam</span> <span class='ocrx_word' id='word_1_313' title='bbox 477 2961 656 3004; x_wconf 89' lang='lat' dir='ltr'>auferre</span> <span class='ocrx_word' id='word_1_314' title='bbox 680 2960 866 3004; x_wconf 88' lang='lat' dir='ltr'>forsitan</span> <span class='ocrx_word' id='word_1_315' title='bbox 889 2959 1054 3016; x_wconf 89' lang='lat' dir='ltr'>poterit</span> <span class='ocrx_word' id='word_1_316' title='bbox 1077 2959 1188 3002; x_wconf 90' lang='lat' dir='ltr'>nihil</span> <span class='ocrx_word' id='word_1_317' title='bbox 1211 2959 1333 3002; x_wconf 89' lang='lat' dir='ltr'>aliud</span> <span class='ocrx_word' id='word_1_318' title='bbox 1358 2958 1389 3000; x_wconf 71' lang='lat' dir='ltr'>b.</span> 
     </span>
    </p>
   </div>
   <div class='ocr_carea' id='block_1_3' title="bbox 23 2944 50 2981">
    <p class='ocr_par' dir='ltr' id='par_1_3' title="bbox 23 2944 50 2981">
     <span class='ocr_line' id='line_1_37' title="bbox 23 2944 50 2981; baseline 0 0"><span class='ocrx_word' id='word_1_319' title='bbox 23 2944 50 2981; x_wconf 68' lang='lat' dir='ltr'>*ji</span> 
     </span>
    </p>
   </div>
   <div class='ocr_carea' id='block_1_4' title="bbox 207 3050 856 3099">
    <p class='ocr_par' dir='ltr' id='par_1_4' title="bbox 207 3050 856 3099">
     <span class='ocr_line' id='line_1_38' title="bbox 207 3050 856 3099; baseline 0.005 -10"><span class='ocrx_word' id='word_1_320' title='bbox 207 3061 227 3079; x_wconf 55' lang='grc' dir='ltr'>Β</span> <span class='ocrx_word' id='word_1_321' title='bbox 273 3050 498 3099; x_wconf 75' lang='lat' dir='ltr'>Obscurum</span> <span class='ocrx_word' id='word_1_322' title='bbox 517 3055 627 3092; x_wconf 79' lang='lat' dir='ltr'>verb.</span> <span class='ocrx_word' id='word_1_323' title='bbox 686 3055 752 3082; x_wconf 71' lang='lat' dir='ltr'>-b</span> <span class='ocrx_word' id='word_1_324' title='bbox 777 3053 856 3092; x_wconf 88' lang='lat' dir='ltr'>Sic.</span> 
     </span>
    </p>
   </div>
   <div class='ocr_carea' id='block_1_5' title="bbox 0 0 94 3470">
    <p class='ocr_par' dir='ltr' id='par_1_5' title="bbox 0 0 94 3470">
     <span class='ocr_line' id='line_1_39' title="bbox 0 0 94 3470; baseline 0 0"><span class='ocrx_word' id='word_1_325' title='bbox 0 0 94 3470; x_wconf 95' lang='lat' dir='ltr'> </span> 
     </span>
    </p>
   </div>
  </div>
 </body>
</html>
