2098 3470
838 190 1280 228 Iusrnucrionsss-or
1758 197 1829 234 505

226 290 434 345 -stiendo,
465 277 580 336 ratio
608 293 765 338 haberi
794 291 935 350 possit
970 305 998 334 a
1030 290 1316 349 prouinciali,
1346 290 1556 347 quisnam
1595 298 1748 355 vestes
1776 290 1877 334 illas

235 376 357 414 esset
378 370 629 414 soluturus.
945 423 948 425 ,

325 447 572 503 Nunquam
594 446 774 492 omittet
796 453 945 491 rector
970 445 1127 490 vtilem
1155 444 1500 490 instructionem
1529 445 1652 498 dare,
1679 460 1760 502 pro
1797 444 1873 488 iti-

236 537 360 576 nere,
385 523 466 577 illi,
492 538 627 579 quern
650 524 805 567 mittit.

323 600 491 645 Nullus
511 615 569 644 ex
590 615 679 645 vna
700 600 935 658 prouincia
963 600 1011 643 in
1038 599 1172 643 aliam
1199 599 1422 651 mittatur,
1448 599 1620 654 absque
1658 599 1874 643 facultate

234 677 308 720 vel
328 676 557 734 generalis
578 677 839 734 praepositi,
864 677 937 722 vel
959 675 1271 728 commissarii,
1298 676 1371 718 vel
1392 689 1621 720 consensu
1650 675 1749 719 eius
1770 691 1872 732 pro-

235 753 457 806 uincialis,
478 756 536 798 ad
556 755 688 798 cuius
708 754 990 812 prouinciam
1012 753 1225 797 mittitur.

324 832 467 876 Curet
488 831 733 888 diligenter
760 831 1034 888 intelligere,
1059 831 1212 886 quoad
1242 829 1343 875 eius
1370 830 1470 875 fieri
1506 829 1689 886 poterit,
1716 837 1762 874 et
1794 830 1870 886 qui

174 918 190 941 1
232 907 387 962 mittit,
413 916 459 953 et
479 910 538 952 ad
558 923 695 965 quem
718 909 914 952 mittitur
934 916 1106 962 noster,
1131 908 1515 963 quemadmodum
1538 922 1587 951 se
1609 907 1804 963 gesserit
1825 907 1871 950 in

231 984 411 1030 itinere:
437 993 484 1030 et
504 985 872 1041 quandoquidem
902 985 1037 1030 facile
1062 985 1111 1028 id
1130 989 1212 1033 395
1239 984 1345 1028 sciri
1378 999 1471 1028 non
1497 984 1686 1040 poterit,
1711 985 1870 1028 saltem

231 1061 345 1106 illud
366 1064 652 1116 obseruetur‚
677 1063 800 1118 quod
821 1063 928 1106 alibi
949 1063 1122 1107 dictum
1144 1070 1230 1114 est,
1255 1061 1447 1119 primam
1470 1061 1596 1105 missi
1617 1060 1870 1106 confessio-

232 1154 338 1184 nem
359 1147 409 1183 vt
430 1141 635 1197 superior
656 1142 714 1184 ad
735 1155 871 1196 quem
894 1140 1087 1183 mittitur
1107 1139 1263 1205 audiat
1291 1141 1319 1191 ¹,
1357 1147 1421 1192 vt,
1453 1139 1491 1183 si
1520 1140 1643 1195 quod
1681 1138 1871 1195 grauius

215 1206 297 1259 ‘illi
318 1217 558 1262 accidisset
579 1219 863 1271 scandalum,
888 1224 996 1268 etc.‚
1021 1225 1152 1278 curet
1173 1217 1400 1270 resarciri,
1425 1218 1554 1261 salua
1577 1224 1728 1260 tamen
1749 1216 1870 1260 inte-

231 1294 400 1351 gritate
415 1294 569 1352 sigilli.

292 1428 356 1458 DE
377 1428 698 1459 DIMITTENDIS
721 1429 751 1459 A
775 1426 1061 1468 SOCIETATE,
1088 1430 1148 1460 ET
1177 1429 1265 1468 11s,
1290 1430 1374 1468 QUI
1406 1429 1585 1460 INIUSSI
1616 1429 1811 1460 ABEUNT

319 1526 431 1583 Qui,
455 1527 630 1584 egressi
652 1542 678 1571 e
700 1528 928 1572 Societate
950 1529 1125 1584 absque
1146 1530 1380 1582 facultate,
1406 1530 1617 1583 redeunt,
1642 1528 1870 1573 ordinarie

230 1603 419 1660 primam
441 1603 754 1660 probationem
777 1613 935 1662 agant:
961 1605 1251 1662 poenitentiis
1271 1606 1554 1651 satisfaciant
1570 1607 1802 1658 scandalo,
1823 1613 1868 1649 et

228 1680 385 1725 denuo
406 1695 564 1724 omnes
589 1681 882 1737 probationes
903 1683 1088 1735 obeant,
1119 1697 1172 1726 ac
1199 1682 1237 1726 si
1261 1692 1371 1726 tunc
1400 1683 1593 1740 primum
1623 1685 1680 1727 ad
1708 1684 1869 1729 Socie-
1931 1731 1937 1735 ,

230 1763 368 1802 tatem
399 1757 626 1810 uenirent,
661 1766 799 1814 atque
826 1759 940 1804 adeo
967 1759 1221 1804 seueriores
1248 1761 1306 1803 ad
1335 1760 1574 1804 arbitrium
1602 1761 1863 1818 superioris.

230 1834 406 1878 Poterit
428 1842 581 1879 tamen
603 1835 650 1878 in
672 1836 744 1879 his
766 1836 973 1880 adhiberi
993 1836 1272 1894 dispensatio
1292 1852 1350 1882 ex
1371 1852 1526 1882 causa.

316 1911 419 1964 His,
445 1912 524 1967 qui
545 1912 769 1969 legittime
791 1913 1105 1968 dimittuntur,
1128 1915 1264 1958 detur
1285 1915 1423 1959 huius
1446 1915 1511 1960 rei
1535 1916 1862 1968 testimonium,

226 1989 351 2044 quod
371 1988 433 2032 ita
455 1996 796 2046 attemperetur,
824 1997 871 2033 vt
892 1998 939 2034 et
961 1992 1018 2034 ad
1040 1991 1284 2036 Societatis
1305 1998 1388 2040 396
1410 1993 1771 2038 aedificationem
1796 1994 1867 2037 fa-

225 2077 332 2109 cere
353 2065 513 2122 possit,
537 2073 583 2110 et
604 2066 704 2110 illos
728 2082 786 2112 ne
808 2068 1035 2114 traducat.

315 2143 418 2198 Ipso
441 2143 578 2196 facto,
603 2157 695 2199 quo
715 2144 922 2200 superior
943 2144 1141 2201 aliquem
1163 2146 1285 2191 eiicit
1312 2146 1535 2203 legittime
1563 2162 1589 2191 e
1616 2148 1862 2202 Societate‚

227 2217 304 2263 ille
333 2226 537 2263 remanet
565 2219 679 2264 liber
700 2235 727 2264 a
756 2221 891 2274 votis,
916 2221 955 2264 si
976 2223 1211 2278 professus
1233 2238 1325 2267 non
1347 2224 1422 2277 sit,
1447 2239 1596 2280 neque
1618 2225 1864 2282 ambiguus

223 2309 327 2340 esse
353 2296 506 2349 debet,
540 2297 669 2352 quasi
702 2297 798 2354 ipse
829 2298 1005 2344 dederit
1036 2313 1220 2344 causam
1251 2315 1363 2346 suae
1390 2301 1684 2346 dimissionis.
1725 2304 1859 2355 Nam,

224 2371 362 2416 etiam
384 2372 422 2416 si
443 2373 635 2426 dederit,
662 2381 814 2419 tamen
836 2383 961 2420 tenet
984 2377 1171 2429 factum,
1197 2377 1282 2421 nisi
1312 2380 1495 2435 quando
1523 2379 1686 2434 aliquis
1708 2379 1765 2423 de
1787 2379 1859 2421 in-

222 2449 398 2492 dustria
428 2449 600 2506 aliquid
627 2456 802 2507 ageret,
833 2459 882 2495 vt
909 2454 1213 2509 expelleretur
1240 2468 1296 2498 ex
1318 2455 1563 2508 Societate‚
1596 2471 1686 2498 non
1717 2469 1862 2498 rema-

222 2533 302 2569 net
323 2525 438 2571 liber
459 2542 486 2570 a
513 2527 648 2573 votis.
673 2528 842 2572 Verum
867 2529 905 2572 si
926 2537 1085 2586 postea
1105 2532 1327 2588 superior,
1361 2533 1496 2576 rebus
1525 2532 1735 2575 omnibus
1758 2547 1862 2587 per-

220 2603 408 2660 spectis,
433 2604 603 2648 malitia
624 2604 761 2650 etiam
779 2605 879 2650 eius'
894 2614 1148 2663 praesente,
1168 2623 1273 2652 eum
1297 2617 1449 2653 tamen
1467 2610 1727 2665 expelleret,
1747 2608 1861 2653 liber

223 2688 495 2725 remaneret.

311 2758 449 2812 Quod
465 2766 640 2814 spectat
656 2759 713 2802 ad
731 2759 992 2804 facilitatem
1010 2768 1090 2804 aut
1105 2761 1418 2806 difficultatem
1437 2762 1709 2814 dimittendi,
1730 2777 1859 2818 prae-

219 2833 375 2895 sertim
397 2834 613 2887 nouitios,
639 2850 731 2879 non
751 2844 903 2893 potest
924 2837 1022 2881 dari
1049 2838 1201 2895 aliqua
1222 2841 1384 2897 regula
1414 2839 1585 2890 melior,
1620 2853 1754 2894 quam
1785 2855 1856 2891 ea,

294 3004 305 3024 ¹
355 3002 458 3040 Vide
475 3003 580 3040 dicta
598 3005 636 3042 in
655 3017 747 3053 pag.
766 3014 851 3052 402,
869 3013 1006 3043 annot.
1036 3015 1068 3042 1.
