2098 3470
292 275 363 313 388
765 277 920 313 PA'rms
946 277 1189 313 HmRONYm
1215 276 1366 313 NADAL

247 377 388 421 minet
405 377 577 422 zizania
594 377 667 423 vel
683 378 739 423 56
756 378 1024 421 contrariam
1042 377 1250 421 instituto
1260 385 1418 421 nostro
1435 377 1701 422 doctrinam.
1723 378 1881 422 lniun*

247 462 381 511 gatur
402 455 542 511 igitur
563 455 642 507 illi,
668 455 706 498 si
733 463 935 511 apertum
966 454 1214 510 periculum
1238 454 1465 507 timeatur,
1496 454 1543 497 in
1572 454 1739 498 virtute
1770 470 1875 498 san-

248 539 348 575 ctae
373 532 648 584 obedientie,
674 531 721 575 id
742 539 826 584 est,
852 533 937 575 sub
959 546 1105 587 poena
1126 531 1301 587 peccati
1323 531 1539 583 mortalis,
1559 547 1617 575 ne
1633 531 1710 574 vui
1730 531 1876 574 homi-—

247 623 372 661 num,
399 608 631 665 superiore
659 618 704 652 et
732 608 1011 651 confessario
1043 603 1259 664 exceptis,
1291 622 1344 651 ea
1373 609 1431 650 de
1458 623 1507 653 re
1530 609 1756 663 loquatur:
1787 610 1880 652 hoc·

247 685 325 741 qui
348 686 519 728 nollent
542 686 800 738 obseruare,
828 686 1053 742 pellantur
1075 699 1101 728 e
1122 685 1272 737 domo,
1299 693 1434 741 atque
1451 686 1507 728 ad
1525 685 1784 742 generalem
1802 685 1874 728 vel

246 763 292 804 in
309 762 721 819 peregrinationem
743 770 760 787 ³
782 762 1034 807 mittantur.
1056 762 1238 805 Nemini
1256 776 1363 806 vero
1382 761 1587 805 videatur
1611 761 1790 815 mirum,
1816 762 1876 814 si,

247 839 294 882 in
316 838 546 895 praedicta
569 853 719 882 rerum
748 838 1015 890 dificultate,
1046 837 1256 882 iubeatur
1284 838 1330 880 in
1358 838 1526 882 virtute
1554 846 1737 883 sanctae
1765 840 1876 882 obe*

247 916 458 960 dientiae:
485 931 588 959 nam
612 915 744 960 facile
766 915 916 971 quiuis
938 915 1155 959 iudicabit
1186 915 1445 958 huiusmodi
1467 915 1719 959 doctrinam
1742 915 1881 959 semi·

248 992 346 1035 nari
366 1007 458 1035 non
481 1006 612 1048 posse
634 992 747 1036 citra
774 993 960 1035 mortale
983 999 1237 1048 peccatum,
1270 999 1316 1034 et
1344 992 1614 1049 grauissime
1644 993 1789 1037 lesum
1822 992 1878 1035 iri

249 1068 671 1126 congregationem,
697 1069 783 1112 nisi
805 1069 915 1111 illud
939 1068 1268 1113 districtissime
1290 1069 1601 1113 interdicatur.

340 1145 667 1200 Prouinciales,
698 1159 802 1189 cum
832 1146 895 1189 eis
924 1145 1166 1198 videbitur,
1192 1153 1407 1202 poterunt
1434 1146 1734 1202 poenitentias
1770 1147 1883 1190 dare—

249 1222 519 1275 rectoribus,
552 1229 750 1268 rectores
781 1223 1012 1275 ministris,
1038 1223 1172 1267 etiam
1200 1223 1245 1266 in
1284 1223 1538 1276 refectorio;
1569 1224 1650 1267 sed
1680 1224 1760 1267 fiat
1789 1225 1878 1266 hoc

250 1315 356 1344 cum
395 1299 708 1344 aedificatione
744 1307 788 1345 et
827 1302 977 1343 fructu
1016 1308 1061 1342 et
1099 1299 1484 1354 consideratione,
1524 1308 1573 1343 vt
1609 1301 1730 1357 apud
1766 1299 1884 1344 alios.

250 1392 407 1422 eorum
431 1375 700 1429 authoritas,
725 1378 873 1432 quoad
897 1375 1076 1433 poterit,
1103 1385 1415 1421 conseruetur.

341 1454 540 1510 Quando
563 1453 850 1510 contingeret
872 1453 918 1495 in
947 1443 1104 1509 aliquo*
1126 1453 1323 1510 collegio
1360 1453 1415 1497 57
1448 1453 1708 1510 prouinciae
1739 1468 1877 1510 supe-

252 1531 416 1575 riorem
441 1537 694 1586 aegrotare,
719 1530 782 1573 ita
802 1542 850 1573 vt
868 1545 960 1573 non
979 1531 1121 1587 possit
1138 1530 1399 1574 satisfacere
1416 1530 1564 1574 officio
1582 1530 1878 1587 gubernatio·

252 1608 339 1660 nis,
364 1608 437 1651 vel
460 1606 547 1650 alia
568 1607 815 1651 necessitas
839 1607 1076 1651 obueniret
1105 1607 1315 1663 collegio,
1342 1622 1458 1662 quae
1487 1607 1718 1651 videretur
1740 1622 1880 1664 egere

251 1684 482 1741 presentia
502 1683 806 1739 prouincialis3
833 1683 929 1727 aliis
952 1683 1136 1736 relictis,
1161 1683 1199 1727 si
1238 1691 1388 1728 tamen
1421 1683 1635 1740 grauiora
1662 1698 1754 1727 non
1778 1684 1854 1728 fue
1869 1709 1880 1716 -

252 1762 358 1816 rint,
384 1762 520 1805 debet
541 1774 591 1803 se
614 1760 902 1816 prouincialis
926 1762 983 1803 ad
1007 1760 1118 1804 illud
1146 1761 1390 1818 collegium
1421 1763 1641 1806 conferre.
1671 1761 1721 1804 Id
1753 1761 1876 1804 enim

252 1838 394 1895 exigit
417 1837 531 1881 ratio
553 1837 689 1880 officii
710 1837 798 1881 sui.

341 1915 390 1960 Si
410 1914 535 1971 quid,
561 1922 666 1971 post
694 1914 995 1958 visitationem
1033 1915 1343 1968 commissarii,
1369 1915 1490 1958 dicat
1527 1914 1642 1971 quis,
1665 1915 1737 1958 vel
1773 1929 1878 1971 pro-

254 1991 436 2036 uinciali
458 1993 532 2036 vel
552 1991 733 2045 rectori,
757 1992 939 2035 nomine
961 1992 1273 2045 commissarii,
1299 1992 1345 2035 id
1367 2008 1457 2036 non
1477 1992 1699 2036 obtinebit
1716 1992 1884 2035 autho--

206 2076 210 2079 ’
258 2069 455 2123 ritatem,
481 2068 567 2111 nisi
587 2067 634 2111 in
662 2068 716 2112 iis
746 2069 939 2124 scriptis,
965 2084 1082 2125 quae
1113 2069 1345 2126 reliquerit
1375 2069 1725 2123 commissarius,
1750 2083 1882 2125 repe-

255 2145 417 2189 riatur.
451 2145 578 2189 Nihil
608 2144 728 2188 enim
765 2146 911 2189 solent
943 2146 1007 2188 illi
1040 2146 1363 2202 praescribere,
1388 2146 1498 2202 quin
1529 2145 1743 2189 scribant.
1784 2146 1883 2190 Suo

257 2223 398 2280 igitur
420 2222 588 2266 iudicio
609 2222 718 2265 illud
743 2222 926 2276 facient,
951 2225 1024 2268 vel
1052 2223 1263 2267 omittent
1294 2223 1596 2280 prouinciales
1633 2224 1706 2266 vel
1736 2230 1886 2266 recto-

258 2315 345 2352 res,
372 2306 417 2342 et
439 2306 590 2343 tamen
613 2298 778 2342 facient
800 2299 1037 2343 certiorem
1060 2300 1415 2343 commissarium
1445 2315 1499 2344 ea
1522 2301 1579 2343 de
1615 2315 1678 2344 re.
1716 2298 1886 2344 Simili-

257 2385 326 2421 ter
349 2378 427 2419 fiet
449 2377 486 2420 si
508 2376 616 2432 quid
639 2375 740 2431 quis
760 2375 930 2419 diceret
951 2377 1118 2420 dixisse
1139 2376 1479 2434 prouincialem.

347 2453 644 2512 Prouincialis
664 2453 726 2496 ita
748 2461 990 2505 rectorum,
1016 2468 1130 2509 quos
1161 2454 1417 2498 immediate
1445 2454 1532 2497 sibi
1554 2453 1784 2497 subiectos
1805 2454 1888 2497 ha—

256 2531 349 2582 bet,
382 2529 670 2586 praecipuam
699 2543 852 2572 curam
884 2537 1030 2586 gerat,
1063 2538 1111 2573 vt
1139 2527 1414 2586 reliquorum
1445 2530 1623 2575 interim
1654 2538 1699 2574 et
1728 2544 1887 2574 eorum

256 2605 537 2664 praesertim,
558 2606 616 2651 58
636 2606 713 2662 qui
729 2606 950 2663 primariis
974 2608 1230 2664 funguntur
1254 2607 1426 2660 officiis,
1453 2621 1608 2650 curam
1625 2621 1717 2650 non
1735 2606 1885 2663 negli-

260 2691 356 2740 gat,
382 2698 435 2727 ac
457 2699 516 2728 ne
538 2683 819 2740 priuatorum
843 2684 1039 2738 quidem.
1067 2684 1285 2728 Omnium
1308 2685 1428 2728 enim
1453 2691 1522 2729 est
1543 2684 1605 2726 illi
1627 2698 1736 2727 cura
1756 2697 1888 2727 com--

261 2761 398 2803 missa
421 2775 504 2803 suo
537 2761 698 2817 gradu,
724 2775 807 2803 suo
839 2760 1011 2805 ordine.
1049 2761 1376 2817 Circunspecte
1408 2776 1516 2805 vero
1549 2762 1760 2805 obseruet
1788 2774 1888 2812 eos,

258 2851 372 2893 quos
387 2837 432 2880 in
452 2837 681 2882 Societate
698 2836 810 2881 sciet
833 2851 932 2881 esse
955 2837 1247 2894 antiquiores,
1268 2845 1314 2881 et
1329 2837 1523 2892 curabit,
1542 2844 1592 2880 vt
1608 2836 1888 2893 intelligant,

257 2929 306 2958 se
326 2914 519 2958 libenter
540 2914 719 2957 illorum
740 2914 856 2958 velle
878 2928 1014 2970 opera
1037 2923 1083 2958 et
1104 2915 1292 2958 consilio
1317 2915 1396 2967 vti,
1421 2915 1557 2970 idque
1581 2929 1628 2958 re
1661 2913 1758 2970 ipsa
1785 2927 1891 2970 per-

328 3091 346 3109 a
392 3080 760 3128 perigrinationem
778 3081 840 3117 hic
861 3086 901 3116 et
923 3081 1023 3117 infra
1043 3093 1120 3118 ms.··
