2098 3470
322 241 367 277 24
893 233 1072 270 ΝοτιτιΑ
1099 241 1289 270 comeum

275 335 310 372 si
334 346 464 383 pauca
485 334 711 382 demantur,
746 335 950 381 coalescit,
984 335 1132 384 quibus
1166 335 1217 372 ad
1251 335 1403 373 calcem
1437 335 1640 373 accedunt
1667 335 1742 374 alia
1765 343 1782 383 5
1810 336 1904 374 folia

252 442 259 448 ,
280 407 442 454 scripta,
464 418 547 443 non
568 411 703 444 autem
724 388 893 456 signata,
914 411 954 444 et
974 406 1056 443 duo
1077 418 1241 455 prorsus
1267 417 1409 444 vacua.
1431 406 1525 444 Duo
1546 407 1642 444 item
1667 407 1760 444 folia
1779 407 1904 454 initio,

276 489 357 514 non
379 477 550 526 signata,
566 477 814 527 agglutinata
834 467 974 526 paucis
994 477 1142 515 abhinc
1158 478 1273 514 annis
1289 477 1462 524 fuerunt,
1484 478 1523 514 in
1539 477 1688 525 quibus
1703 483 1764 516 est
1778 478 1904 516 index

275 560 421 594 rerum,
442 559 548 596 quae
569 548 608 585 in
629 549 708 586 hoc
729 549 872 586 codice
893 549 1161 586 continentur.

356 616 416 656 Ea
436 631 556 667 porro
577 624 670 657 sunt
689 620 913 668 sequentia:
935 619 966 656 F
971 619 1020 657 ol.
1049 629 1202 668 1r-23v,
1223 624 1285 656 est
1303 624 1496 657 tractatus
1516 619 1568 657 de
1583 611 1737 658 ratione
1753 620 1906 658 studio-

275 702 364 727 rum
385 690 598 728 Societatis
614 691 724 738 Jesu,
745 690 821 728 sub
843 692 920 728 hoe
941 690 1070 736 titulo,
1091 690 1142 727 ab
1163 691 1302 739 ignota
1317 702 1439 728 manu
1456 696 1634 729 exarato:
1659 692 1746 730 «De
1765 692 1907 730 studiis

277 761 525 799 Societatis.»
548 762 654 800 Huic
674 762 789 800 titulo
806 763 870 799 hie
893 762 1002 808 alter,
1030 762 1190 799 diversa
1209 773 1344 808 manu,
1372 762 1554 811 adjectus
1575 768 1646 800 est:
1677 763 1742 801 «Ρ.
1763 763 1908 801 Hiero-

280 834 389 882 nymi
424 833 614 871 Natalis.»
651 833 840 881 Sequitur
874 834 1069 881 scriptura
1102 835 1356 882 autographa
1385 834 1511 871 Patris
1543 834 1695 872 Natalis
1728 835 1768 872 in
1802 835 1909 873 hunc

279 904 458 942 modum:
489 903 631 942 «Circa
657 905 776 942 studii
804 905 1002 954 generalis
1029 905 1336 952 dispositionem
1371 910 1411 943 et
1444 906 1626 943 ordinem
1658 906 1909 944 animaduer-

277 976 403 1012 tenda
423 977 524 1013 haee
553 981 646 1013 sunt
672 977 805 1024 capita
830 988 999 1013 rerumz»
1030 976 1262 1023 Sequuntur
1288 976 1381 1014 folia
1408 987 1471 1026 23,
1504 978 1543 1014 in
1573 977 1631 1024 f.⁰,
1660 978 1912 1028 autographa

279 1047 405 1084 Patris
436 1047 601 1085 Natalis.
629 1047 711 1084 Ine.
742 1047 896 1084 «Aliam
930 1048 1127 1084 rationem
1160 1048 1199 1084 in
1229 1048 1286 1084 eis
1322 1059 1412 1085 esse
1441 1054 1762 1097 praeceptorum,
1795 1049 1912 1086 aliam

280 1118 627 1156 scholasticorum.
649 1118 1004 1165 Scholastieorum,
1025 1119 1142 1156 aliam
1169 1123 1411 1166 nostrorum,
1438 1120 1556 1157 aliam
1585 1125 1910 1159 externorum...»

279 1192 375 1229 Des.
398 1192 465 1230 fol.
489 1202 578 1241 23v:
604 1208 663 1230 «...
687 1193 866 1242 legitimo
887 1192 1021 1239 aliquo
1043 1193 1336 1240 impedimento
1357 1193 1479 1230 fuisse
1500 1192 1773 1241 impeditum.»

361 1263 440 1300 Hic
462 1263 616 1300 Natalis
635 1268 841 1309 tractatus,
865 1275 956 1300 cum
978 1264 1146 1300 caeteris
1165 1264 1217 1300 ad
1238 1264 1370 1301 studia
1391 1263 1681 1313 spectantibus,
1701 1264 1834 1301 editus
1854 1269 1916 1301 est

284 1335 320 1371 in
345 1333 526 1372 llffonum.
547 1334 742 1382 Paedag„
765 1346 856 1384 pag.
878 1334 930 1379 89
949 1339 989 1370 et
1009 1345 1122 1382 seqq.
1143 1334 1229 1372 Fol.
1252 1344 1376 1382 24-29
1389 1346 1520 1372 vacua
1540 1339 1644 1381 sunt,
1663 1335 1739 1372 hac
1758 1339 1915 1372 tantum

284 1406 546 1454 inscriptione
567 1418 590 1443 a
610 1411 726 1455 tergo
747 1406 872 1442 ultimi
894 1405 974 1442 folii
994 1417 1017 1442 a
1038 1405 1169 1443 Natali
1190 1407 1333 1454 posita:
1358 1406 1570 1443 «videnda
1589 1410 1629 1445 τὸ
1646 1405 1916 1458 mmmm-me

283 1477 546 1514 vniuersitate
568 1477 689 1514 studii
709 1477 944 1526 generalis.»
963 1475 1052 1513 Alia
1072 1489 1206 1514 manu:
1231 1477 1429 1515 «Studior.
1448 1477 1490 1514 P.
1511 1476 1701 1514 Natalis.»

315 1578 317 1580 .
365 1549 452 1586 Fol.
475 1558 537 1595 30,
561 1560 580 1598 3
591 1559 622 1594 1,
638 1548 811 1585 habetur
827 1549 1062 1596 exemplum
1078 1550 1342 1598 archetypum
1358 1549 1582 1586 sententiae
1598 1548 1640 1598 P.
1661 1548 1916 1594 Salmeronis,

283 1621 335 1657 de
370 1620 513 1657 studiis
546 1620 758 1658 Societatis
794 1620 908 1668 Jesu,
943 1620 994 1657 ad
1029 1620 1188 1657 Patrem
1222 1620 1471 1669 generalem,
1510 1619 1701 1668 Neapoli,
1734 1619 1918 1659 kalendis

285 1690 536 1739 Septembris
568 1691 664 1740 1583
694 1691 824 1728 datae.
853 1691 935 1728 Ine.
967 1691 1154 1728 «Litteris
1180 1691 1232 1728 ad
1259 1702 1333 1728 XVI
1358 1690 1519 1729 kalend.
1550 1690 1786 1741 Augusti...»
1821 1691 1918 1728 Des.

287 1778 346 1799 «...
369 1761 524 1799 bonum
546 1767 586 1799 et
606 1762 868 1799 commodum
889 1767 1085 1810 spectent.
1107 1762 1342 1811 Neapoli...»
1367 1767 1443 1813 ete.
1470 1762 1590 1800 Edita
1618 1763 1691 1800 fuit
1714 1764 1754 1800 in
1779 1774 1919 1800 recen-

286 1834 400 1870 sione
441 1833 604 1870 Patrum
630 1833 668 1870 S.
694 1833 726 1880 J.
756 1833 1036 1881 parisiensium
1063 1821 1228 1879 Etudes,
1256 1839 1283 1871 t.
1311 1834 1380 1881 III,
1406 1846 1498 1884 pag.
1530 1841 1603 1884 557
1626 1839 1667 1872 et
1699 1846 1722 1872 a
1755 1834 1796 1872 P.
1830 1834 1918 1871 Pal-

286 1905 412 1950 mieri,
432 1905 472 1941 in
491 1908 663 1941 tractatu
684 1904 747 1940 De
766 1903 849 1941 Deo
870 1909 1027 1941 creante
1047 1909 1086 1942 et
1102 1904 1288 1950 elevante,
1310 1917 1402 1955 pag.
1432 1906 1520 1955 781.
1842 1952 1845 1954 ,

365 1975 450 2012 Fol.
475 1985 536 2024 32,
556 1976 831 2024 autographae
859 1975 1013 2012 litterae
1041 1976 1082 2014 P.
1111 1976 1342 2014 Ledesmae
1368 1976 1420 2013 ad
1447 1977 1489 2015 P.
1517 1977 1703 2014 Natalem
1729 1977 1920 2013 assisten-

284 2052 367 2083 tem
387 2046 439 2083 de
459 2047 613 2083 ratione
634 2045 824 2083 habenda
844 2046 883 2082 in
905 2046 1213 2094 quaestionibus
1234 2046 1457 2095 probandis
1478 2053 1518 2085 et
1543 2048 1583 2085 in
1603 2047 1807 2094 doeendO,
1833 2047 1918 2084 sine

286 2117 365 2162 die,
387 2128 462 2153 nee
485 2128 592 2153 anno
613 2116 744 2153 datae.
766 2116 848 2154 Ine.
873 2127 934 2154 «Ι.
957 2117 1011 2154 Vt
1035 2117 1105 2153 fiat
1130 2117 1410 2156 mediocris...»
1439 2118 1536 2156 Des.
1567 2134 1627 2156 «...
1654 2118 1811 2164 Parrae,
1837 2117 1917 2155 Le-

285 2187 464 2233 desmae,
493 2187 714 2233 Benedicti,
749 2192 825 2225 etc.
854 2187 902 2225 V.
934 2188 980 2225 R.
1006 2188 1196 2237 indignus
1230 2189 1270 2226 in
1303 2188 1375 2227 Χ.ο
1409 2201 1564 2236 seruus,
1597 2189 1838 2227 Ledesma.»
1872 2189 1918 2225 In

287 2258 466 2296 slffonum.
488 2257 684 2306 Paedag„
706 2270 797 2307 pag.
823 2266 910 2307 570,
931 2259 1008 2296 hoc
1030 2265 1338 2297 monumentum
1358 2261 1608 2309 protulimus.

365 2330 450 2367 Fol.
475 2341 536 2379 33,
561 2341 622 2378 34,
644 2335 704 2366 est
725 2330 924 2367 sententia
946 2332 1199 2380 autographa
1220 2332 1262 2369 P.
1283 2332 1527 2379 Ledesmae,
1543 2331 1594 2369 ad
1616 2331 1775 2369 Patrem
1794 2341 1919 2380 gene-

284 2401 409 2438 ralem
430 2401 536 2447 data,
557 2401 609 2438 de
638 2402 879 2438 necessitate
910 2402 1113 2439 statuendi
1144 2414 1343 2450 quasnam
1371 2403 1670 2452 propositiones
1699 2401 1919 2439 defendere

285 2472 537 2520 professores
570 2472 782 2509 Societatis
809 2472 1112 2520 prohibeantur,
1138 2478 1179 2510 et
1204 2473 1256 2511 de
1281 2474 1449 2520 ratione,
1476 2485 1557 2522 qua
1587 2473 1628 2510 id
1661 2472 1920 2510 statuendum

286 2543 459 2595 videtur.
482 2543 575 2591 Quo
592 2547 780 2591 'tempore
801 2543 840 2579 id
861 2543 925 2580 ille
947 2544 1162 2592 scripserit,
1180 2556 1263 2582 non
1281 2549 1452 2584 constat.
1467 2545 1550 2583 Ine.
1568 2543 1792 2582 «Dominus
1803 2543 1920 2592 Jesus

286 2614 539 2664 dignetur...»
562 2601 658 2651 Des.
679 2630 738 2651 «...
756 2614 1037 2661 efficatiusque
1053 2615 1313 2654 remedium.»
1333 2615 1530 2664 Ejusdem
1543 2615 1772 2652 Ledesmae
1787 2626 1920 2652 manu:

288 2685 512 2734 «Judieium
532 2685 693 2722 alterius
714 2685 763 2722 N.
784 2686 825 2722 in
846 2685 1035 2722 omnibus
1056 2686 1164 2723 idem
1185 2687 1357 2733 uidetur,
1374 2686 1720 2735 quemadmodum
1736 2686 1921 2734 superius

285 2757 480 2804 scriptum
500 2761 572 2793 est.
594 2756 704 2793 Laus
725 2755 880 2794 Deo...»
904 2761 980 2794 etc.

302 2817 307 2821 ⁴
364 2828 416 2865 Et
442 2829 543 2865 haec
572 2833 677 2874 sunt,
704 2838 810 2874 quae
838 2827 889 2864 ad
917 2839 992 2864 nos
1023 2828 1184 2876 proprie
1215 2833 1412 2876 spectant.
1433 2827 1616 2874 Caetera,
1646 2838 1751 2876 quae
1771 2827 1812 2864 in
1841 2827 1920 2864 hoc

283 2899 427 2936 codice
447 2899 716 2945 eontinentur,
737 2903 842 2944 sunt,
862 2903 907 2935 ut
927 2898 1155 2946 plurimum,
1175 2900 1396 2948 archetypa
1422 2899 1487 2936 vel
1514 2899 1766 2949 autographa
1791 2898 1919 2936 docu-

282 2975 430 3016 menta,
450 2970 502 3007 ad
529 2971 726 3007 rationem
746 2969 972 3006 studiorum
991 2970 1245 3017 pertinentia,
1265 2975 1448 3018 tempore
1468 2970 1510 3007 P.
1535 2968 1693 3007 Claudii
1718 2969 1921 3017 Aquaevi-

283 3053 358 3078 vae
373 3053 396 3078 a
416 3041 644 3090 praecipuis
664 3040 879 3078 Societatis
895 3039 1132 3077 doctoribus
1153 3041 1300 3089 scripta
1320 3046 1361 3078 et
1380 3041 1553 3078 Romam
1573 3041 1707 3078 missa.
1727 3040 1921 3078 Ultimum
