2098 3470
780 216 1197 259 SUPPLEusNTuu'—2
1201 232 1222 268 5
1702 223 1773 270 855

267 322 462 366 Ibidem.
488 322 773 380 «Eligentem
795 322 1013 366 conuenit
1035 322 1394 379 praesentiscere
1416 323 1462 367 in
1485 323 1634 380 seipso
1661 326 1698 365 ¹»
1725 332 1816 369 etc.

269 400 375 443 Hoc
395 399 497 442 loco
518 398 802 443 dialecticam
824 406 950 442 tuam
971 413 1159 443 exerces
1179 406 1226 442 et
1248 400 1613 455 grammaticam.
1645 401 1819 445 Grauia

179 491 291 522 vero
310 475 448 520 huius
469 490 691 520 censurae
712 475 862 533 capita
878 477 936 519 ad
953 476 1015 519 fo.
1043 477 1125 519 106
1143 475 1235 532 (vbi
1257 491 1469 532 expresse
1491 485 1537 521 et
1552 479 1817 531 formaliter,

177 561 228 596 vt
248 552 417 609 inquis,
440 552 626 609 ponitur
642 552 901 596 huiusmodi
918 552 1178 609 propositio)
1197 552 1362 598 reiicis.
1383 555 1492 596 Item
1511 568 1599 610 ego
1618 554 1816 598 vicissim

177 629 270 674 illic
279 630 339 675 de
347 629 557 674 sensibus
567 629 878 686 spiritualibus
895 638 913 655 ²
923 629 1072 672 dicam
1089 620 1147 669 α’ὺν
1160 633 1302 680 Χριστω
1316 636 1499 682 ἐνεργοῦντι
1512 635 1583 678 217
1594 638 1649 670 καὶ
1668 643 1782 686 σαφῶς
1802 632 1821 656 b

176 707 254 750 hic
274 708 422 752 solum
444 708 502 750 ad
525 715 648 750 tuam
670 706 953 751 dialecticam
976 714 1022 751 et
1039 706 1382 763 grammaticam
1407 709 1705 763 respondebo,
1727 709 1818 753 Sed

174 783 380 842 intellige
419 783 613 840 primum
656 783 765 840 quid
807 784 1034 828 dicamus.
1080 785 1204 839 Lege
1241 785 1471 840 exemplar
1509 785 1816 841 hispaniense,

173 862 300 917 quod
321 860 403 904 tibi
424 861 471 904 in
492 860 713 918 superiori
741 875 935 906 censura
962 860 1166 904 exhibui:
1201 860 1368 905 adhibe
1397 861 1530 904 simul
1560 862 1815 906 versionem

174 937 375 982 latinam.
407 937 765 982 Animaduertes
797 953 882 981 nos
910 937 1105 994 primum
1138 938 1359 981 honorem
1393 940 1492 981 Deo
1523 939 1646 990 dare,
1682 946 1820 994 atque

172 1014 361 1060 coelesti
393 1014 519 1058 Patri
550 1022 793 1071 acceptum
824 1015 993 1059 referre
1022 1022 1175 1058 actum
1203 1014 1347 1066 illum,
1380 1030 1514 1070 quem
1544 1031 1570 1059 a
1598 1015 1819 1058 charitate

171 1091 245 1147 pie
265 1090 492 1135 credimus
513 1090 786 1144 deriuatum,
811 1091 1194 1147 quemadmodum
1217 1092 1336 1134 bona
1353 1091 1519 1143 omnia,
1539 1106 1655 1147 quae
1673 1108 1700 1136 a
1717 1094 1818 1137 Deo

171 1167 420 1224 accipimus
447 1169 582 1212 dona.
614 1168 838 1213 Breuiter:
864 1183 964 1213 esse
985 1175 1193 1211 nostrum
1215 1169 1272 1211 ad
1294 1170 1443 1211 Deum
1467 1169 1724 1213 referimus.
1758 1170 1815 1212 Et

169 1245 316 1301 primo
336 1245 519 1301 quidem
541 1246 642 1289 loco
663 1248 751 1289 hoc
772 1245 982 1298 dicimus,
1007 1246 1129 1300 quod
1151 1244 1199 1288 in
1221 1246 1452 1288 communi
1474 1255 1543 1289 est
1565 1260 1657 1288 non
1678 1247 1814 1291 theo-

170 1322 379 1379 logorum
416 1322 580 1375 solum,
608 1323 703 1372 ,sed
739 1322 1024 1379 xpianorum.
1066 1322 1268 1365 omnium
1297 1337 1349 1366 ac
1372 1322 1562 1378 pertrito
1584 1337 1809 1367 sermone:

169 1400 337 1444 debere
362 1414 447 1442 nos
474 1413 530 1443 ex
556 1398 565 1458 Ι
592 1400 829 1452 charitate,
861 1415 1013 1444 amare
1040 1401 1213 1452 Deum,
1248 1414 1406 1456 agere,
1440 1400 1630 1456 eligere,
1665 1401 1815 1445 facere

168 1475 335 1520 omnia.
366 1477 504 1532 Quod
531 1491 641 1521 vero
668 1476 877 1520 addimus
905 1476 1152 1520 conuenire
1180 1475 1423 1533 eligentem
1454 1476 1815 1532 praesentiscere

166 1553 212 1596 in
235 1552 403 1609 seipso,
427 1557 537 1607 etc.‚
564 1561 812 1610 temperate
834 1553 1027 1596 facimus
1043 1568 1096 1597 ac
1114 1553 1458 1610 circumspecte.
1481 1554 1639 1609 Itaque
1657 1554 1811 1597 remis-

167 1629 262 1674 sius
278 1631 469 1674 verbum
487 1644 759 1687 vsurpamus
781 1630 1064 1675 conueniens
1080 1645 1180 1675 esse
1198 1644 1251 1674 ac
1269 1638 1644 1682 consentaneum,
1666 1630 1702 1674 si
1722 1646 1813 1674 non

165 1708 314 1751 solum
335 1706 462 1750 illum
483 1715 636 1751 actum
659 1708 909 1752 habeamus
938 1708 1121 1760 amoris,
1153 1709 1234 1752 sed
1262 1716 1311 1750 vt
1339 1707 1459 1750 illius
1492 1715 1640 1760 actus,
1673 1708 1812 1751 immo

165 1798 275 1828 vero
290 1785 427 1842 (quod
443 1798 499 1829 eo
514 1785 615 1828 loco
631 1799 723 1827 non
740 1783 933 1827 dicimus
948 1799 1036 1841 ego
1052 1785 1187 1839 addo,
1208 1794 1252 1829 et
1276 1784 1433 1828 libenti
1455 1784 1639 1840 quidem
1658 1784 1812 1827 animo

163 1869 210 1904 et
235 1861 477 1918 constanti)
510 1869 560 1905 vt
593 1861 828 1905 charitatis
859 1876 1042 1906 sensum
1079 1863 1328 1906 habeamus
1360 1862 1639 1918 spiritualem
1674 1869 1812 1917 atque

162 1937 535 1991 consolationem,
569 1938 806 1991 indicium,
841 1938 1043 1995 signum,
1078 1939 1244 1994 quibus
1278 1927 1414 1983 rebus
1446 1953 1502 1981 ex
1544 1938 1617 1981 illo
1656 1953 1809 1982 amore

161 2029 308 2059 meam
329 2015 596 2060 electionem
621 2015 780 2060 fulcire
803 2015 986 2072 possim,
1010 2015 1210 2073 dirigere
1231 2024 1369 2071 atque
1391 2016 1592 2060 condire.
1620 2017 1676 2058 Et
1701 2015 1802 2070 qui-

162 2091 266 2135 dem
282 2091 357 2135 hic
378 2106 542 2136 sensus
563 2106 700 2147 quam
719 2092 778 2136 sit
793 2097 866 2139 218
884 2093 1155 2145 communis,
1176 2108 1311 2149 quam
1330 2095 1568 2137 confessus
1586 2094 1643 2136 ab
1660 2092 1805 2135 omni-

139 2168 264 2226 bus,
298 2182 435 2224 quam
465 2169 771 2225 praedicatus,
803 2171 1110 2226 proclamatus
1139 2170 1184 2213 in
1217 2169 1444 2214 vniuersis
1467 2169 1717 2225 scripturis,
1744 2168 1806 2210 ibi

234 2321 253 2338 ἃ
300 2311 347 2347 ln
365 2323 504 2358 marg.‚
525 2312 677 2348 Natalis
702 2323 831 2350 manu:
858 2312 920 2348 De
943 2313 1121 2348 sensibus
1144 2313 1430 2360 spiritualibus
1456 2313 1683 2358 Scriptura,
1708 2311 1802 2346 Dio-

160 2369 310 2416 nysius,
334 2370 546 2419 Origenes,
572 2371 759 2415 Thomas,
786 2373 1098 2414 Bonauentura,
1124 2372 1278 2415 Aliaco,
1303 2372 1469 2408 Gerson.
1490 2371 1620 2406 Habes
1644 2371 1804 2406 euiden-

164 2429 267 2464 tiam
284 2433 451 2465 tuorum
474 2433 655 2472 actuum,
674 2431 831 2466 amoris
853 2431 977 2466 etiam
995 2431 1040 2466 in
1065 2430 1214 2474 Deum,·
1230 2433 1328 2478 quid
1348 2431 1497 2466 mirum
1517 2430 1552 2464 si
1568 2430 1710 2464 habeas
1723 2441 1801 2475 gu—

159 2491 265 2523 stum
282 2500 331 2524 ac
346 2489 647 2524 delectationem
666 2501 713 2525 ex
730 2489 816 2525 illis
838 2489 1013 2525 actibus?
1028 2489 1208 2526 elicitum
1228 2491 1432 2538 gaudium
1454 2501 1532 2524 non
1550 2487 1692 2523 sentis?
1709 2488 1756 2522 Id
1773 2500 1798 2522 a

141 2547 354 2583 -charitate
370 2550 440 2584 est.
462 2546 574 2592 Quid
590 2548 718 2583 demis
737 2548 951 2595 praesidia
975 2548 1236 2596 infirmitatis
1257 2550 1473 2589 humanae,
1493 2547 1799 2583 consolationes?

157 2607 266 2642 —De
283 2606 451 2654 gratiae
474 2606 830 2643 certitudine.—In
854 2608 917 2643 his
938 2608 1117 2644 sensibus
1140 2608 1370 2654 disquirite,
1400 2608 1524 2654 agite,
1553 2606 1685 2653 legite,
1708 2610 1797 2648 etc„-

157 2665 263 2702 nihil
290 2665 409 2701 aliud
433 2666 621 2713 poteritis
649 2667 857 2711 inuenire,
884 2669 990 2714 quod
1012 2668 1178 2710 dicatis,
1205 2669 1286 2703 nisi
1307 2671 1418 2714 posse
1446 2667 1621 2701 incidere
1646 2665 1686 2699 in
1715 2665 1797 2700 illis

156 2724 378 2763 illusiones.
399 2725 608 2761 Probandi
623 2726 758 2774 igitur
773 2730 867 2762 sunt
883 2727 1067 2773 spiritus.
1118 2729 1188 2754 —b
1215 2727 1344 2762 Dubia
1363 2725 1492 2761 lectio.

155 2859 206 2884 an
221 2848 494 2894 communiter,
513 2848 553 2884 id
569 2854 645 2896 est,
664 2850 817 2886 seclusa
835 2850 996 2897 speciali
1011 2850 1086 2886 Dei
1105 2850 1360 2894 revelatione,
1379 2860 1445 2895 per
1461 2859 1598 2883 sensus
1618 2848 1791 2882 internos

155 2907 330 2953 spiritus,
348 2919 421 2944 seu
436 2907 592 2944 divinas
614 2909 904 2946 consolationes
928 2910 1064 2945 haberi
1083 2909 1208 2956 possit
1226 2908 1382 2955 aliquod
1406 2907 1555 2953 gratiae
1573 2906 1730 2941 divinae
1750 2906 1788 2941 in

154 2965 268 3003 nobis
286 2967 480 3003 manentis
497 2966 698 3012 indicium,
716 2979 832 3016 quam
849 2968 1120 3015 quaestionem
1140 2968 1241 3003 infra
1266 2965 1573 3013 perperdendarn
1593 2965 1786 3011 proponit.

225 3025 237 3047 ¹
288 3022 389 3062 Vide
405 3037 611 3062 censuram
631 3026 837 3063 Pedrochii
855 3027 919 3063 hie
937 3028 1143 3073 allegatam
1163 3026 1202 3062 in
1221 3027 1408 3062 Poma-cr
1430 3024 1591 3064 chron„
1613 3024 1678 3068 111,
1704 3024 1789 3067 516.
