2098 3470
509 209 661 252 D1cn,
686 214 743 244 nx
768 207 1025 244 Socmrarts
1049 205 1263 243 Pan-rmus
1287 190 1606 266 consecra-65
1754 205 1826 252 635

241 324 359 367 quae
380 318 399 336 ²
419 310 477 354 ad
498 301 878 367 gubernationem
901 308 1112 361 attinent;
1132 322 1237 351 nam
1259 308 1403 350 multa
1421 308 1623 351 fortassis
1640 316 1776 352 erunt
1790 324 1875 366 pro

242 386 419 432 ratione
450 394 705 444 temporum
737 386 971 430 mutanda.
1013 397 1084 439 17.
1125 384 1414 440 Colligantur
1435 383 1543 428 item
1573 383 1590 409 ¹³
1619 386 1789 431 Rornae
1815 401 1871 430 ex

186 490 198 503 .
242 463 408 507 litteris
429 464 483 507 P.
518 462 684 520 Ignatii
715 470 762 508 et
793 461 962 519 Laynis
992 461 1175 505 ordines
1205 460 1458 505 transmissi
1494 462 1552 504 ad
1575 463 1875 518 prouinciales

242 540 318 584 uel
339 548 556 594 rectores,
585 548 632 584 et
659 540 999 605 confirmentur,
1025 539 1097 582 uel
1126 539 1443 595 emendentur,
1469 538 1506 581 si
1529 538 1586 582 sit
1615 554 1870 583 necessum.

247 618 317 663 18.
340 602 621 674 Separentur
640 616 1041 670 extraordinariae,
1070 616 1108 660 si
1139 630 1257 672 quae
1286 616 1499 659 videntur
1529 618 1870 660 communican-

239 694 327 737 dae
348 694 721 750 prouincialibus;
744 709 848 738 nam
870 700 978 738 sunt
997 692 1086 737 iam
1109 692 1491 746 communicatae,
1510 707 1627 749 quae
1645 693 1735 736 sint
1751 694 1876 736 ordi-

224 763 395 816 suariae
411 778 443 815 ⁶.
470 784 537 829 19.
558 771 660 815 Fiat
675 771 1013 815 accuratissima
1029 770 1288 822 instructio,
1305 785 1396 827 qua
1413 777 1598 813 vtantur
1616 771 1871 826 prouincia·

239 846 323 900 loe,
345 847 404 890 ad
426 862 507 892 eos
528 863 554 892 e
575 847 806 892 Societate
825 846 1135 900 dimittendos,
1159 846 1238 902 qui
1260 847 1335 891 vel
1354 846 1509 891 idonei
1531 861 1622 890 non
1641 846 1871 899 videntur,

241 924 314 968 vel
333 924 392 967 de
413 924 581 980 quibus
601 924 830 978 dubitant,
855 925 927 969 vel
947 939 975 967 a
995 923 1163 980 quibus
1189 924 1456 967 scandalum
1485 924 1662 975 timent,
1694 925 1768 967 vel
1795 925 1872 980 qui

239 1008 462 1046 secretam
483 1001 679 1057 aliquam
700 1002 872 1046 habent
891 1015 1094 1054 causam,
1118 1001 1191 1044 vel
1212 1008 1321 1044 sunt
1342 1000 1606 1058 importuni,
1632 1001 1703 1044 vel
1727 1016 1873 1058 nego-

236 1077 362 1122 cium
382 1079 612 1123 facessere
631 1093 724 1123 non
751 1079 967 1123 desinunt
994 1078 1320 1135 superioribus,
1344 1085 1391 1122 et
1416 1077 1464 1121 id
1491 1093 1641 1134 genus
1668 1079 1727 1123 de
1755 1078 1870 1131 aliis,

238 1161 290 1197 vt
309 1154 574 1210 synceritati
594 1155 934 1211 prouinciarum
955 1154 1098 1212 possit
1118 1155 1304 1207 mederi;
1329 1170 1434 1199 curn
1457 1169 1547 1211 qua
1569 1155 1871 1199 instructione

239 1237 363 1276 esset
383 1232 774 1288 coniungendum,
799 1240 848 1275 vt
868 1231 1062 1277 liberum
1082 1239 1205 1276 esset
1230 1231 1499 1289 prouinciali
1519 1232 1566 1275 in
1589 1233 1761 1275 Vrbem
1785 1232 1867 1275 ali-

238 1321 371 1363 quos,
395 1315 639 1365 antequam
661 1308 1015 1362 dimitterentur,
1038 1305 1234 1362 mittere,
1258 1309 1523 1366 praoeertim
1545 1309 1583 1352 si
1602 1308 1679 1364 qui
1698 1316 1870 1361 essent,

236 1398 264 1426 a
286 1384 454 1440 quibus
474 1399 671 1442 magnus
694 1387 869 1429 fructus
889 1385 1056 1442 alioqui
1077 1386 1250 1443 sperari
1273 1395 1426 1442 posset
1448 1385 1482 1429 ἃ.

1016 1498 1097 1540 ⁰5

993 1577 1117 1620 Ihus.

238 1661 330 1710 fol.
354 1663 446 1710 ²60
610 1665 903 1710 PATRUM
935 1667 1150 1710 DICTA
1180 1666 1503 1722 ALIQUOT

731 1769 886 1800 PATER
909 1769 1098 1800 NOSTER
1119 1770 1308 1801 LAYNEZ
1328 1764 1345 1782 θ
1372 1758 1381 1778 “

204 1911 205 1914 ¹
324 1849 373 1892 In
405 1850 527 1892 hanc
558 1850 721 1894 vallem
753 1850 960 1895 miseriae
991 1851 1164 1898 detrusi
1191 1866 1351 1896 sumus
1387 1858 1571 1908 propter
1608 1858 1869 1907 peccatum;

234 1925 338 1970 ideo
358 1925 407 1969 in
427 1941 482 1970 ea
502 1941 595 1970 non
616 1928 836 1971 debemus
858 1934 1099 1984 expectare
1118 1928 1206 1972 nisi
1227 1928 1576 1985 castigationem
1601 1936 1647 1973 et
1665 1927 1868 1984 discipli-

236 2017 343 2046 nam
365 2017 393 2046 a
413 2003 625 2047 Domino.

308 2149 327 2168 ²
377 2140 491 2186 Quae
507 2139 768 2186 praecedunt,
792 2152 815 2176 a
838 2141 970 2176 verbis
991 2142 1219 2189 superiores
1247 2153 1383 2178 omnes
1405 2154 1522 2179 manu
1547 2142 1698 2178 Natalis
1714 2142 1868 2188 adjecta

236 2203 329 2234 sunt
351 2198 530 2245 exceptis
547 2198 638 2235 illis:
658 2211 705 2235 ex
722 2200 869 2236 litteris
888 2201 937 2235 P.
962 2200 1135 2248 Ignatii,
1151 2202 1254 2245 suis,·
1269 2201 1337 2249 qui
1356 2203 1466 2238 locus
1485 2201 1539 2237 ita
1557 2202 1663 2249 prius
1680 2203 1865 2237 habebat:

233 2268 337 2303 quae
358 2260 623 2294 extraxerunt
645 2270 693 2294 ex
715 2259 864 2295 litteris
882 2260 931 2295 P.
951 2260 1123 2308 Ignatii,
1139 2261 1239 2305 suis,
1262 2264 1301 2297 et
1322 2261 1645 2308 prouincialium
1672 2273 1747 2303 res,
1766 2262 1874 2307 quod

235 2316 291 2352 aa
307 2316 643 2363 gubernationem
668 2319 861 2353 attinent.
912 2321 980 2347 -b
1006 2319 1118 2355 Hanc
1142 2319 1372 2367 particulam
1395 2320 1546 2356 addidit
1571 2321 1660 2356 Nat.
1716 2330 1778 2347 —e
1795 2321 1868 2362 Ita,

235 2374 388 2411 Natalis
406 2387 538 2422 manu,
556 2376 820 2416 emendatum.
836 2377 950 2414 Prius
967 2378 1022 2415 ita
1038 2385 1136 2418 erat:
1156 2380 1409 2427 Separentur
1425 2392 1525 2427 quae
1542 2380 1871 2415 extraordinarie

235 2436 274 2470 et
288 2435 503 2471 ordinarie
520 2438 698 2482 spectant
715 2437 770 2472 ad
786 2438 1024 2484 superiores,
1044 2450 1140 2474 nam
1161 2442 1426 2486 utrarumque
1443 2443 1499 2475 est
1523 2451 1720 2475 necessum
1742 2442 1785 2473 ut
1806 2450 1871 2473 ac·

234 2494 391 2540 cipiunt
402 2506 430 2530 a
440 2495 632 2542 generali
642 2497 874 2542 praeposito
882 2496 1126 2543 facultatem
1139 2499 1391 2545 peculiarem
1407 2502 1572 2545 propter
1589 2498 1776 2544 offitium.
1827 2518 1871 2523 -

234 2554 255 2581 d
271 2553 373 2589 Tora
389 2554 487 2589 haec
503 2555 767 2602 paragraphus
782 2555 914 2591 addita
926 2555 1002 2593 fuit
1015 2569 1131 2594 manu
1148 2557 1271 2605 ipsius
1288 2559 1331 2595 P.
1349 2558 1513 2594 Natalis.
1557 2577 1591 2583 -
1605 2568 1620 2585 e
1639 2557 1714 2592 Hic
1733 2557 1872 2591 titulus

207 2635 213 2638 -
236 2611 388 2649 Nautis
405 2624 521 2649 manu
536 2619 720 2650 exaratus
737 2620 816 2650 est.

278 2721 282 2725 '
309 2718 319 2740 ¹
369 2720 429 2755 Ex
452 2721 680 2768 archetypo,
703 2722 830 2757 Patris
855 2722 1048 2768 Jimenez,
1073 2729 1117 2759 ut
1139 2723 1310 2767 videtur,
1331 2736 1446 2760 manu
1465 2730 1637 2768 exarato,
1658 2729 1698 2759 et
1716 2723 1869 2759 Natalis

233 2788 352 2814 manu
367 2779 591 2826 emendato,
608 2780 649 2816 in
665 2780 802 2817 codice
823 2780 997 2818 Collecta
1010 2786 1086 2829 per
1106 2783 1153 2821 Ρ.
1171 2783 1376 2825 Natalem,
1396 2783 1462 2821 fol.
1485 2783 1674 2828 260-264r‚
1695 2788 1735 2818 et
1753 2792 1867 2827 27ον-

233 2835 336 2883 273r.
355 2837 446 2874 Alia
462 2846 715 2876 monumenta
731 2852 754 2876 a
772 2841 902 2877 Natali
918 2843 1085 2878 collecta
1101 2842 1142 2880 in
1158 2844 1340 2880 Monam.
1361 2845 1521 2892 Ignat„
1543 2855 1617 2881 ser.
1640 2844 1707 2889 lv,
1730 2844 1759 2890 Ι,
1780 2852 1865 2888 471,

229 2907 283 2932 ex
300 2896 440 2933 eodem
456 2898 593 2935 codiee
609 2900 854 2946 protulimus.
873 2901 947 2936 Hic
963 2907 1097 2938 autem
1112 2903 1262 2951 reliqua
1280 2903 1328 2938 ad
1342 2903 1543 2938 historiam
1560 2902 1770 2938 Societatis
1783 2913 1869 2949 per-

234 2955 401 2992 tinentia
416 2956 480 2993 hic
501 2957 653 2995 damus.
679 2959 788 2995 Folia
810 2959 957 2996 codicis
981 2961 1156 2997 numeris
1178 2963 1436 2998 crassioribus
1462 2962 1501 2997 in
1528 2968 1639 2996 textu
1672 2967 1867 2996 notamus.

232 3014 351 3050 Initio
366 3015 483 3062 hujus
500 3019 743 3054 monumenti
761 3020 857 3055 haec
875 3025 967 3055 nota
984 3021 1151 3056 habetur
1169 3022 1239 3057 «R.
1261 3030 1320 3056 2.»

73 2814 94 2832 ,α’
99 2831 109 2834 ,
