2098 3470
346 260 392 296 28
920 264 1098 300 No’rrrm
1125 272 1315 300 comeum

303 369 588 412 <‹...antequam
615 377 706 403 eam
733 372 998 414 exequatur.»
1031 366 1164 415 Caput
1195 372 1288 416 3.¹¹¹¹¹
1318 366 1565 415 «Quomodo
1591 379 1636 405 se
1662 367 1811 405 habeat
1835 379 1931 418 erga

299 436 607 484 prouinciales.»
636 437 719 475 Inc.
759 437 823 475 «Si
850 438 1120 487 prouinciales
1146 438 1294 487 eligere
1328 442 1525 485 potest...»
1562 438 1659 476 Des.
1693 439 1930 487 <‹...aliquem

227 506 230 512 '
300 507 592 555 excipiendum
611 508 852 546 existimet.»
885 508 1017 556 Caput
1042 514 1136 555 4um
1162 508 1408 557 «Quomodo
1442 520 1486 546 se
1519 508 1667 546 habeat
1695 521 1790 559 erga
1815 521 1931 558 prae-

300 578 456 626 positos
483 578 721 616 domorum»
751 584 828 617 etc.
862 580 944 617 Ine.
975 579 1197 628 «Quamuis
1230 584 1312 616 tam
1344 580 1626 627 praepositi...»
1662 580 1758 618 Des.
1795 581 1931 619 <‹...de-

300 648 396 686 beat
416 650 753 688 communicare.»

382 720 500 768 Quae
520 721 572 758 ad
593 722 870 774 praepositum
889 722 1119 771 generalem
1141 726 1338 769 spectant,
1355 721 1475 758 etiam
1490 723 1740 771 autographa
1756 721 1933 769 Polanci,

302 790 380 828 sub
402 791 553 840 duplici
573 792 689 830 titulo
709 792 922 838 habentur,
943 793 982 829 in
1003 793 1124 830 unico
1145 792 1254 838 folio,
1275 796 1315 828 et
1334 796 1508 839 quatuor
1523 792 1639 838 soliis,
1655 804 1760 840 quae
1774 793 1934 842 regulas

302 863 566 900 commissarii
587 863 808 910 continent,
829 864 978 901 inserta
999 869 1102 900 sunt.
1131 863 1175 899 In
1201 863 1322 911 priori
1342 863 1501 912 pagella
1527 863 1591 900 hic
1615 863 1754 901 titulus
1778 865 1934 912 positus

303 939 375 971 est:
410 934 495 971 «De
523 935 596 981 his,
624 946 730 982 quae
756 935 821 972 vel
847 939 1062 983 perspecta
1089 946 1179 972 esse
1199 934 1263 971 vel
1290 934 1435 981 inquiri
1461 940 1632 983 oportet,
1658 935 1771 982 quod
1791 935 1843 972 ad
1862 947 1934 973 eos

304 1005 459 1052 attinet,
481 1005 533 1042 de
554 1005 703 1053 quibus
724 1006 909 1043 dubitare
925 1006 1015 1053 quis
1031 1006 1171 1053 possit,
1189 1017 1239 1042 an
1260 1005 1312 1042 ad
1334 1006 1513 1043 officium
1533 1007 1732 1055 generalis
1753 1007 1830 1044 sint
1849 1006 1936 1044 ido-

304 1077 407 1114 nei.»
437 1076 522 1114 Sub
544 1078 622 1114 hoc
642 1077 758 1114 titulo
784 1077 923 1126 viginti
951 1082 1125 1124 quatuor
1150 1082 1312 1125 puncta,
1338 1082 1398 1114 tot
1423 1078 1599 1114 numeris
1625 1078 1794 1127 signata,
1819 1089 1935 1126 repe-

303 1149 470 1194 riuntur,
492 1147 641 1195 quibus
661 1149 686 1185 ii
706 1149 762 1185 uti
782 1148 956 1194 valeant,
977 1148 1045 1195 qui
1066 1148 1105 1185 in
1126 1148 1444 1197 congregatione
1464 1149 1641 1197 generali
1662 1149 1936 1197 praepositum

302 1219 534 1269 generalem
554 1219 719 1257 electuri
740 1224 844 1257 sunt.
866 1219 932 1256 Ex
953 1220 1030 1256 hoc
1051 1224 1316 1256 monumento
1337 1219 1464 1264 Patris
1491 1219 1653 1256 Polanci
1675 1219 1936 1268 desumptum

305 1295 367 1327 est
386 1290 496 1336 illud,
517 1290 629 1338 quod
649 1291 844 1328 insertum
864 1291 938 1327 fuit
951 1302 974 1327 a
990 1290 1117 1338 prima
1133 1290 1451 1339 congregatione
1466 1291 1643 1339 generali
1657 1292 1761 1328 inter
1775 1291 1938 1328 decreta

306 1367 400 1398 ante
420 1362 675 1408 electionem,
696 1362 838 1399 ordine
856 1367 991 1398 tamen
1020 1373 1166 1407 rerum,
1187 1366 1227 1398 et
1251 1361 1400 1408 verbis,
1426 1362 1627 1399 interdum
1653 1363 1827 1400 mutatis.
1853 1346 1936 1400 Ine.

311 1433 393 1470 «Ι.ο
425 1433 535 1481 Quid
571 1433 624 1470 de
654 1433 741 1470 eius
776 1434 980 1482 spiritu...»
1017 1433 1112 1470 Des.
1151 1432 1322 1470 <‹...bene
1354 1433 1520 1470 meritus
1547 1433 1599 1470 de
1633 1433 1835 1471 Societate
1869 1435 1938 1471 ha-

307 1505 487 1543 beatur.»

387 1576 433 1612 In
454 1575 602 1612 eodem
622 1575 717 1612 folio
737 1586 856 1611 verso
877 1575 941 1611 hic
961 1574 1099 1612 titulus
1118 1575 1275 1622 positus
1296 1579 1368 1612 est:
1389 1575 1530 1623 «Quae
1549 1580 1685 1623 partes
1704 1576 1744 1613 in
1763 1576 1940 1625 generali

308 1647 540 1695 praeposito
562 1657 652 1683 esse
672 1645 885 1683 debeant.»
909 1646 1142 1693 Sequuntur
1167 1656 1207 1683 11
1231 1647 1486 1696 paragraphi,
1509 1647 1549 1683 in
1569 1646 1718 1694 quibus
1739 1647 1940 1685 Polancus

308 1703 602 1766 compendiose
635 1717 794 1765 scripsit
823 1729 883 1763 ea,
912 1728 1017 1764 quae
1051 1717 1103 1753 de
1131 1717 1279 1754 eodem
1308 1723 1547 1767 argumento
1577 1717 1778 1756 habentur
1805 1719 1845 1756 in
1873 1730 1946 1763 ca-,

308 1790 391 1838 pite
413 1788 468 1826 2.⁰
490 1800 623 1826 nonae
643 1788 767 1836 partis
787 1788 1132 1825 constitutionum.
1154 1789 1237 1826 Inc.
1261 1799 1321 1827 «Ι.
1343 1789 1388 1825 In
1409 1789 1546 1837 primis
1567 1789 1618 1827 sit
1636 1801 1735 1826 cum·
1748 1789 1838 1827 Deo
1858 1801 1939 1827 ma-

308 1861 419 1898 xime
439 1861 743 1897 coniunctus...»
766 1859 862 1896 Des.
886 1864 989 1897 <‹...et
1009 1860 1079 1897 diu
1098 1860 1199 1897 tales
1219 1861 1459 1908 perspecti.»

390 1932 613 1977 Hactenus,
633 1943 739 1978 quae
759 1930 810 1967 ad
831 1942 907 1967 nos
933 1936 1129 1978 spectant.
1150 1930 1322 1968 Caetera
1347 1932 1387 1968 in
1414 1933 1492 1968 hoc
1519 1931 1663 1969 codice
1688 1932 1864 1980 reposita
1890 1932 1942 1970 ad

308 2009 493 2051 tempora
512 2003 736 2051 posteriora
754 2003 966 2050 pertinent3
987 2003 1164 2049 ideoque
1185 2014 1207 2039 a
1227 2002 1346 2040 nobis
1367 2003 1431 2040 hic
1457 2003 1812 2051 praetermittenda
1837 2009 1942 2041 sunt.

311 2075 522 2113 Clauditur
540 2079 650 2111 totus
670 2073 807 2111 codex
826 2074 945 2110 variis
965 2073 1236 2120 documentis,
1262 2074 1314 2111 ad
1343 2074 1541 2111 rationem
1566 2074 1769 2112 scribendi
1794 2075 1949 2124 litteras,

310 2157 467 2184 annuas
492 2144 766 2182 attinentibus.
794 2144 943 2182 Ultima
962 2144 1087 2181 verba
1107 2145 1160 2182 ita
1181 2145 1344 2182 habent:
1370 2145 1486 2183 <‹...ad
1506 2157 1611 2192 quae
1631 2145 1705 2193 ipsi
1725 2146 1944 2194 respic-ien-

311 2218 410 2255 dum
430 2218 516 2254 sit.»

393 2289 624 2326 Breviorem
643 2288 764 2336 hujus
785 2286 938 2324 codicis
958 2286 1273 2334 descriptionem
1289 2286 1476 2323 dedimus
1496 2287 1536 2324 in
1551 2285 1730 2325 Illonum.
1747 2286 1945 2335 Paedag„

313 2372 406 2409 pag.
434 2369 492 2409 17,
511 2371 550 2397 n.
565 2359 642 2397 XI.

981 2461 1164 2502 Codex
1195 2462 1281 2502 (32

396 2572 564 2611 Miscell.
585 2571 634 2610 de
651 2571 766 2617 Inst„
787 2570 951 2610 JL—In
970 2570 1041 2618 4.⁰,
1062 2583 1116 2608 ex
1132 2571 1270 2608 multis
1285 2572 1419 2619 parvis
1435 2570 1650 2608 codicibus
1665 2583 1747 2608 non
1763 2570 1947 2620 ejusdem

316 2646 485 2683 omnino
506 2644 789 2689 dimensionis,
807 2642 928 2680 simul
958 2642 1172 2691 colligatis,
1199 2647 1364 2680 curante
1389 2643 1430 2680 P.
1456 2642 1600 2689 Boero,
1626 2646 1948 2691 coagmentatus,

316 2722 357 2755 et
390 2716 628 2754 membrana
661 2726 684 2752 a
716 2718 832 2763 tergo
867 2718 1104 2761 coopertus,
1137 2714 1178 2750 in
1211 2725 1292 2761 qua
1326 2714 1427 2751 haec
1461 2714 1673 2762 inscriptio
1707 2713 1842 2761 posita
1874 2716 1947 2750 est:

319 2787 567 2825 «Miscellan.
593 2787 598 2833 Ι
623 2786 686 2823 De
706 2786 837 2822 Instit.
857 2784 896 2822 S.
915 2785 948 2833 J.
974 2784 979 2832 Ι
1003 2785 1077 2822 ΙΙ.»

397 2858 570 2897 Constat
588 2857 695 2895 foliis
714 2865 807 2903 400,
827 2867 909 2893 non
930 2856 1112 2905 signatis,
1128 2856 1270 2904 paucis
1284 2855 1476 2903 demptis,
1494 2865 1599 2902 quae
1613 2855 1821 2902 antiquam
1835 2854 1950 2909 parvi

317 2931 475 2969 codicis
495 2930 744 2979 signaturam
763 2928 950 2964 retinent.
971 2926 1150 2976 Singulis
1170 2925 1385 2963 codicibus
1412 2925 1630 2965 chartulae.
1656 2926 1834 2962 numeris
1859 2934 1945 2962 1-21

318 3004 514 3052 signatae,
541 3000 592 3038 ad
619 3011 731 3037 oram
756 2999 877 3047 primi
907 2998 1105 3046 cujusque
1131 2997 1216 3034 folii
1236 2997 1511 3046 adglutinatae
1532 3001 1638 3042 sunt,
1659 2995 1808 3044 quibus
1833 2995 1950 3033 facile

317 3074 429 3111 varia
447 3073 696 3110 documenta
714 3070 880 3119 reperiri
900 3068 1073 3107 valeant.
1093 3068 1227 3106 Index
1247 3068 1438 3106 codicum
1460 3068 1500 3104 in
1520 3072 1609 3105 toto
1634 3066 1842 3104 volumine
1869 3066 1950 3104 col-
