2098 3470
686 311 961 348 Honorum-A
985 310 1255 355 larue—14
1672 309 1733 345 131

59 422 64 434 ⁴
91 437 94 443 ·
154 415 236 467 tio,
260 396 515 470 praeposito
535 411 778 458 Societatis
791 413 920 470 Jesu,
945 410 1219 468 gubernatio
1241 413 1300 455 sit
1321 411 1379 454 de
1406 410 1504 455 iure
1526 425 1665 466 penes
1694 410 1787 467 pri-

103 529 107 537 .
153 505 256 534 mos
278 492 437 534 Patres
460 489 743 542 fundatoreS,
767 503 827 532 an
847 502 988 545 penes
1010 488 1238 544 quendam
1266 486 1579 530 introductum
1602 494 1681 531 aut
1703 502 1788 530 no-

153 560 377 611 minatum
398 565 634 619 vicarium,
660 579 804 621 usque
825 565 884 608 ad
904 564 1174 609 electionem
1198 564 1443 620 praepositi
1461 564 1705 620 generalis.

247 643 519 699 Priusquam
541 644 599 687 ad
620 650 745 686 tuam
765 656 949 686 causam
970 656 1077 684 cum
1097 641 1271 684 iustitia
1298 648 1345 684 et
1373 640 1599 684 charitate
1638 643 1701 697 (vt
1740 650 1790 684 tu

157 719 372 778 loqueris)
396 728 415 746 ³
430 721 615 774 accedo,
636 721 712 763 Pr.
733 718 1000 776 B0[badilla]
1016 719 1104 761 hoc
1120 717 1231 761 mihi
1247 718 1522 774 respondeas
1538 717 1689 770 velim,
1708 733 1790 762 cur

159 804 259 841 toto
278 797 368 840 hoc
391 805 472 840 tuo
490 796 681 854 scripto,
703 802 841 851 atque
861 796 976 840 adeo
992 794 1204 838 omnibus
1220 795 1319 838 aliis
1334 802 1426 838 tam
1443 795 1598 837 multis
1614 810 1789 839 sermo-

157 873 310 927 nibus,
336 866 558 930 epistolis,
580 872 914 929 chyrographis
948 873 1007 915 de
1030 881 1136 916 tuae
1167 871 1479 916 aristocratiae
1506 879 1644 927 atque
1676 873 1789 915 adeo

156 951 480 994 monarchatus
501 964 638 994 causa
659 948 837 1001 aeditiS,
862 956 957 992 tota
979 956 1059 992 tua
1086 956 1157 994 est
1185 948 1304 992 actio
1340 937 1560 992 secularis
1594 963 1647 991 ac
1683 963 1789 1005 pro—

158 1027 328 1084 phana?
350 1029 440 1070 Per
462 1025 680 1070 iustitiam
702 1025 854 1082 inquis
890 1025 1001 1068 mihi
1037 1026 1256 1070 conuenit
1293 1033 1344 1069 ut
1375 1025 1461 1069 sim
1489 1027 1786 1082 gubernator;

159 1103 265 1147 volo
284 1103 425 1160 igitur
447 1102 549 1148 esse
569 1104 864 1160 gubernator.
890 1102 994 1146 Alia
1015 1102 1192 1158 omitto,
1217 1117 1335 1158 quae
1355 1103 1506 1146 omnia
1529 1104 1662 1159 plena
1683 1111 1790 1147 sunt

157 1179 350 1237 spiritus
371 1179 607 1234 mundani,
630 1187 762 1224 ut.ne
783 1179 1024 1223 scintillam
1046 1179 1229 1236 quidem
1250 1179 1486 1236 religionis
1513 1182 1790 1235 praeseferre

159 1256 419 1307 uideantur,
443 1256 597 1300 omnia
612 1271 724 1301 uero
745 1256 1064 1301 contentiones
1078 1256 1329 1300 carnalium
1351 1256 1586 1300 hominum
1609 1256 1789 1300 imitan-

159 1341 250 1388 tur;
278 1334 391 1377 illud
427 1335 574 1377 solum
605 1348 711 1391 ago,
741 1335 865 1390 quod
893 1342 942 1377 tu
971 1349 1206 1391 nunquam
1243 1349 1337 1378 non
1374 1334 1492 1391 agis.
1539 1334 1694 1388 «Mihi,
1719 1335 1788 1378 in-

158 1410 279 1467 quis,
318 1410 536 1454 conuenit
565 1425 648 1467 per
684 1410 918 1463 iustitiam,
936 1418 1001 1454 ‘ut
1036 1410 1121 1454 sim
1158 1412 1486 1468 gubernator»,
1526 1419 1615 1456 ete.
1657 1413 1790 1455 Hanc

159 1487 379 1532 rationem
416 1488 453 1531 si
485 1487 712 1544 patiamur
742 1489 799 1531 ad
832 1488 1069 1545 religiosos
1101 1488 1315 1545 irrepere,
1351 1490 1427 1532 Pr.
1465 1491 1569 1541 Bo.,
1596 1504 1687 1532 uno
1718 1490 1790 1533 die

159 1564 313 1608 interit
333 1579 469 1609 omne
483 1564 741 1608 institutum
758 1565 1075 1608 monasticum.
1097 1567 1203 1610 Non
1221 1574 1292 1611 est
1310 1566 1546 1611 contentio
1564 1567 1622 1609 ad
1637 1566 1765 1623 digni
1780 1593 1790 1598 -

159 1649 299 1686 tatem
321 1641 369 1684 in
391 1656 502 1686 uero
528 1641 854 1694 monachismo,
886 1643 1040 1696 Pater,
1073 1644 1158 1686 hac
1189 1651 1268 1686 tua
1304 1643 1482 1687 ratione
1509 1652 1786 1700 comparata;

159 1718 241 1764 sed
268 1733 350 1775 per
378 1718 705 1773 humilitatem,
734 1733 819 1776 per
844 1718 915 1762 sui
949 1719 1257 1776 cognitionem
1285 1735 1339 1763 ac
1375 1728 1708 1776 contemptum,
1742 1729 1790 1764 ut

157 1803 315 1839 contra
333 1796 579 1840 contendat
601 1795 793 1851 quisque
816 1810 866 1839 se
892 1796 1007 1840 adeo
1028 1811 1129 1841 esse
1156 1796 1380 1853 ineptum,
1405 1798 1518 1842 adeo
1545 1799 1713 1840 malum
1744 1807 1789 1842 et

158 1871 290 1915 nihili
319 1872 566 1924 hominem,
593 1879 644 1915 ut
670 1873 796 1916 nulla
827 1887 918 1916 non
951 1872 1139 1926 iustitia,
1171 1875 1251 1917 sed
1284 1889 1341 1919 ne
1377 1875 1577 1930 equitate
1605 1875 1787 1931 quidem

160 1949 233 1992 uel
270 1947 443 1992 ratione
468 1948 612 2005 possit
648 1963 750 1993 esse
777 1949 998 2006 superior.
1031 1951 1103 1993 Tu
1141 1957 1293 1994 tamen
1332 1945 1595 2003 eonniteris,
1632 1959 1678 1994 et
1709 1967 1789 2008 per

157 2023 376 2069 iustitiam
404 2025 604 2081 quidem,
628 2040 728 2069 esse
765 2015 970 2082 supe'rior
1000 2027 1314 2073 Aristarchus.
1345 2028 1592 2084 Quidnam,
1617 2043 1788 2083 quaeso

159 2109 221 2156 te,
244 2111 315 2147 est
335 2103 459 2158 quod
486 2102 600 2146 uelis
636 2117 718 2159 per
745 2103 965 2147 iustitiam
999 2118 1102 2149 esse
1131 2105 1428 2161 gubernator,
1459 2105 1545 2148 nisi
1574 2106 1695 2160 quod
1718 2105 1790 2148 di-

158 2192 304 2235 gnun
325 2185 373 2224 te
391 2178 639 2233 existimes,
657 2179 735 2223 illo
750 2181 915 2237 gradu,
934 2180 1048 2224 alios
1061 2180 1294 2238 indignos3
1316 2183 1438 2254 quod
1456 2190 1506 2224 tu
1524 2182 1788 2238 sapientiam

159 2255 664 2314 obtineasrefigiofflm,
687 2256 764 2300 alii
790 2271 883 2300 non
910 2257 1036 2310 item;
1062 2264 1112 2300 tu
1140 2258 1262 2301 nosti
1293 2258 1552 2301 institutum
1584 2258 1783 2303 Societa-

160 2330 235 2386 tis,
254 2331 328 2375 alii
349 2347 441 2375 non
461 2332 691 2387 nouerint3
718 2341 767 2377 tu
790 2333 860 2376 uir
880 2333 943 2377 sis
964 2333 984 2359 b
1004 2335 1170 2387 bonus,
1195 2335 1266 2377 uir
1286 2335 1473 2391 probus,
1498 2335 1572 2378 alii
1594 2336 1651 2378 ad
1666 2343 1788 2378 tuam

158 2407 430 2464 probitatem
453 2416 499 2453 et
520 2409 770 2453 bonitatem
794 2424 885 2453 non
908 2411 1147 2454 accedant?
1172 2412 1302 2456 Haec
1331 2419 1454 2463 sunt,
1481 2426 1596 2467 quae
1626 2420 1674 2454 tu
1698 2427 1787 2454 non

158 2485 304 2528 solum
325 2484 456 2538 dicis,
481 2486 563 2530 sed
583 2487 774 2542 probare
796 2486 933 2531 etiam
955 2494 1092 2543 atque
1114 2487 1327 2532 euincere
1350 2488 1587 2532 contendis
1611 2502 1688 2543 per
1712 2489 1788 2530 ad-

159 2568 364 2614 uocatos,
389 2577 468 2622 per
491 2571 827 2619 procuratoreS,
853 2578 935 2620 per
963 2564 1173 2607 Bartolos
1195 2572 1242 2609 et
1270 2566 1479 2622 jasoneS.
1511 2566 1672 2608 Nonne
1701 2565 1787 2606 hoc

159 2644 230 2682 est
249 2638 454 2682 seculare
475 2653 528 2682 ac
545 2641 736 2682 uanum?
752 2641 918 2684 Nonne
934 2639 1074 2696 pestis
1090 2642 1203 2684 haec
1220 2649 1290 2683 est
1306 2640 1572 2691 certissima,
1594 2655 1684 2682 non
1702 2642 1786 2684 So—

157 2713 336 2758 cietatis
357 2715 523 2767 solum,
548 2717 628 2760 sed
650 2716 921 2772 religionum
944 2716 1167 2759 omnium?
1189 2718 1354 2760 Nonne
1375 2719 1459 2759 hoc
1485 2725 1554 2760 est
1577 2716 1788 2758 omnibus

159 2789 354 2845 iudiciis,
370 2791 603 2847 exemplis,
624 2791 1094 2835 animaduersionibus
1111 2792 1456 2835 uindicandum?
1480 2792 1612 2845 Vide,
1635 2793 1784 2843 Pater,

147 2880 253 2922 ,quo
281 2875 326 2911 te
364 2876 442 2910 tua
478 2868 734 2924 importuna
764 2869 844 2925 (ne
880 2868 1003 2911 aliud
1035 2868 1204 2925 dicam)
1235 2869 1526 2924 persuasione
1554 2869 1787 2924 dignitatis

154 2942 542 3000 praecipitaueris!
569 2946 633 2987 At
655 2944 875 2988 clamabis
896 2952 945 2987 tu
969 2952 1093 2988 tuam
1113 2952 1156 2988 te
1174 2959 1354 2987 causam
1380 2960 1517 3000 agere
1534 2959 1636 2986 curn
1656 2945 1788 2987 iusti-

229 3064 246 3081 a
295 3054 404 3089 Haec
428 3054 501 3090 tria
526 3055 646 3090 verba
670 3055 822 3091 Natalis
846 3067 963 3091 manu
993 3055 1124 3091 addita
1155 3063 1259 3091 sunt.
1315 3058 1377 3083 -b
1406 3056 1516 3091 Prius
1549 3067 1604 3099 es‚·
1636 3056 1787 3091 Natalis

160 3112 387 3148 emendavit
403 3113 468 3149 sit.
