2098 3470
332 289 335 297 ν
346 284 417 321 410
819 281 974 318 PATms
999 282 1243 340 Humor-inu
1270 281 1419 318 NADAL

299 378 505 423 officium
537 380 600 424 illi
633 375 932 440 iniungendo,
967 398 1070 428 cum
1103 398 1194 439 quo
1226 383 1350 440 prius
1382 398 1472 427 non
1502 384 1643 441 possit
1666 386 1929 441 conuenire,

298 462 377 499 aut
399 463 447 499 vt
470 456 675 501 mittatur
697 459 743 502 in
766 460 960 517 aliquem
984 462 1134 504 locum
1162 460 1317 513 alium,
1342 467 1422 504 aut
1450 461 1644 517 aliquam
1665 461 1929 518 peregrina-

301 532 486 587 tionem,
512 543 591 578 aut
612 537 964 593 xenodochium,
989 539 1061 581 vel
1089 537 1176 581 alia
1204 537 1378 581 ratione
1405 544 1452 581 et
1477 537 1713 591 industria,
1738 538 1802 581 vti
1829 546 1936 599 pot-⁸

297 602 386 654 erit
409 612 618 668 superior
639 613 685 656 in
708 628 756 657 re
779 615 1019 671 praesenti.

384 689 460 731 Ab
482 688 552 742 iis,
573 689 651 745 qui
667 675 800 734 domo
817 692 1132 749 egrediuntur,
1153 691 1409 748 superiores
1426 680 1671 735 resciscant
1688 691 1797 748 quid
1814 707 1926 750 ege-

297 764 402 819 rint,
423 766 500 808 vbi
523 767 727 821 redeant;
753 769 1134 824 quemadmodum
1166 776 1438 813 consuetum
1460 768 1545 812 fuit
1567 769 1710 821 initio,
1743 776 1790 812 et
1817 769 1929 813 vtile

295 849 365 885 est
386 841 433 885 in
450 842 607 899 primis
628 857 681 887 ac
698 844 833 888 etiam
858 845 1180 890 necessarium.
1201 844 1419 891 Similiter
1435 845 1586 889 socius
1608 846 1766 890 reddet
1789 846 1924 891 ratio-

296 932 399 961 nem
423 919 480 962 de
502 920 663 964 eadem
685 928 750 974 re,
774 921 852 964 vbi
874 921 1072 965 redierit.

384 995 443 1040 110
466 996 697 1053 Superior,
739 1000 920 1054 quando
957 999 1014 1041 ab
1036 1012 1090 1042 eo
1118 998 1288 1055 petitur
1316 999 1506 1043 facultas
1543 998 1760 1052 exeundi,
1792 998 1923 1052 sciat,

294 1087 386 1116 non
409 1073 557 1116 solum
581 1087 671 1130 quo
693 1082 819 1128 eunt,
852 1077 931 1119 sed
960 1075 1095 1120 etiam
1124 1088 1324 1129 causam,
1355 1083 1537 1132 propter
1567 1089 1704 1131 quam
1727 1082 1854 1128 eunt,
1879 1082 1930 1118 et

294 1149 462 1193 scribet
484 1150 530 1193 in
548 1165 632 1194 sua
653 1153 842 1196 cartula:
872 1154 998 1209 «Ego
1020 1151 1122 1197 dedi
1147 1153 1406 1196 facultatem
1437 1151 1514 1195 tali
1536 1167 1617 1208 pro
1639 1154 1728 1195 hoc
1755 1152 1828 1196 vel
1849 1151 1931 1196 illo

294 1226 516 1283 negocio»
549 1234 637 1272 etc.
668 1235 715 1271 et
742 1229 919 1285 vesperi
957 1228 1160 1273 conferet
1197 1243 1325 1273 suam
1363 1229 1582 1272 cartulam
1615 1243 1718 1272 cum
1749 1229 1929 1273 cartula

291 1301 512 1357 ianitoris,
538 1311 584 1349 et
605 1303 643 1348 si
665 1320 753 1351 non
773 1305 1062 1358 Conuenient,
1083 1321 1177 1350 rem
1196 1305 1485 1350 examinabit.
1509 1305 1795 1350 praescribat
1811 1319 1925 1351 vero

292 1394 350 1423 ne
371 1380 459 1423 alio
481 1380 727 1436 diuertant,
755 1383 824 1425 vel
846 1382 969 1425 aliud
991 1390 1147 1439 agant,
1173 1397 1307 1439 quam
1330 1397 1411 1438 pro
1428 1397 1519 1439 quo
1534 1382 1764 1426 licentiam
1788 1395 1923 1426 acce-

291 1456 460 1512 perint,
486 1456 573 1501 nisi
595 1456 741 1502 obiter
762 1465 808 1502 et
829 1459 951 1514 quod
973 1458 1120 1502 omitti
1137 1474 1232 1502 non
1249 1466 1418 1515 posset.

379 1533 452 1577 Ad
476 1534 690 1578 maiorem
713 1535 1079 1580 commoditatem
1101 1543 1146 1580 et
1168 1535 1451 1592 superiorum
1474 1543 1518 1581 et
1541 1535 1761 1589 ianitoris,
1786 1535 1920 1580 simul

292 1624 351 1654 ne
379 1610 482 1666 quis
511 1612 684 1667 absque
710 1613 928 1656 facultate
955 1626 981 1655 e
1010 1613 1203 1669 collegio
1234 1612 1377 1669 possit
1404 1611 1562 1669 egredi
1593 1614 1731 1665 foras,
1756 1611 1930 1656 ianitor

292 1687 482 1731 habebit
520 1689 718 1732 tabulam
757 1688 948 1732 similem
972 1703 1184 1733 romanae
1206 1703 1309 1732 cum
1341 1688 1435 1732 suis
1464 1688 1634 1733 locellis
1657 1689 1922 1742 commodis,

292 1764 367 1807 vbi
391 1765 564 1821 possint
586 1765 743 1822 reponi
780 1766 988 1820 tabellae,
1014 1766 1179 1821 quibus
1201 1766 1485 1809 ascribentur
1513 1765 1695 1809 nomina
1717 1765 1925 1810 omnium

291 1841 662 1895 domesticorum,
687 1842 822 1887 etiam
846 1843 1150 1899 superiorum,
1176 1857 1290 1898 quas
1320 1843 1508 1887 tabellas
1531 1843 1770 1887 habebunt
1791 1842 1838 1886 in
1861 1842 1924 1886 si-

291 1918 475 1962 milibus
498 1918 665 1962 tabulis
701 1919 747 1972 ii,
773 1919 850 1976 qui
889 1920 1148 1963 facultatem
1181 1920 1291 1964 dare
1327 1926 1540 1976 poterunt
1567 1919 1846 1976 egrediendi.
1873 1919 1927 1963 In

293 1995 446 2039 tabula
467 2003 620 2040 autem
643 1995 684 2042 ΙΙΙ
705 1995 909 2040 ianitoris
933 2003 1108 2040 tantum
1133 2004 1266 2041 erunt
1287 1996 1471 2039 nomina
1487 1996 1654 2052 scripta
1671 1996 1716 2039 in
1733 1995 1926 2050 locellis,

290 2072 336 2115 in
359 2072 526 2116 tabulis
547 2088 655 2118 vero
676 2073 959 2130 superiorum
984 2080 1030 2118 et
1046 2073 1091 2116 in
1115 2073 1304 2128 locellis,
1324 2080 1369 2118 et
1387 2073 1433 2116 in
1450 2073 1626 2118 tabellis
1648 2072 1739 2116 sint
1755 2072 1927 2130 scripta

291 2149 492 2194 nomina.
519 2151 694 2194 Omnes
722 2157 874 2194 autem
911 2150 1027 2195 istae
1064 2151 1272 2203 tabellae,
1304 2149 1350 2193 in
1382 2149 1547 2206 quibus
1579 2156 1714 2192 erunt
1740 2149 1932 2201 nomina

291 2232 566 2280 nostrorum,
591 2241 705 2282 quas
726 2226 809 2270 soli
825 2227 1060 2270 habebunt
1076 2226 1348 2283 superiores,
1369 2226 1460 2270 sint
1476 2227 1703 2282 aequales.
1725 2226 1926 2282 Quando

290 2302 432 2359 igitur
453 2303 660 2360 superior
681 2303 806 2346 dabit
828 2303 962 2346 alicui
984 2304 1246 2347 facultatem
1269 2303 1481 2356 exeundi,
1502 2302 1627 2346 dabit
1647 2302 1712 2345 illi
1733 2309 1779 2347 et
1801 2302 1932 2355 socio

291 2380 478 2423 tabellas
500 2394 687 2423 suorum
711 2379 961 2433 nominum,
987 2395 1100 2436 quas
1122 2380 1186 2422 illi
1207 2387 1427 2424 exeuntes
1449 2380 1622 2423 dabunt
1646 2378 1826 2422 ianitori
1848 2393 1919 2423 re-

290 2457 523 2513 ponendas
545 2456 591 2500 in
627 2456 798 2500 locellis
833 2471 1021 2500 suorum
1059 2456 1310 2509 nominum,
1351 2456 1476 2513 quod
1507 2455 1592 2501 erit
1613 2455 1799 2512 signum
1820 2454 1923 2499 illos

291 2522 502 2590 egressos
529 2534 681 2577 domo.
712 2533 880 2577 Ianitor
906 2541 1059 2577 autem
1083 2533 1170 2577 illis
1193 2533 1490 2578 redeuntibus
1511 2532 1638 2576 dabit
1667 2532 1930 2576 reddendas.

291 2610 618 2667 superioribus,
643 2618 690 2654 et
727 2617 878 2653 tamen
918 2609 1211 2653 nihilominus
1238 2610 1402 2653 ianitor
1439 2609 1616 2666 vesperi
1644 2607 1926 2653 renuntiabit

293 2687 511 2744 quamdiu
549 2687 614 2730 illi
636 2687 879 2730 abfuerint.
915 2689 1082 2732 Rector
1104 2701 1212 2731 vero
1249 2688 1338 2730 hac
1359 2686 1599 2730 occasione
1626 2687 1684 2728 ab
1706 2685 1794 2728 illis
1822 2685 1925 2729 red-

291 2764 507 2808 euntibus
544 2764 826 2821 interrogare
862 2764 1027 2820 poterit
1064 2763 1172 2820 quid
1205 2763 1382 2819 egerint
1425 2765 1451 2806 ¹.
1492 2764 1528 2806 F
1532 2763 1777 2806 acultatem
1815 2774 1931 2804 vero·

363 2905 374 2927 ¹
426 2906 487 2941 De
505 2907 577 2942 hac
595 2905 706 2953 praxi
723 2911 764 2941 et
779 2917 855 2941 usu
869 2906 1100 2942 tabellarum
1118 2907 1214 2941 haec
1233 2906 1426 2941 habentur
1442 2904 1483 2940 in
1500 2903 1789 2940 codiceNatal.
1804 2903 1923 2938 instr.

294 2965 439 3009 Lusit„
457 2965 523 3003 fol.
546 2965 630 3001 263:
651 2965 844 3001 «Tienese
861 2965 1027 3000 licencia
1044 2976 1112 3012 por
1130 2977 1206 3001 una
1223 2970 1329 3000 carta
1346 2964 1410 3000 del
1424 2964 1467 2999 P.
1483 2964 1598 2999 Mtro.
1615 2962 1737 2998 Nadal
1755 2962 1804 2998 de
1817 2971 1864 3007 29
1876 2961 1932 2997 de

290 3022 467 3061 Octubre
489 3024 592 3069 1561,
614 3035 705 3071 para
721 3035 812 3072 que,
831 3024 1131 3060 consultandose
1150 3029 1248 3069 esto,
1268 3035 1311 3059 se
1328 3028 1508 3059 execute.
1527 3021 1762 3058 Consu1t6se
1780 3032 1831 3056 en
1843 3019 1930 3056 Lis-

290 3084 381 3120 boa.
402 3083 462 3118 No
480 3083 635 3130 parecio
654 3087 899 3130 executarse3
918 3095 944 3130 y
962 3083 1011 3118 de
1029 3089 1115 3119 esto
1133 3095 1176 3120 se
1194 3083 1258 3119 dio
1276 3082 1385 3119 auiso
1404 3083 1438 3118 al
1458 3082 1502 3118 P.
1522 3082 1636 3118 Mtro.
1656 3079 1819 3118 Nadal.»
1861 3081 1865 3083 ’
