2098 3470
160 432 166 439 ,
258 389 488 435 Dominus
507 389 715 448 Ignatius
737 380 1038 435 ‘'admittemr
1056 389 1116 432 ad
1141 389 1487 445 professionem,
1520 390 1595 433 uel
1622 390 1807 436 studere

155 459 324 523 ⁴*adhuc
342 466 627 524 permitetur‚
648 475 787 525 prout
809 467 935 527 Patri
953 465 1224 525 prouinciali
1244 466 1487 511 videbitur.

154 553 159 556 ’
258 543 457 589 michael
486 545 546 588 de
581 544 764 589 Bairros
798 543 955 589 audiat
989 545 1117 601 quod
1151 544 1211 588 de
1245 543 1511 600 quadrienio
1549 545 1806 603 theologiae

150 622 382 680 }superest
414 620 503 676 illi,
543 628 592 665 et
626 620 795 666 deinde
821 621 955 678 Juxta
989 619 1342 665 constitutiones
1381 622 1439 666 ad
1480 622 1805 678 professionem

169 682 457 757 adfinem.
514 723 519 727 -

114 824 123 835 Α,
154 785 157 789 ’
176 799 181 807 s
256 768 400 829 *Pater
418 774 652 832 Georgius
671 759 912 828 SerranuS‚
935 773 1134 831 peractis
1147 788 1254 817 cum
1269 773 1583 819 satisfactione
1604 776 1807 832 superio-

163 862 274 914 rum
292 849 653 908 probationibus,
675 851 943 896 admittatur
961 851 1021 895 ad
1040 849 1388 908 professionem.

83 916 125 958 '‘²³ss
176 919 186 963 ᾗ
257 927 296 971 F
296 926 531 974 ranciscus
551 928 743 973 Adorno
762 927 972 972 mittatur
991 926 1040 971 in
1058 926 1255 973 Italiam.

77 1047 83 1058 Ι,
248 1004 431 1051 Actum
453 1011 524 1049 est
543 1005 603 1050 de
623 1003 965 1048 coadiutoribus
983 1003 1311 1062 spiritualibus.
1336 1005 1395 1047 Et
1414 1004 1609 1061 primum
1630 1006 1687 1050 de
1718 1007 1805 1049 Pa-

170 1086 243 1128 tre
263 1078 482 1140 Dictioh’,
510 1081 703 1136 flandro,
731 1088 955 1148 statutum
981 1087 1068 1134 est,
1100 1087 1152 1125 ut
1179 1079 1247 1124 sic
1277 1087 1483 1125 maneret
1517 1081 1637 1125 sicut
1671 1084 1806 1127 modo

303 2289 306 2291 Α
343 2235 483 2289 Petro
509 2236 679 2292 Lopez,
708 2242 759 2278 vt
785 2235 1052 2279 admittatur
1080 2235 1127 2278 in
1155 2236 1482 2290 coadiutorem,
1512 2236 1639 2293 prius
1667 2251 1798 2292 pera-

301 2311 629 2365 robationibus,
652 2319 700 2356 et
721 2312 930 2357 uideatur
949 2327 1008 2355 an
1030 2313 1255 2357 remoueri
1270 2313 1436 2357 debeat
1451 2329 1508 2358 ex
1525 2303 1796 2356 monasterio

321 2471 392 2523 ter
412 2467 579 2511 Petrus
597 2466 712 2513 Diaz
733 2466 1000 2509 admittatur
1019 2466 1066 2508 in
1088 2465 1395 2510 coadiutorem
1418 2466 1711 2522 spiritualem.

248 2540 376 2590 wem
395 2543 576 2600 Gaspar
596 2542 726 2586 Diez.

302 2615 376 2667 em
391 2618 628 2673 ‚Antonius
648 2620 745 2664 Vaz
766 2634 851 2662 suo
873 2627 1092 2676 tempore,
1114 2626 1219 2675 post
1232 2618 1547 2675 probationem
1564 2626 1609 2663 et
1627 2618 1795 2661 instru-

317 2701 378 2741 in.

318 2804 322 2805 γ
348 2771 692 2816 coadiutoribus
719 2772 1043 2829 temporalibus
1068 2779 1137 2815 est
1165 2779 1334 2824 actum,
1365 2779 1411 2814 et
1438 2771 1586 2814 uisum
1615 2778 1685 2814 est
1713 2771 1794 2813 ad-

237 2902 243 2910 ·
275 2868 282 2899 j
307 2849 437 2909 dum
457 2863 560 2894 esse
580 2849 900 2894 Sebastianum
922 2849 982 2891 de
1002 2849 1207 2892 Oliuera.

136 2997 181 3023 ἔ
211 2956 249 2995 ⁸
297 2972 345 3012 B.
369 2971 416 3009 P.
439 2972 618 3019 Ignatius
641 2971 843 3018 Azevedo,
867 2973 980 3019 cujus
1008 2972 1201 3019 professio
1226 2973 1390 3007 habetur
1417 2970 1455 3006 in
1483 2971 1611 3017 Epist.
1638 2970 1687 3006 P.
1714 2969 1795 3005 Na-

151 3121 212 3140 3
152 3030 437 3126 ’Πῡῗέιίε
453 3091 518 3128 vel
535 3090 668 3126 Ditius
690 3089 876 3127 scribitur
892 3089 996 3137 apud
1015 3091 1145 3137 Epist.
1166 3090 1330 3130 Mixtae,
1350 3089 1378 3134 l,
1398 3087 1481 3132 233,
1501 3087 1583 3132 538,
1599 3087 1681 3132 539.
