2098 3470
314 266 384 314 264
786 268 941 306 PATR1S
967 271 1211 307 HmRonYm
1237 271 1387 308 NADAL

356 371 522 414 Rector
543 370 709 414 habeat
737 371 1073 417 exhortationes
1100 372 1293 429 singulis
1322 374 1634 428 hebdomadis,
1667 382 1713 419 et
1741 390 1821 432 per
1850 391 1900 421 se

266 446 401 490 faciat
426 454 476 489 ut
497 447 758 503 plurimum3
784 448 1028 504 aliquando
1050 449 1185 493 etiam
1209 464 1289 505 per
1311 449 1447 492 alium
1470 451 1651 507 poterit.

355 524 417 567 Vt
443 523 606 567 iustius
633 525 903 569 obseruetur
940 532 1119 581 tempus
1156 525 1390 580 orationis,
1425 528 1695 572 obseruetur
1731 528 1842 572 illud
1874 544 1902 572 a

263 600 443 644 duobus
473 601 701 654 fratribus,
732 602 920 654 scilicet,
953 603 1009 645 ab
1039 602 1265 645 ordinario
1287 603 1585 647 obseruatore
1617 612 1663 648 et
1696 606 1752 648 ab
1790 605 1896 658 alio,

264 691 399 732 quem
422 677 613 734 elegerit
635 685 797 722 rector:
832 678 894 722 ita
923 687 1106 723 curetur
1135 679 1378 736 diligenter
1408 687 1458 722 ut
1486 681 1687 736 praecise
1722 689 1905 739 tempus

265 753 482 797 orationis
503 755 787 798 obseruetur.

358 831 678 876 Recreationes
705 834 1007 877 reformentur
1044 834 1100 875 ad
1137 833 1499 887 instructionem,
1535 849 1650 890 quae
1686 835 1792 879 data
1829 844 1900 880 est

267 908 540 964 prouinciali
563 909 794 962 Austriae,
819 917 864 953 et
887 911 1038 965 quoad
1060 910 1158 952 eius
1179 909 1276 952 fieri
1308 910 1489 966 poterit,
1521 911 1807 955 coadiutores
1827 911 1898 954 in-

266 985 426 1028 tersint
449 985 822 1040 recreationibus3
847 979 969 1042 quod
1000 994 1047 1029 ut
1076 985 1171 1030 fieri
1202 986 1362 1042 possit,
1393 1002 1510 1043 quae
1538 1002 1629 1030 non
1657 995 1791 1032 erunt
1818 1004 1899 1033 ne-

266 1062 464 1106 cessario
494 1062 646 1105 statim
674 1064 868 1119 agenda,
899 1065 1097 1108 referent
1129 1063 1175 1106 in
1209 1073 1403 1120 tempus,
1439 1065 1564 1120 quod
1594 1064 1800 1120 sequitur
1830 1079 1899 1109 re-

268 1139 618 1183 creationem....
670 1132 676 1135 ⁸
1889 1143 1893 1145 ’

355 1216 587 1260 Antonius
619 1218 629 1238 ¹
669 1217 822 1260 audiat
857 1217 1100 1262 lectionem
1139 1217 1466 1274 theologicam,
1507 1225 1554 1261 et
1590 1219 1757 1262 scribat
1793 1234 1900 1263 suas

267 1293 526 1348 conciones3
553 1294 598 1337 id
619 1293 656 1338 si
679 1293 828 1337 videat
850 1302 1002 1338 rector
1020 1294 1115 1338 fore
1132 1294 1174 1339 ei
1190 1294 1387 1348 difficile,
1406 1295 1564 1339 saltem
1582 1295 1731 1351 capita
1748 1310 1897 1339 rerum

270 1370 456 1423 scribat,
483 1378 528 1415 et
551 1372 693 1414 uerbo
714 1372 881 1415 referat
903 1372 959 1413 ad
983 1378 1220 1423 rectorem,
1246 1372 1303 1416 de
1325 1371 1490 1428 quibus
1512 1379 1582 1415 est
1603 1371 1824 1426 dicturus,
1849 1381 1900 1415 ut

266 1450 380 1492 haec
402 1447 640 1504 diligentia
662 1448 796 1491 faciat
820 1463 911 1490 non
935 1448 1181 1492 desiderari
1203 1448 1487 1505 scripturam.
1521 1450 1583 1494 Vt
1611 1450 1726 1494 haec
1755 1449 1900 1506 possit

266 1532 513 1581 praestare,
533 1526 711 1569 leuetur
733 1525 927 1582 primum
951 1525 1099 1568 officio
1132 1525 1434 1578 examinandi,
1469 1525 1635 1570 deinde
1656 1541 1766 1570 cura
1787 1527 1899 1570 olla-

268 1602 452 1646 riorum.
479 1603 569 1644 Pro
590 1602 774 1646 licentia
795 1602 981 1646 veniant
1003 1616 1161 1645 omnes
1183 1602 1430 1645 constituta
1447 1604 1580 1646 hora.

358 1681 528 1726 Curam
550 1678 808 1722 ollariorum
834 1678 1020 1722 habebit
1044 1680 1180 1723 Pater
1201 1680 1436 1723 Gerardus
1458 1666 1738 1724 Pastelius'...

356 1758 463 1812 Quo
485 1756 558 1800 die
580 1755 871 1799 comunicant
894 1756 1071 1808 fratres,
1097 1771 1156 1800 ne
1178 1756 1310 1800 detur
1332 1756 1418 1799 illis
1440 1756 1733 1801 ientaculum.

354 1834 520 1878 Videat
542 1832 837 1889 prouincialis
858 1848 916 1876 an
939 1832 996 1876 sit
1019 1832 1361 1877 interdicendas
1383 1848 1493 1876 usus
1516 1833 1718 1877 manicae
1741 1834 1899 1877 sufful-

265 1919 336 1955 tae
360 1917 545 1967 propter
568 1909 748 1966 frigoris
770 1909 996 1953 iniuriam.
1022 1910 1141 1952 Dixi
1162 1913 1318 1965 postea
1350 1924 1454 1973 non⁴
1470 1924 1564 1952 esse
1595 1910 1674 1952 lzoc
1704 1913 1900 1966 tempore

264 1987 655 2031 intermittendum
679 1994 710 2029 ³.

331 2142 350 2159 a
399 2131 508 2166 Haec
525 2135 676 2177 septem
696 2129 830 2164 ultima
849 2130 968 2164 verba
988 2128 1140 2164 Natalis
1159 2140 1276 2165 manu
1293 2128 1425 2164 addita
1443 2135 1548 2165 sunt.
1773 2161 1791 2171 ⁴

336 2259 346 2279 ¹
397 2257 513 2292 Hunc
533 2256 763 2300 Antonium,
781 2256 1111 2300 concionatorem,
1137 2255 1382 2302 suspicamur
1405 2267 1483 2291 non
1508 2267 1596 2291 esse
1620 2255 1739 2292 alium
1763 2257 1813 2292 ab
1838 2267 1902 2301 eo,

262 2316 312 2352 de
330 2326 406 2363 quo
425 2315 576 2351 Natalis
595 2315 634 2350 in
650 2314 816 2362 epistola
834 2314 882 2349 ad
900 2314 1095 2360 Borgiam,
1121 2323 1163 2360 19
1182 2314 1345 2352 Octobr.
1370 2315 1459 2360 1566
1477 2314 1582 2360 data,
1601 2315 1746 2354 aiebat:
1764 2316 1902 2351 «Mtro.

264 2374 437 2411 Antonio
455 2374 667 2420 fiamengo,
683 2374 756 2409 che
775 2373 898 2420 prima
917 2375 1020 2408 lesse
1044 2373 1238 2409 rhetorica
1256 2374 1295 2409 in
1314 2374 1480 2420 Vienna,
1501 2379 1541 2409 et
1558 2374 1673 2421 dopoi
1698 2374 1738 2410 in
1762 2375 1902 2420 Praga,

259 2434 444 2471 restando
462 2434 501 2469 di
519 2435 680 2480 leggere
698 2434 736 2469 13
753 2432 959 2478 rhetorica,
981 2433 1013 2468 si
1032 2431 1186 2479 applico
1206 2433 1320 2480 pochi
1339 2432 1436 2468 mesi
1450 2433 1583 2478 (credo
1601 2434 1673 2469 che
1691 2444 1714 2479 4
1731 2445 1754 2482 ρ
1772 2438 1810 2478 5)
1828 2435 1903 2470 3113

259 2495 394 2540 lingua
411 2493 584 2539 tedesca,
603 2491 827 2539 sapendone
846 2492 970 2538 prima
997 2493 1116 2527 molto
1146 2503 1259 2538 poco,
1285 2498 1325 2527 et
1343 2485 1426 2528 *non
1451 2492 1632 2528 hauendo
1661 2492 1823 2539 sentito,
1852 2494 1902 2529 ne

260 2552 518 2602 philosophia,
533 2553 581 2588 ne
597 2551 807 2597 theologia,
826 2549 1020 2586 comincio
1038 2563 1060 2586 a
1078 2551 1279 2598 predicare
1293 2562 1368 2587 con
1381 2552 1500 2587 molta
1515 2551 1788 2588 sodisfattione
1801 2553 1903 2589 nella

261 2619 393 2649 nostra
407 2612 585 2648 chiesa...
601 2610 723 2646 Verria
741 2621 762 2645 a
781 2611 895 2645 Mtro.
917 2609 1089 2656 Canisio,
1110 2615 1150 2645 et
1168 2611 1204 2645 la
1223 2611 1266 2645 P.
1288 2611 1341 2647 V.
1364 2611 1507 2646 hauera
1533 2622 1603 2657 per
1631 2611 1696 2646 all'
1715 2622 1782 2646 ora
1804 2611 1904 2647 ordi-

259 2681 366 2719 nato,
385 2673 457 2708 che
475 2671 509 2707 si
526 2672 575 2706 ha
592 2670 641 2706 da
653 2669 733 2705 fare
747 2669 786 2704 di
805 2669 897 2704 lui.»
919 2670 1053 2715 Epist.
1079 2671 1127 2705 Ρ.
1148 2670 1299 2711 Nadal,
1320 2671 1392 2714 111,
1411 2670 1495 2715 265.
1514 2670 1704 2706 Eumdem
1723 2670 1904 2707 laudibus

259 2731 414 2768 extollit
428 2732 631 2774 SCHMmL,
649 2729 688 2764 in
705 2729 894 2764 Historia
916 2729 959 2764 S.
970 2729 1015 2774 J.
1031 2730 1271 2775 provinciae
1286 2730 1502 2771 bohemiae,
1520 2741 1611 2776 pag.
1627 2729 1710 2772 218,
1724 2730 1793 2766 ubi
1809 2731 1906 2766 haec

262 2792 365 2827 inter
390 2790 478 2826 alia:
508 2789 643 2836 «cujus
667 2788 787 2823 etiam
817 2787 1039 2823 Conciones
1065 2788 1198 2824 multis
1222 2794 1311 2835 post
1335 2789 1447 2824 annis
1471 2788 1660 2825 Germani
1684 2789 1907 2835 pragenses

251 2849 441 2897 jucunde,
461 2860 533 2884 nec
551 2848 635 2884 sine
654 2846 782 2890 laude,
803 2846 987 2882 memoria
1006 2853 1187 2894 repetere
1203 2848 1423 2884 solebant.»
