2098 3470
828 254 1261 294 Inmucrxouas—61
1742 251 1813 297 463

315 363 387 406 De
408 360 572 417 quauis
593 359 843 405 tentatione
858 358 978 402 circa
1000 356 1284 400 vocationem
1301 369 1447 408 suam;
1468 354 1647 399 tametsi
1661 369 1756 398 non
1773 353 1860 397 sibi

221 438 439 482 conscius
460 437 520 481 sit
540 450 793 482 consensus
814 434 1021 480 alicuius.

314 517 386 559 De
422 514 673 560 tentatione
709 520 867 558 contra
903 510 1227 563 obedientiam,
1267 510 1339 554 vel
1376 508 1655 566 superiorem
1695 508 1860 564 quouis

229 593 380 635 modo.

315 670 375 712 Et
394 669 452 713 de
469 668 632 724 quauis
654 668 787 725 graui
809 667 1074 712 tentatione.

317 746 376 789 Et
392 747 450 790 de
471 745 754 802 negligentia
774 744 873 789 siue
893 742 1231 800 imperfectione
1252 741 1469 785 orationis
1489 750 1536 784 et
1556 739 1794 785 examinis.

316 824 388 866 De
410 821 693 878 negligentia
715 820 837 876 circa
857 821 1056 877 regulas.

315 899 455 955 Quod
483 913 578 942 non
613 898 812 943 enitatur
840 898 1066 954 proficere
1093 897 1140 940 in
1170 896 1244 939 via
1269 894 1584 958 perfectionis,
1615 894 1737 950 quod
1770 909 1861 936 non

225 975 400 1020 sentiat
414 977 614 1019 fructum
636 975 683 1018 in
705 974 1044 1031 operationibus
1065 973 1175 1017 suis.

313 1056 397 1099 272
419 1053 558 1108 Quod
580 1066 670 1095 non
688 1067 738 1096 se
759 1058 971 1108 preparet
990 1051 1048 1094 ad
1068 1051 1187 1094 dona
1203 1050 1289 1094 Dei
1309 1049 1483 1093 domini
1505 1048 1526 1067 ⁸¹
1548 1048 1857 1104 suscipienda.

315 1130 544 1185 Quodque
565 1143 668 1172 cum
691 1129 758 1172 eis
778 1143 871 1172 non
892 1135 1132 1171 concurrat
1154 1141 1258 1170 cum
1275 1126 1398 1170 omni
1421 1125 1721 1183 plenitudine.

313 1208 384 1251 De
406 1205 660 1249 venialibus
682 1206 728 1248 in
752 1205 933 1249 casibus
954 1204 1213 1249 reseruatis.

313 1283 524 1339 Denique
546 1283 604 1327 de
624 1283 836 1326 omnibus
866 1281 965 1326 aliis
985 1281 1258 1333 defectibus,
1282 1295 1397 1336 quos
1419 1295 1478 1325 ex
1500 1281 1688 1338 regulis,
1714 1280 1863 1324 cuiuis

221 1361 358 1405 etiam
381 1359 628 1403 christiano
649 1358 983 1413 communibus,
1002 1365 1150 1415 potest
1167 1357 1398 1415 colligere,
1418 1357 1684 1414 praesertim
1700 1358 1757 1401 de
1779 1358 1862 1401 de-

224 1437 420 1482 fectibus
439 1437 487 1479 in
503 1436 651 1480 officio
668 1451 753 1480 suo
770 1436 1029 1492 particulari
1045 1434 1312 1489 commissis,
1331 1435 1430 1479 siue
1446 1435 1504 1478 sit
1521 1435 1742 1491 superior,
1763 1435 1863 1479 siue

219 1506 449 1566 sacerdos,
474 1513 572 1557 siue
594 1515 836 1569 professor,
861 1513 959 1556 siue
980 1512 1174 1566 auditor,
1198 1511 1297 1555 siue
1319 1512 1442 1555 aliud
1458 1512 1657 1555 officium
1674 1513 1857 1556 habeat.

311 1591 568 1642 Praeterea,
592 1590 716 1646 quod
737 1589 783 1633 in
804 1589 1046 1646 partitione
1068 1589 1284 1645 temporis
1305 1604 1395 1632 non
1414 1596 1538 1634 recte
1554 1604 1604 1633 se
1621 1589 1862 1645 occuparit

224 1667 417 1725 singulis
437 1667 564 1710 horis
585 1666 689 1710 diei.
716 1667 947 1711 Obseruet
969 1673 1121 1711 autem
1150 1667 1532 1723 quemadmodum
1559 1680 1862 1722 vnaquaeque

221 1759 297 1789 res
332 1744 408 1801 agi
443 1745 623 1796 debeat,
663 1743 827 1788 deinde
860 1743 1115 1789 consideret
1146 1743 1528 1799 quemadmodum
1560 1758 1660 1788 eam
1692 1743 1857 1799 egerit.

226 1822 307 1864 Est
335 1828 488 1865 autem
515 1820 984 1881 animaduertendum,
1018 1820 1140 1876 quod
1170 1821 1224 1873 is,
1259 1820 1338 1876 qui
1366 1820 1438 1863 vel
1469 1835 1550 1876 per
1577 1835 1643 1873 se,
1677 1822 1750 1865 vel
1780 1835 1862 1876 per

223 1897 376 1950 alium,
401 1898 640 1954 cognoscit
658 1912 708 1942 se
729 1912 830 1942 esse
851 1882 1083 1940 crassioris
1104 1897 1343 1952 minusque
1365 1898 1590 1941 sensibilis
1619 1897 1860 1941 conscien-

225 1974 313 2019 tiae
332 1973 378 2016 in
400 1974 598 2031 peccatis
619 1973 928 2026 aestimandis,
953 1974 1088 2018 debet
1105 1988 1287 2030 operam
1304 1975 1413 2017 dare
1428 1981 1478 2017 vt
1495 1975 1553 2018 ad
1570 1974 1861 2018 mediocrita-

223 2058 313 2094 tem
335 2051 593 2104 reducatur,
617 2058 663 2095 et
683 2050 891 2095 confiteri
919 2050 1056 2094 etiam
1083 2050 1279 2095 minores
1307 2044 1673 2108 imperfectiones
1702 2053 1857 2107 debet.

222 2128 394 2171 Contra
413 2142 538 2180 vero,
562 2127 600 2170 si
622 2127 723 2183 quis
744 2127 807 2171 ita
830 2128 908 2170 fiat
928 2127 1150 2171 delicatus
1166 2142 1220 2171 ac
1237 2134 1381 2182 tener,
1401 2135 1451 2171 vt
1472 2128 1519 2171 in
1540 2128 1863 2185 perplexitates

224 2203 392 2257 veniat,
418 2206 459 2249 ei
481 2204 756 2248 omittendae
782 2213 892 2248 sunt
918 2204 993 2248 ille
1021 2203 1236 2249 minutiae
1263 2205 1525 2258 venialium,
1557 2195 1694 2261 atque
1727 2205 1862 2249 etiam

208 2281 373 2338 'aliqua
394 2297 448 2326 ex
472 2281 716 2326 maioribus
738 2285 823 2328 273
842 2281 1111 2335 venialibus,
1136 2289 1182 2325 et
1202 2282 1351 2326 danda
1372 2297 1526 2339 opera,
1547 2290 1597 2325 vt
1619 2283 1718 2326 aliis
1735 2297 1864 2326 exer-

223 2358 342 2402 citiis
369 2366 505 2413 atque
533 2358 676 2402 modis
706 2358 1027 2402 communibus
1058 2358 1249 2403 obsistat
1283 2359 1554 2412 venialibus,
1591 2359 1863 2415 veniamque

226 2435 406 2478 illorum
428 2435 652 2492 impetret.
790 2486 798 2492 ,

313 2512 623 2555 Remittuntur
646 2519 797 2556 autem
820 2519 1008 2568 peccata
1035 2512 1230 2573 venialia
1258 2514 1546 2566 contritione,
1573 2513 1864 2557 confessione

224 2589 440 2645 generali,
467 2590 646 2634 feruore
666 2589 916 2641 charitatis,
937 2589 1229 2646 percussione
1245 2591 1459 2647 pectoris,
1480 2590 1697 2634 orationis
1716 2590 1863 2633 domi-

224 2665 352 2709 nicae
373 2665 654 2723 recitatione,
679 2665 878 2722 episcopi
901 2666 1234 2720 benedictione,
1259 2668 1519 2724 aspersione
1542 2682 1687 2722 aquae
1719 2668 1863 2710 bene-

209 2742 386 2795 dictae,
411 2743 449 2784 si
471 2757 576 2785 cum
598 2742 750 2798 aliqua
770 2742 1015 2787 deuotione
1043 2745 1156 2787 haec
1185 2745 1312 2797 fiant,
1338 2744 1528 2799 aliisque
1558 2744 1667 2786 item
1698 2743 1859 2786 modis.

225 2819 316 2864 Sed
345 2820 506 2862 modus
535 2818 777 2862 facillimus
803 2826 874 2864 est
901 2827 1031 2863 actus
1063 2820 1295 2864 charitatis
1333 2835 1438 2863 cum
1475 2820 1626 2876 aliquo
1665 2820 1861 2864 feruore.

228 2895 416 2951 Reliqua
437 2911 495 2940 ex
516 2895 687 2953 regulis
709 2896 1029 2941 communibus
1047 2897 1271 2953 intelligat
1294 2897 1532 2940 confitens

280 3072 299 3090 a
352 3061 520 3097 Domini
536 3063 642 3098 dona
662 3073 735 3098 ms.
