2098 3470
309 227 378 271 576
780 226 935 262 Purus
961 226 1202 262 Hmnonvm
1228 226 1380 262 NADAL

262 327 529 384 angelorum
557 334 602 371 et
625 335 901 380 sanctorum,
926 335 1082 371 contra
1114 328 1357 371 daemones
1395 334 1439 371 et
1477 341 1716 384 peruersos
1751 335 1769 353 ⁸
1805 329 1886 372 ho—

261 403 421 448 mines.

349 482 441 524 Pro
465 481 663 537 aegrotis
685 481 913 527 omnibus,

349 560 439 601 Pro
459 557 546 611 his,
572 557 650 614 qui
671 558 1033 615 persecutionem
1058 557 1306 614 patiuntur.

346 636 437 677 Pro
454 644 571 691 'pace
592 635 708 678 inter
730 635 955 691 principes
978 634 1264 678 christianos.

346 713 435 755 Pro
457 726 568 768 pace
590 711 802 755 vniuersa
823 719 869 755 et
891 711 1166 769 particulari.

345 789 436 831 Pro
457 788 650 831 sanitate
672 795 717 832 et
739 788 856 832 aeris
880 787 1108 844 temperie.

344 867 436 908 Pro
458 865 757 921 productione
780 865 1218 920 conseruationeque
1236 865 1466 908 fructuum
1486 872 1648 910 terrae.

344 945 434 986 Pro
455 942 542 996 his,
568 942 645 998 qui
669 949 775 986 sunt
797 942 842 985 in
866 941 1070 998 periculo
1093 941 1243 986 maris.
1814 997 1818 1000 Δ

343 1022 434 1063 Pro
450 1020 536 1072 his,
557 1020 635 1076 qui
651 1035 811 1064 versan
819 1027 889 1062 tur
906 1019 950 1061 in
969 1019 1087 1063 bello
1102 1020 1322 1081 aduersus
1337 1019 1542 1064 infideles
1556 1026 1601 1064 et
1615 1020 1890 1066 haereticos..

340 1096 663 1153 Vnusquisque
685 1097 969 1153 peculiariter
991 1095 1239 1140 orationem
1264 1096 1397 1139 faciet
1414 1111 1495 1152 pro
1517 1096 1705 1141 suismet
1722 1112 1884 1142 neces-

251 1173 476 1227 sitatibus,
503 1173 727 1230 periculis,
753 1173 901 1217 salute
923 1181 968 1216 et
990 1172 1282 1228 perfectione,
1308 1173 1549 1229 praecipue
1570 1188 1652 1230 pro
1673 1188 1727 1218 ea
1749 1189 1813 1227 re,
1838 1174 1893 1220 in.

250 1265 341 1306 qua
363 1250 557 1295 maxime
579 1265 629 1295 se
651 1251 846 1294 deficere
863 1248 1114 1305 cognoscit.

341 1329 431 1370 Pro
453 1327 615 1383 quauis
637 1343 700 1378 re,
725 1341 859 1382 quam
883 1326 1138 1382 superiores
1160 1326 1533 1370 commendarint.
1637 1384 1642 1388 .

337 1409 421 1452 56⁰
445 1405 535 1448 Pro
558 1404 767 1447 omnibus
789 1403 1152 1455 necessitatibus,
1177 1418 1291 1458 quas
1313 1403 1432 1446 norit
1452 1390 1756 1460 peculiariter,
1789 1411 1879 1448 tam

247 1484 439 1525 fratrum
461 1496 598 1538 quam
620 1488 925 1533 externorum,
953 1488 1050 1523 tum
1073 1479 1261 1536 priuatis
1283 1487 1378 1523 tum
1400 1480 1608 1536 publicis.

322 1612 619 1643 ARGUMENTA
643 1612 846 1642 somTAE
870 1611 1219 1641 MEmTATmNis
1243 1611 1499 1642 POTERUNT
1522 1611 1639 1642 ESSE
1661 1612 1805 1652 HAEC,

842 1689 971 1726 QUAE
995 1688 1287 1726 SEQUUNTUR

339 1789 507 1834 Omnia
531 1788 744 1845 mysteria
766 1788 886 1831 vitae
910 1787 1095 1831 Christi.

335 1868 405 1909 De
427 1872 611 1910 aeterna
633 1864 942 1922 generatione,
964 1878 1051 1920 qua
1074 1879 1099 1907 a
1118 1865 1251 1907 Patre
1274 1871 1458 1907 aeterno
1475 1871 1721 1920 generatur
1738 1863 1885 1908 Filius

246 1946 303 1988 ab
327 1951 528 1988 aeterno.

333 2023 405 2066 De
421 2019 718 2076 productione
734 2033 822 2074 qua
839 2021 971 2061 Pater
989 2025 1034 2062 et
1046 2018 1187 2061 Filius
1204 2020 1260 2061 ab
1278 2026 1462 2063 aeterno
1479 2018 1652 2075 spirant
1663 2017 1879 2074 Spiritum

244 2104 468 2140 sanctum.

332 2175 402 2217 De
423 2171 735 2215 incarnatione
750 2173 862 2229 jesu
884 2171 1071 2224 Christi3
1097 2179 1142 2214 et
1159 2171 1446 2227 peculiariter
1461 2173 1518 2216 de
1535 2178 1630 2215 tota
1647 2171 1739 2214 vita
1754 2171 1871 2215 eius-

242 2253 345 2295 dem
372 2249 572 2307 passibili
600 2258 646 2292 et
674 2248 866 2301 mortali,
897 2250 984 2291 hoc
1011 2256 1080 2291 est
1108 2250 1165 2293 de
1192 2248 1405 2305 operibus
1433 2255 1478 2292 et
1506 2247 1732 2305 mysteriis
1753 2237 1876 2292 eius·

241 2329 362 2382 dem,
386 2341 531 2382 Vsque
553 2326 609 2369 ad
633 2325 1007 2369 resurrectionem
1032 2325 1280 2369 exclusiue.
1308 2327 1437 2370 Haec
1459 2324 1610 2369 omnia
1631 2324 1876 2370 diuidenda

241 2419 321 2461 per
342 2411 496 2460 partes
518 2402 644 2446 iuxta
667 2402 927 2445 methodum
951 2401 996 2444 in
1019 2402 1245 2445 exercitiis
1266 2403 1492 2446 traditam.

331 2483 400 2526 De
422 2480 758 2526 resurrectione
778 2480 967 2534 eiusque
991 2480 1229 2535 mysteriis.

329 2563 401 2606 561
424 2560 494 2602 De
516 2556 782 2602 ascensione
803 2563 847 2600 et
871 2556 1084 2600 missione
1106 2555 1302 2612 Spiritus
1323 2556 1485 2599 sancti.

330 2637 541 2691 Quonam
564 2641 696 2691 pacto
725 2633 863 2676 totius
893 2632 1049 2676 mundi
1077 2647 1231 2676 curam
1254 2639 1386 2689 gerat
1407 2634 1550 2688 Xpus.
1574 2639 1620 2676 et
1641 2633 1872 2689 guberna-

239 2713 425 2765 tionem,
451 2710 712 2768 praesertim
737 2710 956 2754 ecclesiae
979 2709 1232 2754 catholicae
1254 2717 1299 2753 et
1321 2710 1615 2752 orthodoxae.
1641 2710 1875 2764 Quemad«

239 2790 424 2832 modum
446 2803 625 2832 omnem
648 2794 917 2844 potestatem
940 2794 1148 2831 exerceat
1170 2786 1214 2830 in
1240 2787 1368 2830 coelo
1390 2793 1436 2830 et
1458 2785 1505 2828 in
1527 2793 1661 2829 terra.

327 2868 398 2911 De
420 2865 494 2911 X.i
515 2864 733 2922 peculiari
755 2864 893 2907 totius
917 2863 1160 2907 Societatis
1183 2862 1584 2916 administratione,
1609 2861 1871 2918 praesertim

566 3007 585 3025 s

309 3045 326 3062 a
371 3037 586 3081 preuersos
604 3043 676 3067 ms,
