2098 3470
322 266 390 303 292
793 257 946 293 PATms
973 258 1216 295 Hmnoiwm
1243 258 1394 294 NADAL

361 358 610 402 Reficiatur
632 345 821 402 inferius
838 358 1160 415 hipocaustum
1182 359 1504 412 domunculae,
1531 374 1647 415 quae
1675 367 1744 404 est
1767 375 1907 418 prope

267 436 471 491 januam,
497 443 541 478 et
560 435 856 478 coniunctum
878 436 940 478 illi
969 436 1231 478 cubiculum
1255 437 1312 478 ad
1343 436 1649 492 excipiendos,
1675 437 1752 493 qui
1773 437 1899 482 uide-

274 513 446 556 buntur
468 527 602 568 posse
625 511 772 555 iuuari
794 512 839 555 in
862 513 1038 570 spiritu,
1065 520 1154 558 etc.

363 584 509 641 Penu,
531 590 654 644 quod
675 598 743 633 est
760 589 885 633 iuxta
901 591 1089 646 januam
1107 590 1385 643 interiorem,
1406 593 1681 635 concedatur
1702 592 1903 648 collegio

271 681 540 723 pauperum,
572 666 635 708 ita
658 673 824 719 tamen,
859 675 906 709 ut
935 668 1173 710 obstruant
1199 667 1365 710 ostium
1396 675 1441 711 et
1479 669 1739 721 fenestram,
1765 683 1902 724 quam

275 743 444 787 facient
466 758 522 786 ex
545 743 631 792 alia
647 752 790 799 parte.

357 821 647 869 ,Occludatur
670 821 882 872 fenestra,
910 835 1026 881 quae
1046 835 1102 863 ex
1133 820 1344 869 cubiculo
1373 821 1675 878 collegi-aliurn
1705 822 1909 878 pertinet

272 897 329 940 ad
353 904 559 940 nostrum
589 896 769 950 atrium3
795 905 839 941 et
867 897 904 940 si
933 904 1118 941 noceret
1140 897 1321 940 sanitati
1350 905 1491 941 totam
1518 898 1638 941 illam
1669 899 1899 951 claudere,

273 975 516 1017 claudatur
539 981 715 1017 tantum
744 979 909 1031 m‘agna
938 974 1056 1017 illius
1084 989 1204 1031 pars,
1237 989 1293 1018 ex
1322 983 1448 1031 parte
1477 975 1692 1028 inferiori,
1723 984 1768 1019 et
1789 989 1909 1032 pons

271 1051 495 1096 eiiciatur.
1455 1051 1457 1054 ⁴

362 1130 598 1181 Lucas,'et
622 1130 861 1186 hungarus
888 1128 1162 1184 recipiantur
1190 1136 1235 1173 et
1265 1129 1502 1172 mittantur
1532 1131 1742 1185 Pragam.
1771 1130 1901 1174 Scla-

271 1220 358 1248 uus
378 1205 619 1258 Abstemii,
647 1205 725 1262 qui
746 1214 815 1250 est
838 1209 997 1249 horum
1022 1206 1188 1258 socius,
1213 1220 1316 1248 cum
1340 1206 1539 1258 redierit,
1559 1205 1596 1249 si
1619 1213 1743 1262 petat
1764 1193 1903 1262 recipi

271 1283 329 1325 ad
346 1282 637 1335 Societatem,
657 1290 703 1326 et
721 1283 929 1327 uideatur
954 1290 1043 1325 tam
1067 1297 1166 1327 esse
1189 1291 1402 1326 constans
1425 1297 1558 1339 quam
1575 1290 1687 1337 erat,
1714 1283 1895 1339 recipia-

271 1366 345 1402 tur
369 1367 414 1402 et
437 1359 643 1402 mittatur
664 1361 874 1416 Pragam.
1150 1397 1161 1418 Ι
1662 1344 1673 1355 ’

356 1438 559 1494 Joannes
589 1437 698 1480 saxo
720 1437 977 1492 recipiatur,
1009 1451 1111 1479 cum
1135 1437 1327 1492 primum
1357 1436 1522 1492 poterit
1543 1451 1643 1481 esse
1664 1436 1905 1493 expeditus
1943 1427 1949 1432 ’

265 1529 292 1556 a
320 1515 456 1556 rebus
479 1513 589 1566 suis,
614 1514 671 1557 de
694 1528 784 1569 quo
805 1514 926 1558 dicet
949 1515 999 1556 P.
1027 1513 1200 1557 Natalis
1217 1529 1275 1556 an
1293 1513 1349 1556 sit
1367 1514 1614 1557 mittendus
1631 1514 1783 1557 statim
1804 1516 1897 1558 Mo·
1953 1543 1957 1545 -

270 1590 503 1647 nachium‚
523 1606 580 1634 an
604 1605 714 1635 uero
730 1590 788 1633 sit
805 1590 879 1643 hic
898 1590 1198 1646 recipiendus,
1219 1598 1270 1633 ut
1287 1597 1446 1646 postea
1464 1590 1777 1646 proficiscatur
1797 1605 1902 1634 cum

269 1668 322 1710 P.
350 1669 552 1724 Lanoyo.
577 1667 719 1720 Dixit,
746 1675 795 1709 ut
817 1667 1130 1723 proficiscatur
1151 1682 1255 1710 cum
1283 1670 1334 1710 P.
1356 1669 1599 1723 Lanoyo...

356 1744 405 1789 Si
428 1744 530 1800 quis
551 1746 688 1788 habet
709 1744 935 1788 licentiam
956 1744 1140 1800 legendi
1161 1744 1299 1787 libros
1321 1744 1589 1796 haereticos,
1615 1759 1713 1787 earn
1733 1744 1902 1789 intelli·

268 1821 421 1878 gimus
443 1821 505 1864 ita
529 1836 632 1865 eum
655 1823 838 1873 habere,
864 1837 954 1863 non
977 1830 1028 1863 ut
1056 1822 1223 1863 habeat
1245 1821 1364 1877 apud
1386 1836 1434 1864 se
1457 1821 1742 1865 continenter
1763 1821 1906 1865 libros

271 1898 546 1951 haereticos,
579 1913 693 1954 quos
721 1913 877 1942 omnes
906 1898 1090 1941 habebit
1119 1906 1267 1942 rector
1288 1899 1496 1941 occlusos
1524 1898 1569 1940 in
1592 1912 1711 1950 arca,
1737 1898 1902 1943 sedita

270 1976 436 2031 poterit
458 1975 525 2018 uti
549 1975 624 2018 illa
646 1976 874 2026 facultate,
903 1983 966 2025 ut,
993 1974 1170 2029 quoties
1191 1974 1276 2017 erit
1298 1975 1601 2018 necessarium
1625 1975 1691 2017 uti
1706 1974 1905 2018 lectione

267 2051 486 2094 librorum
506 2051 854 2103 haereticorum,
880 2066 933 2095 ea
954 2051 1016 2093 illi
1045 2051 1231 2095 concedi
1254 2051 1411 2106 possit,
1437 2052 1494 2093 ad
1516 2051 1899 2108 impugnandum.

269 2130 531 2172 Teneantur
575 2143 698 2180 uero,
740 2143 843 2171 cum
882 2128 1007 2171 libris
1042 2128 1096 2171 iis
1125 2127 1194 2170 usi
1235 2128 1418 2180 fuerint,
1455 2128 1695 2173 restituere
1732 2127 1906 2172 rectori-

268 2206 589 2249 occludendos.

357 2281 504 2325 Fratri
530 2282 768 2325 Cardaneo
786 2282 840 2323 ad
864 2281 1208 2325 conuersionem
1227 2281 1462 2334 iuuenum,
1482 2296 1586 2324 cum
1605 2281 1770 2337 quibus
1786 2281 1901 2338 agit,

266 2367 416 2415 potest
439 2360 548 2403 dare
571 2357 863 2414 prouincialis
887 2359 960 2401 uel
985 2366 1130 2401 rector
1152 2359 1251 2401 loca
1278 2358 1628 2410 haereticorum,
1655 2373 1772 2414 quae
1794 2373 1901 2414 pos·

267 2436 325 2479 sit
347 2435 435 2479 illis
457 2436 714 2487 ostendere,
748 2443 797 2478 ut
833 2450 911 2477 eos
944 2435 1119 2478 facilius
1150 2435 1292 2491 possit
1330 2449 1598 2491 promouere
1627 2436 1683 2478 ad
1711 2449 1901 2479 conuer-

266 2513 459 2557 sionem.
764 2566 767 2570 ¹
1826 2557 1842 2579 x

357 2589 710 2633 Exhortationes
732 2589 1006 2633 domesticae
1029 2603 1121 2633 non
1145 2591 1368 2634 excedant
1390 2603 1525 2631 unam
1557 2590 1732 2644 horam,
1758 2595 1803 2632 et
1824 2603 1905 2631 eas

267 2666 432 2722 poterit
455 2667 626 2710 habere
651 2666 957 2721 prouincialis,
985 2674 1132 2709 rector
1154 2674 1199 2710 et
1217 2665 1353 2721 aliqui
1373 2665 1542 2709 selecti.

359 2743 574 2795 Obediat,
600 2750 650 2785 ut
673 2742 893 2798 superiori
917 2742 1230 2794 subordinato,
1257 2744 1378 2797 quod
1399 2743 1457 2784 ad
1480 2742 1695 2797 templum
1719 2740 1897 2793 attinet,

266 2819 546 2863 sacristanus
569 2834 652 2862 suo
677 2819 924 2874 praefect03
950 2820 1248 2863 admoneatur
1271 2828 1421 2862 tamen
1444 2819 1702 2874 praefectus
1730 2825 1780 2859 ut
1802 2832 1876 2859 mo
1891 2843 1900 2848 -

264 2898 421 2940 derate
444 2904 552 2951 agat
576 2911 680 2938 cum
710 2895 802 2947 illo,
828 2896 901 2938 cui
931 2896 1122 2939 liberum
1157 2896 1242 2939 erit
1272 2896 1428 2940 uenire
1459 2897 1515 2938 ad
1542 2894 1837 2951 superiorem,
1863 2893 1899 2936 si

266 2973 376 3028 quid
397 2973 629 3017 uideretur
651 2973 708 3015 ad
731 2971 878 3028 ipsum
902 2987 1002 3016 esse
1024 2974 1314 3016 referendum
1337 2973 1394 3014 de
1417 2972 1662 3027 praefecto.

357 3050 618 3094 Inferiorem
643 3058 814 3106 partem
834 3050 988 3105 templi
1013 3058 1195 3093 uerrent
1217 3049 1346 3105 pueri
1362 3048 1537 3093 externi
1560 3061 1796 3104 pauperes;
1822 3062 1903 3090 su-
