2098 3470
294 275 366 320 708
768 276 924 313 PATms
951 278 1194 313 HmRONYm
1221 276 1372 312 NADAL

336 380 407 423 216
429 377 602 421 Sensus
625 377 809 421 humilis
831 394 886 423 ex
911 378 1089 422 miseria
1112 385 1402 434 peccatorum
1424 385 1469 421 et
1493 378 1810 423 tentationum.

337 453 626 516 Confidentia
646 453 691 497 in
715 455 942 511 operibus,
969 455 1065 497 siue
1088 454 1295 508 internis,
1320 453 1419 499 siue
1445 455 1660 507 externis,
1692 471 1747 500 ex
1776 457 1887 500 obe·

249 529 421 574 dientia
442 529 490 573 in
512 532 612 575 Deo
632 546 712 587 per
734 531 984 586 Christum,
1011 540 1055 575 et
1078 546 1168 574 non
1193 539 1407 587 tanquam
1425 547 1481 575 ex
1499 531 1665 589 nobis„

340 608 505 650 Petrus
522 607 779 652 firmitatem
798 616 843 652 et
860 608 1171 661 directionem,
1189 609 1360 652 Paulus
1377 608 1507 652 nobis
1524 608 1821 652 ministerium
1841 610 1888 652 in

250 682 479 728 Societate
501 693 651 727 nostra
676 684 919 741 significat;
945 693 989 728 et
1013 685 1200 728 adiuuat
1221 692 1411 741 vterque
1438 692 1486 728 vt
1514 685 1733 730 ecclesiae
1760 686 1887 742 prin—

250 775 378 817 cepS.

338 837 564 882 Vitiorum
587 838 977 883 mortificationem
1001 853 1059 881 ne
1081 838 1281 895 neglige,
1307 839 1387 893 fili,
1412 854 1492 895 per
1508 854 1692 883 sensum
1711 839 1889 896 gratiae

249 914 504 959 vocationis
533 921 655 969 tuae,
685 916 759 959 vel
787 914 1111 958 consolationis
1131 915 1176 958 in
1200 915 1475 959 ministeriis:
1502 915 1583 958 tibi
1604 916 1755 960 omnia
1777 916 1889 959 fiant

249 993 428 1044 acerba,
452 991 531 1034 vbi
555 991 703 1049 magis
727 999 772 1037 te
793 992 1081 1035 arbitraberis
1102 1006 1203 1036 esse
1224 1006 1451 1045 securum;
1477 993 1557 1036 sed
1578 995 1697 1036 hanc
1725 993 1884 1036 morti-

248 1068 506 1112 ficationem
534 1054 672 1112 iuuat.
690 1068 1002 1125 quotidianum
1032 1084 1222 1114 examen
1249 1069 1518 1125 particulare
1545 1083 1649 1113 cum
1678 1069 1774 1113 suis
1802 1071 1886 1113 ad-

247 1145 515 1192 ditionibus.

338 1224 503 1268 Petrus
523 1231 569 1267 et
593 1224 763 1266 Paulus
785 1222 1127 1279 expeditissimi,
1153 1222 1281 1278 quasi
1303 1223 1550 1279 praecincti
1579 1224 1636 1266 ad
1665 1237 1883 1279 magnum

243 1299 543 1346 ministerium
565 1299 612 1343 in
634 1299 826 1343 ecclesia
848 1299 893 1342 in
919 1299 1309 1351 fortitudineDei,
1329 1306 1374 1343 et
1391 1300 1642 1352 maiestate,
1663 1300 1883 1355 quemad-

246 1377 432 1420 modum
454 1376 618 1421 iterum
642 1376 784 1421 sensit
806 1376 987 1431 quidam
1011 1376 1058 1418 in
1081 1377 1254 1432 capella
1277 1376 1371 1418 diui
1397 1376 1535 1419 Petri.

328 1458 400 1500 217
434 1453 709 1498 Obedientia
741 1453 997 1498 intellectus
1029 1452 1253 1497 exscindit
1285 1460 1331 1496 et
1365 1454 1540 1497 auferet
1572 1454 1694 1508 quod
1727 1460 1797 1497 est
1834 1454 1880 1496 in

242 1531 335 1574 vita
367 1537 413 1575 et
450 1529 763 1573 difficillimum
793 1537 838 1573 et
868 1529 1251 1572 molestissimum:
1282 1529 1523 1583 iudicium,
1554 1529 1742 1582 scilicet,
1773 1529 1882 1585 quid

238 1607 402 1651 melius
423 1609 573 1651 facere
601 1607 762 1659 debeo,
795 1607 902 1661 quid
933 1605 1184 1658 honestius,
1217 1606 1325 1662 quid
1353 1608 1452 1650 Deo
1482 1607 1729 1663 acceptius;
1762 1615 1808 1651 et
1835 1606 1883 1649 id

237 1684 423 1741 quidem
445 1698 550 1727 cum
568 1698 749 1727 vsumma
770 1683 1046 1726 authoritate
1069 1697 1122 1726 ac
1144 1684 1246 1726 luce
1269 1683 1504 1737 diuinitus3
1529 1683 1687 1739 vtique
1704 1683 1750 1726 in
1770 1685 1881 1727 obe-

237 1761 408 1805 dientia
436 1776 492 1805 ex
521 1760 660 1803 verbo
685 1758 792 1816 Xpi.
823 1759 942 1815 «Qui
966 1774 1047 1802 vos
1069 1759 1212 1812 audit,
1238 1775 1310 1804 me
1333 1760 1458 1803 audit
1483 1762 1542 1812 ¹»,
1566 1767 1675 1812 etc.‚
1703 1767 1797 1803 tum
1823 1776 1880 1804 ex

236 1846 361 1892 voto,
385 1845 476 1883 etc.
499 1839 591 1884 Dat
618 1837 759 1893 igitur
789 1836 919 1879 nobis
948 1836 1205 1892 paradisum
1233 1837 1279 1879 in
1309 1844 1427 1880 terra
1456 1837 1715 1882 obedientia
1742 1836 1879 1880 intel-

236 1915 398 1968 lectus,
429 1921 475 1959 et
504 1914 684 1970 quidem
715 1914 773 1956 ad
801 1913 1098 1956 imitationem
1128 1920 1275 1957 status
1304 1913 1592 1958 innocentiae
1620 1913 1748 1957 ducit
1775 1928 1880 1970 pro-

237 1992 373 2045 xime,
392 1992 516 2047 quod
532 1991 589 2034 ad
606 1990 771 2034 mentis
788 1990 986 2045 quietem
1004 1990 1182 2035 attinet.
1204 1991 1253 2033 In
1270 1990 1478 2047 paradiso
1495 1990 1615 2034 enirn
1633 1990 1748 2034 nihil
1764 2006 1879 2034 con-

237 2069 512 2120 siderabant,
533 2066 751 2110 iudicium
770 2082 862 2110 non
879 2067 1169 2120 exercebant,
1189 2081 1272 2110 cur
1289 2067 1593 2124 praecepisset
1609 2070 1752 2121 Deus,
1772 2076 1879 2122 etc.;

236 2147 319 2190 sed
339 2144 507 2188 diaboli
530 2143 706 2188 malicia
727 2143 802 2185 vbi
827 2143 1018 2199 primum
1043 2144 1349 2188 considerauit
1378 2145 1491 2196 Eua,
1523 2159 1548 2187 a
1576 2144 1774 2189 iustitiae
1806 2161 1878 2189 re-

239 2222 462 2267 ctitudine
484 2220 669 2266 excidit.

325 2300 515 2355 Semper
536 2297 581 2340 in
607 2297 765 2340 timore
787 2297 1016 2340 standum.
1050 2299 1168 2341 Nam
1198 2297 1333 2341 etiam
1363 2297 1401 2340 si
1429 2298 1664 2342 abundent
1691 2298 1881 2344 sensiles

237 2374 428 2432 gratiae,
451 2389 567 2430 quae
584 2373 746 2416 iuuant
762 2372 943 2428 quidem
960 2374 1016 2415 ad
1031 2372 1215 2416 habitus
1228 2372 1447 2416 virtutum
1462 2378 1536 2420 218
1551 2375 1882 2430 comparandos

236 2461 282 2496 et
311 2451 443 2496 facile
470 2450 763 2501 exercendos,
795 2459 946 2492 tamen
974 2457 1022 2492 vt
1051 2457 1205 2492 nostra
1236 2457 1305 2493 est
1338 2450 1539 2506 operatio
1571 2458 1617 2493 et
1647 2465 1758 2494 vsus
1790 2451 1874 2494 ha-

236 2530 416 2574 bituum
435 2529 509 2572 vel
530 2527 796 2585 gratiarum,
822 2526 884 2570 ita
914 2542 1090 2584 semper
1119 2526 1369 2570 timendum
1399 2543 1457 2571 ne
1484 2534 1639 2570 nostra
1667 2542 1724 2570 ex
1751 2535 1880 2584 parte

235 2607 436 2650 desimus
471 2607 589 2657 Deo,
628 2603 818 2658 eiusque
855 2602 1119 2659 operationi,
1166 2603 1544 2659 inuocandusque
1586 2618 1765 2660 semper
1807 2615 1879 2648 est

236 2686 385 2741 Xpus.
410 2682 459 2726 in
482 2682 645 2726 timore
667 2694 721 2724 ac
743 2680 849 2724 fide.

325 2763 394 2804 Ex
415 2775 552 2805 sensu
575 2759 754 2803 interno
776 2756 1050 2814 cognitionis
1068 2757 1170 2809 Dei,
1191 2772 1386 2814 magnus
1404 2764 1653 2813 prouentus
1669 2757 1871 2814 spiritus.

322 2837 475 2890 Fides,
501 2834 703 2879 omnium
724 2835 945 2877 bonarum
970 2834 1282 2889 operationum
1307 2841 1353 2877 et
1375 2834 1521 2877 omnis
1543 2833 1877 2878 iustificationis

232 2914 519 2972 principium,
540 2912 661 2968 quod
677 2925 733 2955 ex
750 2894 887 2954 sensu
905 2910 1002 2953 eius
1019 2910 1304 2966 intelligitur.
1326 2911 1442 2953 Nam
1459 2910 1694 2954 charitatis
1711 2925 1875 2954 sensus

306 3082 316 3102 ¹
372 3082 492 3128 Luc„
513 3081 566 3126 X,
579 3079 644 3124 ⁴16.
