2098 3470
330 263 396 298 180
800 266 953 302 PATms
979 267 1223 302 Hmaonvm
1249 267 1400 303 NADAL

282 365 404 408 Hinc
426 381 583 410 rursus
605 368 858 412 ostenditur
881 376 1038 412 uotum
1062 370 1249 412 solenne
1270 384 1369 412 esse
1391 383 1494 412 cum
1518 371 1717 426 perfecta
1740 371 1914 415 ratione

281 442 513 487 seminarii
534 445 848 500 conjunctum.

371 521 501 562 Haec
524 520 741 574 breuiter,
767 523 919 577 quoad
942 522 1039 566 eius
1061 522 1158 566 fieri
1181 511 1344 578 potuit,
1365 523 1422 567 de
1443 523 1686 567 Societatis
1707 523 1916 567 instituto

282 596 406 640 dicta
427 596 518 639 sint
539 611 621 653 pro
643 612 784 642 causa
806 598 1052 655 praesenti,
1084 599 1238 642 multis
1266 600 1608 655 praetermissis3
1640 602 1760 644 vnde
1787 600 1915 646 intel·

282 673 363 729 ligi
386 673 530 729 possit
552 689 644 718 non
668 689 769 718 esse
791 691 874 718 nos
900 684 1088 718 uocatos
1108 676 1164 719 ad
1188 677 1375 718 chorum
1400 676 1676 729 habendum3
1707 692 1798 719 non
1820 691 1919 720 esse

285 750 403 793 inter
427 765 527 803 nos,
554 751 631 806 qui
655 753 843 795 chorum
870 751 986 796 tueri
1008 751 1197 807 possint3
1223 752 1594 808 impedimentum
1614 755 1708 797 fore
1730 755 1918 796 chorum

286 835 543 871 nostrarum
566 828 850 872 functionum
880 837 924 873 et
955 828 1074 882 finis,
1106 829 1162 871 ad
1194 844 1327 885 quem
1360 837 1429 873 est
1460 829 1667 872 instituta
1698 830 1918 885 Societas3

287 905 364 947 fiet
395 904 532 957 enim,
565 912 615 948 ut
644 905 803 959 nostri,
845 906 1014 950 relictis
1055 906 1126 948 uel
1165 905 1543 959 confessionibus,
1586 907 1659 949 uel
1696 906 1794 950 aliis
1831 915 1921 950 tam

287 981 423 1024 uariis
452 981 711 1025 ministeriis
738 982 996 1035 Societatis,
1027 982 1074 1024 in
1103 984 1243 1025 choro
1271 982 1362 1025 sint
1390 983 1616 1038 occupati,
1657 991 1703 1026 et
1739 984 1920 1039 quidem

288 1059 448 1101 eodem
473 1058 550 1101 illo
572 1066 791 1115 tempore,
818 1074 907 1114 quo
931 1059 1271 1103 confessionum
1294 1059 1548 1114 frequentia
1566 1074 1666 1104 esse
1687 1061 1816 1103 solet.

381 1135 498 1178 Illud
519 1142 754 1191 praeterea
775 1135 929 1191 colligi
951 1142 1119 1191 potest,
1145 1150 1244 1178 esse
1266 1150 1369 1179 cum
1393 1136 1601 1179 instituto
1630 1135 1924 1180 coniunctum

288 1211 562 1264 necessario,
604 1219 655 1254 ut
690 1212 940 1256 habeamus
977 1212 1264 1256 coadiutores
1301 1212 1568 1268 spirituales,
1607 1215 1767 1269 Neque
1805 1213 1925 1258 enim

289 1288 422 1331 aliter
458 1296 665 1332 nostrum
693 1290 830 1333 finem
870 1297 1025 1333 tenere
1062 1289 1331 1345 poterimus3
1373 1304 1476 1333 nam
1510 1290 1716 1346 professi,
1747 1298 1792 1334 et
1820 1299 1927 1334 sunt

290 1368 548 1419 hactemus,
573 1373 619 1410 et
639 1380 816 1422 semper
838 1373 973 1410 erunt
993 1366 1130 1422 pauci
1147 1381 1203 1409 ex
1221 1366 1394 1410 ratione
1411 1366 1622 1420 instituti;
1643 1367 1930 1412 coadiutores

295 1457 418 1495 uero,
445 1457 549 1486 cum
572 1457 663 1486 non
685 1443 776 1486 sint
798 1443 949 1487 idonei
972 1458 1130 1488 omnes
1153 1444 1210 1486 ad
1232 1443 1576 1499 professionem,
1608 1451 1654 1487 et
1682 1444 1825 1487 uelint
1846 1459 1928 1488 sua

291 1521 527 1564 voluntate
548 1535 631 1563 nos
653 1520 827 1573 iuuare,
853 1535 956 1563 cum
987 1521 1106 1563 uotis
1134 1520 1429 1577 simplicibus,
1467 1535 1573 1563 cum
1606 1521 1696 1564 sint
1731 1521 1852 1564 docti
1884 1530 1930 1566 et

290 1596 442 1639 idonei
464 1597 521 1639 ad
545 1595 700 1639 munia
721 1596 871 1640 omnia
890 1598 1119 1649 obeunda,
1141 1611 1258 1652 quae
1274 1597 1321 1639 in
1343 1599 1542 1653 parocho
1561 1598 1806 1642 desiderari
1824 1613 1927 1655 pos-

290 1681 414 1727 sunt,
440 1674 500 1716 ad
513 1674 658 1730 plura
679 1675 829 1726 etiam,
853 1674 975 1716 aliud
999 1688 1091 1716 non
1114 1674 1243 1720 obest
1265 1674 1351 1717 nisi
1381 1674 1419 1717 si
1449 1674 1526 1730 qui
1554 1674 1854 1727 dimittentur,
1880 1682 1930 1718 ut

290 1751 337 1793 hi
359 1765 417 1794 ne
439 1758 663 1807 cogantur
684 1751 960 1794 mendicare.
987 1751 1126 1806 Quod
1149 1758 1301 1795 tamen
1329 1750 1375 1793 in
1410 1751 1519 1794 viris
1546 1751 1678 1794 bonis
1705 1759 1751 1796 et
1783 1751 1932 1795 doctis

292 1827 439 1872 timeri
462 1842 554 1871 non
575 1835 743 1884 potest;
768 1843 871 1871 nam
899 1829 969 1871 uel
991 1829 1193 1871 scholam
1211 1828 1385 1885 aperire
1402 1835 1617 1885 poterunt
1639 1829 1828 1881 dimissi,
1857 1831 1932 1872 uel
1961 1814 1963 1818 Α

293 1905 552 1948 subseruire
589 1904 833 1961 episcopis,
876 1906 948 1949 uel
986 1904 1217 1961 parochis,
1260 1907 1335 1949 uel
1372 1921 1472 1950 esse
1509 1906 1595 1961 ipsi
1632 1907 1833 1962 parochi.
1874 1907 1930 1949 Et

293 1981 476 2037 quidem
500 1983 721 2026 hactenus
744 1982 920 2024 nullum
944 1981 1214 2035 dimisimus,
1242 1982 1319 2038 qui
1337 1997 1428 2026 non
1448 1982 1675 2026 inuenerit
1692 1983 1930 2027 honestam

294 2058 621 2111 conditionem,
661 2066 707 2102 et
741 2059 798 2102 ab
828 2059 1050 2115 episcopis
1078 2059 1262 2114 quidem
1291 2059 1466 2103 solicite
1497 2059 1761 2103 huiusmodi
1793 2074 1931 2116 expe—

298 2143 470 2179 tuntur.
497 2135 748 2191 Loquimur
771 2143 922 2178 autem
942 2137 1000 2180 49
1020 2136 1175 2194 (166)ν
1199 2137 1256 2181 (16
1272 2137 1407 2179 bonis
1424 2136 1740 2180 sacerdotibus
1757 2152 1782 2180 a
1799 2137 1934 2179 nobis

296 2212 508 2266 dimissis3
534 2228 640 2255 nam
664 2213 721 2255 de
748 2212 862 2264 aliis,
889 2214 1046 2267 quales
1074 2227 1231 2256 omnes
1259 2213 1502 2269 religiones
1533 2212 1695 2256 eiicere
1722 2221 1930 2269 possunt,

298 2290 443 2346 qualis
466 2290 618 2334 nullus
649 2292 870 2333 hactenus
907 2291 1038 2334 nobis
1076 2290 1239 2333 accidit
1275 2290 1586 2343 dimittendus,
1628 2292 1677 2332 in
1715 2291 1775 2332 iis
1811 2291 1932 2333 enim

297 2372 530 2410 meremur
547 2368 650 2410 iure
666 2370 820 2410 nostro
834 2372 879 2408 vt
896 2368 1014 2409 aliae
1030 2368 1279 2424 religiones
1295 2368 1449 2419 solent,
1461 2368 1542 2411 sed
1559 2368 1614 2410 de
1631 2366 1719 2410 illis
1736 2366 1932 2423 agimus,

300 2445 393 2501 qui,
419 2458 523 2487 cum
547 2444 656 2488 boni
679 2444 846 2499 alioqui
872 2445 961 2486 sint
983 2452 1028 2487 et
1051 2444 1251 2500 religiosi
1272 2445 1548 2497 sacerdotes,
1582 2450 1750 2487 tantam
1782 2452 1934 2488 tamen

301 2537 392 2565 non
415 2530 606 2578 possunt
628 2521 719 2578 pati
748 2522 935 2577 regulae
967 2521 1205 2577 religiosae
1237 2521 1579 2565 districtionem.
1609 2520 1671 2564 Hi
1700 2535 1810 2564 uero
1831 2535 1935 2564 cum

302 2607 348 2643 et
369 2599 504 2655 pauci
539 2599 783 2643 admodum
820 2598 927 2651 sint,
959 2606 1004 2642 et
1034 2606 1247 2654 tanquam
1276 2598 1567 2642 seminarium
1596 2597 1932 2654 episcoporum,

304 2684 458 2720 nostra
480 2676 698 2732 impensa,
723 2676 896 2727 labore,
922 2675 1209 2720 solicitudine
1231 2675 1418 2718 enutriti
1440 2682 1486 2718 et
1507 2675 1673 2727 edocti,
1693 2681 1739 2718 et
1755 2673 1936 2730 religio-

304 2768 352 2797 se
375 2753 572 2806 educati,
599 2767 690 2795 non
712 2752 973 2795 dubitamus
996 2752 1105 2809 quin
1132 2754 1193 2797 D.
1223 2757 1279 2799 V.
1311 2753 1453 2795 Illma.
1486 2753 1767 2795 subductura
1798 2750 1933 2794 ratio—

305 2845 406 2874 nem
429 2830 502 2882 sit,
523 2837 674 2872 vtrum
692 2828 847 2872 utilius
863 2829 1081 2874 ecclesiae
1102 2830 1161 2872 sit
1184 2831 1405 2883 futurum,
1425 2831 1512 2872 hos
1530 2842 1663 2885 posse
1680 2843 1762 2871 nos
1785 2827 1939 2871 dimit-

305 2916 415 2959 tere,
436 2907 653 2959 eruditos‚
674 2908 835 2959 bonos,
856 2921 1041 2962 paucos,
1061 2907 1135 2962 qui
1155 2906 1328 2963 possint
1345 2908 1606 2950 subseruire
1622 2905 1859 2957 ecclesiae;
1880 2919 1938 2946 an

304 2999 442 3026 vnam
466 2992 484 3010 ²
505 2991 678 3040 partem
703 2983 933 3040 religionis
962 2998 1139 3026 summa
1162 2983 1381 3028 ecclesiae
1403 2983 1670 3026 auctoritate
1699 2982 1938 3024 confirma-

376 3088 394 3105 a
419 3078 506 3114 Hoc
527 3079 638 3115 verb.
659 3077 810 3113 Natalis
829 3090 944 3113 manu
964 3084 1162 3114 exaratum
1179 3079 1218 3114 in
1239 3083 1403 3125 utroque
1422 3078 1647 3125 archetypO.
