<?xml version="1.0" encoding="UTF-8"?>
<!DOCTYPE html PUBLIC "-//W3C//DTD XHTML 1.0 Transitional//EN"
    "http://www.w3.org/TR/xhtml1/DTD/xhtml1-transitional.dtd">
<html xmlns="http://www.w3.org/1999/xhtml" xml:lang="en" lang="en">
 <head>
  <title>
</title>
<meta http-equiv="Content-Type" content="text/html;charset=utf-8" />
  <meta name='ocr-system' content='tesseract 3.04.00' />
  <meta name='ocr-capabilities' content='ocr_page ocr_carea ocr_par ocr_line ocrx_word'/>
</head>
<body>
  <div class='ocr_page' id='page_1' title='image "./epistolaephieron04nadauoft_0512.png"; bbox 0 0 2098 3470; ppageno 0'>
   <div class='ocr_carea' id='block_1_1' title="bbox 295 201 1363 248">
    <p class='ocr_par' dir='ltr' id='par_1_1' title="bbox 295 201 1363 248">
     <span class='ocr_line' id='line_1_1' title="bbox 295 201 1363 248; baseline 0.001 -11"><span class='ocrx_word' id='word_1_1' title='bbox 295 202 365 248; x_wconf 88' lang='lat'>486</span> <span class='ocrx_word' id='word_1_2' title='bbox 766 201 920 239; x_wconf 64' lang='lat' dir='ltr'>Pri-ms</span> <span class='ocrx_word' id='word_1_3' title='bbox 945 203 1189 240; x_wconf 64' lang='lat' dir='ltr'>Hfflnonvm</span> <span class='ocrx_word' id='word_1_4' title='bbox 1214 202 1363 242; x_wconf 70' lang='lat' dir='ltr'>NADAL</span> 
     </span>
    </p>
   </div>
   <div class='ocr_carea' id='block_1_2' title="bbox 223 303 1892 2892">
    <p class='ocr_par' dir='ltr' id='par_1_2' title="bbox 246 303 1871 440">
     <span class='ocr_line' id='line_1_2' title="bbox 251 303 1871 362; baseline 0.002 -17"><span class='ocrx_word' id='word_1_5' title='bbox 251 303 430 360; x_wconf 91' lang='lat' dir='ltr'>proprio</span> <span class='ocrx_word' id='word_1_6' title='bbox 461 303 594 357; x_wconf 90' lang='lat' dir='ltr'>libro,</span> <span class='ocrx_word' id='word_1_7' title='bbox 631 303 1006 362; x_wconf 89' lang='lat' dir='ltr'>subsignabitque</span> <span class='ocrx_word' id='word_1_8' title='bbox 1037 319 1120 348; x_wconf 89' lang='lat' dir='ltr'>suo</span> <span class='ocrx_word' id='word_1_9' title='bbox 1148 305 1344 349; x_wconf 89' lang='lat' dir='ltr'>nomine.</span> <span class='ocrx_word' id='word_1_10' title='bbox 1377 306 1497 349; x_wconf 89' lang='lat' dir='ltr'>Idem</span> <span class='ocrx_word' id='word_1_11' title='bbox 1539 305 1673 349; x_wconf 87' lang='lat' dir='ltr'>faciet</span> <span class='ocrx_word' id='word_1_12' title='bbox 1704 304 1758 359; x_wconf 91' lang='lat' dir='ltr'>is,</span> <span class='ocrx_word' id='word_1_13' title='bbox 1793 306 1871 362; x_wconf 81' lang='lat' dir='ltr'>qui</span> 
     </span>
     <span class='ocr_line' id='line_1_3' title="bbox 246 380 1142 440; baseline -0.001 -16"><span class='ocrx_word' id='word_1_14' title='bbox 246 380 546 439; x_wconf 83' lang='lat' dir='ltr'>examinatur.</span> <span class='ocrx_word' id='word_1_15' title='bbox 927 384 938 394; x_wconf 85' lang='grc'><strong>“</strong></span> <span class='ocrx_word' id='word_1_16' title='bbox 1139 438 1142 440; x_wconf 8' lang='grc' dir='ltr'>μ</span> 
     </span>
    </p>

    <p class='ocr_par' dir='ltr' id='par_1_3' title="bbox 223 456 1887 2191">
     <span class='ocr_line' id='line_1_4' title="bbox 341 456 1877 515; baseline 0.001 -15"><span class='ocrx_word' id='word_1_17' title='bbox 341 456 686 502; x_wconf 87' lang='lat' dir='ltr'>Animaduertat</span> <span class='ocrx_word' id='word_1_18' title='bbox 714 466 944 515; x_wconf 91' lang='lat' dir='ltr'>praeterea</span> <span class='ocrx_word' id='word_1_19' title='bbox 967 458 1260 511; x_wconf 81' lang='lat' dir='ltr'>examinator,</span> <span class='ocrx_word' id='word_1_20' title='bbox 1295 466 1344 501; x_wconf 88' lang='lat' dir='ltr'>vt</span> <span class='ocrx_word' id='word_1_21' title='bbox 1375 469 1615 514; x_wconf 84' lang='lat' dir='ltr'>antequam</span> <span class='ocrx_word' id='word_1_22' title='bbox 1650 458 1750 515; x_wconf 88' lang='lat' dir='ltr'>quis</span> <span class='ocrx_word' id='word_1_23' title='bbox 1781 458 1877 515; x_wconf 78' lang='lat' dir='ltr'>pri·</span> 
     </span>
     <span class='ocr_line' id='line_1_5' title="bbox 253 534 1876 592; baseline 0.002 -17"><span class='ocrx_word' id='word_1_24' title='bbox 253 548 369 576; x_wconf 89' lang='lat' dir='ltr'>mam</span> <span class='ocrx_word' id='word_1_25' title='bbox 408 534 716 589; x_wconf 82' lang='lat' dir='ltr'>probationem</span> <span class='ocrx_word' id='word_1_26' title='bbox 753 535 1034 592; x_wconf 82' lang='lat' dir='ltr'>egrediatur,</span> <span class='ocrx_word' id='word_1_27' title='bbox 1074 534 1337 591; x_wconf 87' lang='lat' dir='ltr'>polliceatur</span> <span class='ocrx_word' id='word_1_28' title='bbox 1373 536 1495 591; x_wconf 92' lang='lat' dir='ltr'>quod</span> <span class='ocrx_word' id='word_1_29' title='bbox 1538 544 1638 591; x_wconf 89' lang='lat' dir='ltr'>post</span> <span class='ocrx_word' id='word_1_30' title='bbox 1681 535 1876 591; x_wconf 89' lang='lat' dir='ltr'>primum·</span> 
     </span>
     <span class='ocr_line' id='line_1_6' title="bbox 223 610 1875 668; baseline 0.001 -16"><span class='ocrx_word' id='word_1_31' title='bbox 223 616 422 652; x_wconf 83' lang='lat' dir='ltr'>&#39;annum</span> <span class='ocrx_word' id='word_1_32' title='bbox 455 610 616 666; x_wconf 87' lang='lat' dir='ltr'>quouis</span> <span class='ocrx_word' id='word_1_33' title='bbox 654 619 852 668; x_wconf 85' lang='lat' dir='ltr'>ternpore</span> <span class='ocrx_word' id='word_1_34' title='bbox 889 613 945 655; x_wconf 90' lang='lat' dir='ltr'>ad</span> <span class='ocrx_word' id='word_1_35' title='bbox 983 612 1303 668; x_wconf 80' lang='lat' dir='ltr'><strong>professionem</strong></span> <span class='ocrx_word' id='word_1_36' title='bbox 1341 627 1499 668; x_wconf 87' lang='lat' dir='ltr'>Vsque,</span> <span class='ocrx_word' id='word_1_37' title='bbox 1539 613 1637 657; x_wconf 90' lang='lat' dir='ltr'>siue</span> <span class='ocrx_word' id='word_1_38' title='bbox 1672 613 1729 656; x_wconf 88' lang='lat' dir='ltr'>ad</span> <span class='ocrx_word' id='word_1_39' title='bbox 1764 611 1875 655; x_wconf 88' lang='lat' dir='ltr'>illud</span> 
     </span>
     <span class='ocr_line' id='line_1_7' title="bbox 254 688 1874 746; baseline 0.002 -17"><span class='ocrx_word' id='word_1_40' title='bbox 254 694 433 743; x_wconf 90' lang='lat' dir='ltr'>tempus</span> <span class='ocrx_word' id='word_1_41' title='bbox 456 702 612 743; x_wconf 83' lang='lat' dir='ltr'>Vsque,</span> <span class='ocrx_word' id='word_1_42' title='bbox 638 703 728 744; x_wconf 92' lang='lat' dir='ltr'>quo</span> <span class='ocrx_word' id='word_1_43' title='bbox 750 689 1022 732; x_wconf 88' lang='lat' dir='ltr'>coadiutoris</span> <span class='ocrx_word' id='word_1_44' title='bbox 1043 689 1160 732; x_wconf 88' lang='lat' dir='ltr'>votis</span> <span class='ocrx_word' id='word_1_45' title='bbox 1182 688 1476 746; x_wconf 83' lang='lat' dir='ltr'>astringatur,</span> <span class='ocrx_word' id='word_1_46' title='bbox 1502 697 1706 746; x_wconf 85' lang='lat' dir='ltr'>prompte</span> <span class='ocrx_word' id='word_1_47' title='bbox 1721 689 1874 732; x_wconf 85' lang='lat' dir='ltr'>distri-</span> 
     </span>
     <span class='ocr_line' id='line_1_8' title="bbox 255 763 1881 821; baseline 0.001 -15"><span class='ocrx_word' id='word_1_48' title='bbox 255 763 366 806; x_wconf 91' lang='lat' dir='ltr'>buet</span> <span class='ocrx_word' id='word_1_49' title='bbox 395 763 545 807; x_wconf 88' lang='lat' dir='ltr'>omnia</span> <span class='ocrx_word' id='word_1_50' title='bbox 576 765 693 807; x_wconf 87' lang='lat' dir='ltr'>bona</span> <span class='ocrx_word' id='word_1_51' title='bbox 721 780 818 818; x_wconf 87' lang='lat' dir='ltr'>sua,</span> <span class='ocrx_word' id='word_1_52' title='bbox 859 772 935 809; x_wconf 90' lang='lat' dir='ltr'>aut</span> <span class='ocrx_word' id='word_1_53' title='bbox 968 779 1020 808; x_wconf 91' lang='lat' dir='ltr'>ea</span> <span class='ocrx_word' id='word_1_54' title='bbox 1051 765 1217 816; x_wconf 82' lang='lat' dir='ltr'>omnia,</span> <span class='ocrx_word' id='word_1_55' title='bbox 1249 780 1363 821; x_wconf 90' lang='lat' dir='ltr'>quae</span> <span class='ocrx_word' id='word_1_56' title='bbox 1389 765 1474 809; x_wconf 90' lang='lat' dir='ltr'>sibi</span> <span class='ocrx_word' id='word_1_57' title='bbox 1506 767 1760 810; x_wconf 89' lang='lat' dir='ltr'>obuentura</span> <span class='ocrx_word' id='word_1_58' title='bbox 1785 765 1881 810; x_wconf 80' lang='lat' dir='ltr'>sint</span> 
     </span>
     <span class='ocr_line' id='line_1_9' title="bbox 256 836 1876 898; baseline 0.001 -16"><span class='ocrx_word' id='word_1_59' title='bbox 256 841 404 893; x_wconf 87' lang='lat' dir='ltr'>(modo</span> <span class='ocrx_word' id='word_1_60' title='bbox 425 841 551 896; x_wconf 85' lang='lat' dir='ltr'>prius</span> <span class='ocrx_word' id='word_1_61' title='bbox 573 841 789 885; x_wconf 86' lang='lat' dir='ltr'>dissoluat</span> <span class='ocrx_word' id='word_1_62' title='bbox 811 842 953 898; x_wconf 88' lang='lat' dir='ltr'>primo</span> <span class='ocrx_word' id='word_1_63' title='bbox 975 856 1156 898; x_wconf 88' lang='lat' dir='ltr'>quoque</span> <span class='ocrx_word' id='word_1_64' title='bbox 1178 836 1380 898; x_wconf 68' lang='lat' dir='ltr'>tempore</span> <span class='ocrx_word' id='word_1_65' title='bbox 1406 843 1556 886; x_wconf 85' lang='lat' dir='ltr'>debita</span> <span class='ocrx_word' id='word_1_66' title='bbox 1579 850 1624 887; x_wconf 90' lang='lat' dir='ltr'>et</span> <span class='ocrx_word' id='word_1_67' title='bbox 1644 847 1729 889; x_wconf 78' lang='lat'>354</span> <span class='ocrx_word' id='word_1_68' title='bbox 1759 841 1876 885; x_wconf 87' lang='lat' dir='ltr'>obli-</span> 
     </span>
     <span class='ocr_line' id='line_1_10' title="bbox 257 917 1876 982; baseline 0.002 -23"><span class='ocrx_word' id='word_1_69' title='bbox 257 917 482 973; x_wconf 91' lang='lat' dir='ltr'>gationes,</span> <span class='ocrx_word' id='word_1_70' title='bbox 517 917 564 982; x_wconf 44' lang='lat' dir='ltr'>si·</span> <span class='ocrx_word' id='word_1_71' title='bbox 591 932 703 973; x_wconf 89' lang='lat' dir='ltr'>quas</span> <span class='ocrx_word' id='word_1_72' title='bbox 735 919 912 974; x_wconf 74' lang='lat' dir='ltr'>habeat)</span> <span class='ocrx_word' id='word_1_73' title='bbox 942 918 1230 975; x_wconf 87' lang='lat' dir='ltr'>pauperibus,</span> <span class='ocrx_word' id='word_1_74' title='bbox 1261 918 1386 962; x_wconf 90' lang='lat' dir='ltr'>iuxta</span> <span class='ocrx_word' id='word_1_75' title='bbox 1413 919 1637 975; x_wconf 83' lang='lat' dir='ltr'>propriam</span> <span class='ocrx_word' id='word_1_76' title='bbox 1670 918 1876 963; x_wconf 89' lang='lat' dir='ltr'>deuotio-</span> 
     </span>
     <span class='ocr_line' id='line_1_11' title="bbox 259 994 1881 1052; baseline 0.002 -16"><span class='ocrx_word' id='word_1_77' title='bbox 259 1008 378 1046; x_wconf 90' lang='lat' dir='ltr'>nem;</span> <span class='ocrx_word' id='word_1_78' title='bbox 411 994 619 1051; x_wconf 89' lang='lat' dir='ltr'>disponet</span> <span class='ocrx_word' id='word_1_79' title='bbox 646 994 780 1043; x_wconf 75' lang='lat' dir='ltr'>etiam</span> <span class='ocrx_word' id='word_1_80' title='bbox 808 996 865 1038; x_wconf 93' lang='lat' dir='ltr'>de</span> <span class='ocrx_word' id='word_1_81' title='bbox 893 994 1124 1039; x_wconf 86' lang='lat' dir='ltr'>beneficiis</span> <span class='ocrx_word' id='word_1_82' title='bbox 1145 995 1288 1052; x_wconf 85' lang='lat' dir='ltr'>(siqua</span> <span class='ocrx_word' id='word_1_83' title='bbox 1315 997 1430 1038; x_wconf 82' lang='lat' dir='ltr'>forte</span> <span class='ocrx_word' id='word_1_84' title='bbox 1452 996 1600 1052; x_wconf 89' lang='lat' dir='ltr'>habet)</span> <span class='ocrx_word' id='word_1_85' title='bbox 1623 996 1748 1039; x_wconf 82' lang='lat' dir='ltr'>iuxta</span> <span class='ocrx_word' id='word_1_86' title='bbox 1774 1010 1881 1052; x_wconf 85' lang='lat' dir='ltr'>pro-</span> 
     </span>
     <span class='ocr_line' id='line_1_12' title="bbox 258 1069 1880 1127; baseline 0.001 -14"><span class='ocrx_word' id='word_1_87' title='bbox 258 1069 398 1126; x_wconf 89' lang='lat' dir='ltr'>priam</span> <span class='ocrx_word' id='word_1_88' title='bbox 427 1071 732 1125; x_wconf 88' lang='lat' dir='ltr'>deuotionem,</span> <span class='ocrx_word' id='word_1_89' title='bbox 768 1073 838 1114; x_wconf 92' lang='lat' dir='ltr'>vel</span> <span class='ocrx_word' id='word_1_90' title='bbox 867 1072 1096 1116; x_wconf 89' lang='lat' dir='ltr'>reddendo</span> <span class='ocrx_word' id='word_1_91' title='bbox 1125 1072 1282 1116; x_wconf 89' lang='lat' dir='ltr'>eadem</span> <span class='ocrx_word' id='word_1_92' title='bbox 1320 1087 1475 1115; x_wconf 90' lang='lat' dir='ltr'>rursus</span> <span class='ocrx_word' id='word_1_93' title='bbox 1502 1072 1558 1123; x_wconf 86' lang='lat' dir='ltr'>ei,</span> <span class='ocrx_word' id='word_1_94' title='bbox 1589 1072 1666 1127; x_wconf 92' lang='lat' dir='ltr'>qui</span> <span class='ocrx_word' id='word_1_95' title='bbox 1703 1071 1787 1115; x_wconf 89' lang='lat' dir='ltr'>sibi</span> <span class='ocrx_word' id='word_1_96' title='bbox 1823 1086 1880 1115; x_wconf 86' lang='lat' dir='ltr'>ea</span> 
     </span>
     <span class='ocr_line' id='line_1_13' title="bbox 257 1148 1878 1204; baseline 0.002 -14"><span class='ocrx_word' id='word_1_97' title='bbox 257 1148 528 1200; x_wconf 85' lang='lat' dir='ltr'>contulerat;</span> <span class='ocrx_word' id='word_1_98' title='bbox 554 1148 675 1203; x_wconf 91' lang='lat' dir='ltr'>quod</span> <span class='ocrx_word' id='word_1_99' title='bbox 697 1163 804 1192; x_wconf 85' lang='lat' dir='ltr'>sane</span> <span class='ocrx_word' id='word_1_100' title='bbox 826 1148 1015 1204; x_wconf 82' lang='lat' dir='ltr'>intelligi</span> <span class='ocrx_word' id='word_1_101' title='bbox 1038 1149 1172 1193; x_wconf 89' lang='lat' dir='ltr'>debet</span> <span class='ocrx_word' id='word_1_102' title='bbox 1189 1148 1227 1192; x_wconf 88' lang='lat' dir='ltr'>si</span> <span class='ocrx_word' id='word_1_103' title='bbox 1245 1149 1373 1192; x_wconf 87' lang='lat' dir='ltr'>aliter</span> <span class='ocrx_word' id='word_1_104' title='bbox 1390 1150 1446 1193; x_wconf 90' lang='lat' dir='ltr'>de</span> <span class='ocrx_word' id='word_1_105' title='bbox 1464 1149 1720 1193; x_wconf 88' lang='lat' dir='ltr'>huiusmodi</span> <span class='ocrx_word' id='word_1_106' title='bbox 1736 1150 1878 1194; x_wconf 88' lang='lat' dir='ltr'>bene-</span> 
     </span>
     <span class='ocr_line' id='line_1_14' title="bbox 258 1223 1879 1282; baseline 0.002 -16"><span class='ocrx_word' id='word_1_107' title='bbox 258 1223 373 1266; x_wconf 86' lang='lat' dir='ltr'>ficiis</span> <span class='ocrx_word' id='word_1_108' title='bbox 394 1223 573 1280; x_wconf 88' lang='lat' dir='ltr'>disponi</span> <span class='ocrx_word' id='word_1_109' title='bbox 595 1239 686 1267; x_wconf 92' lang='lat' dir='ltr'>non</span> <span class='ocrx_word' id='word_1_110' title='bbox 709 1233 871 1281; x_wconf 84' lang='lat' dir='ltr'>potest,</span> <span class='ocrx_word' id='word_1_111' title='bbox 897 1233 974 1268; x_wconf 87' lang='lat' dir='ltr'>aut</span> <span class='ocrx_word' id='word_1_112' title='bbox 997 1233 1118 1268; x_wconf 86' lang='lat' dir='ltr'>certe</span> <span class='ocrx_word' id='word_1_113' title='bbox 1140 1225 1296 1268; x_wconf 89' lang='lat' dir='ltr'>eadem</span> <span class='ocrx_word' id='word_1_114' title='bbox 1326 1227 1472 1268; x_wconf 86' lang='lat' dir='ltr'>tradat</span> <span class='ocrx_word' id='word_1_115' title='bbox 1499 1226 1544 1269; x_wconf 89' lang='lat' dir='ltr'>in</span> <span class='ocrx_word' id='word_1_116' title='bbox 1574 1225 1722 1281; x_wconf 88' lang='lat' dir='ltr'>aliqua</span> <span class='ocrx_word' id='word_1_117' title='bbox 1743 1240 1879 1282; x_wconf 87' lang='lat' dir='ltr'>opera</span> 
     </span>
     <span class='ocr_line' id='line_1_15' title="bbox 257 1300 1880 1358; baseline 0.002 -15"><span class='ocrx_word' id='word_1_118' title='bbox 257 1300 347 1356; x_wconf 87' lang='lat' dir='ltr'>pia,</span> <span class='ocrx_word' id='word_1_119' title='bbox 367 1307 444 1344; x_wconf 94' lang='lat' dir='ltr'>aut</span> <span class='ocrx_word' id='word_1_120' title='bbox 461 1300 685 1356; x_wconf 83' lang='lat' dir='ltr'>aliquibus</span> <span class='ocrx_word' id='word_1_121' title='bbox 703 1302 917 1358; x_wconf 85' lang='lat' dir='ltr'>resignet,</span> <span class='ocrx_word' id='word_1_122' title='bbox 938 1302 1102 1357; x_wconf 89' lang='lat' dir='ltr'>quibus</span> <span class='ocrx_word' id='word_1_123' title='bbox 1119 1303 1232 1345; x_wconf 87' lang='lat' dir='ltr'>haec</span> <span class='ocrx_word' id='word_1_124' title='bbox 1249 1303 1404 1346; x_wconf 86' lang='lat' dir='ltr'>eadem</span> <span class='ocrx_word' id='word_1_125' title='bbox 1422 1302 1511 1344; x_wconf 89' lang='lat' dir='ltr'>sint</span> <span class='ocrx_word' id='word_1_126' title='bbox 1529 1317 1651 1346; x_wconf 88' lang='lat' dir='ltr'>arma</span> <span class='ocrx_word' id='word_1_127' title='bbox 1667 1301 1848 1346; x_wconf 86' lang='lat' dir='ltr'>diuinae</span> <span class='ocrx_word' id='word_1_128' title='bbox 1862 1310 1880 1328; x_wconf 73' lang='lat'>³</span> 
     </span>
     <span class='ocr_line' id='line_1_16' title="bbox 258 1372 1885 1434; baseline 0.002 -15"><span class='ocrx_word' id='word_1_129' title='bbox 258 1377 446 1434; x_wconf 88' lang='lat' dir='ltr'>gloriae.</span> <span class='ocrx_word' id='word_1_130' title='bbox 470 1378 518 1422; x_wconf 86' lang='lat' dir='ltr'>Si</span> <span class='ocrx_word' id='word_1_131' title='bbox 546 1393 654 1422; x_wconf 87' lang='lat' dir='ltr'>vero</span> <span class='ocrx_word' id='word_1_132' title='bbox 680 1379 797 1422; x_wconf 91' lang='lat' dir='ltr'>bona</span> <span class='ocrx_word' id='word_1_133' title='bbox 830 1380 901 1422; x_wconf 89' lang='lat' dir='ltr'>vel</span> <span class='ocrx_word' id='word_1_134' title='bbox 928 1378 1147 1423; x_wconf 87' lang='lat' dir='ltr'>beneficia</span> <span class='ocrx_word' id='word_1_135' title='bbox 1181 1379 1371 1423; x_wconf 83' lang='lat' dir='ltr'>voluerit</span> <span class='ocrx_word' id='word_1_136' title='bbox 1402 1372 1525 1431; x_wconf 87' lang='lat' dir='ltr'>dare,</span> <span class='ocrx_word' id='word_1_137' title='bbox 1566 1380 1639 1422; x_wconf 82' lang='lat' dir='ltr'>vel</span> <span class='ocrx_word' id='word_1_138' title='bbox 1675 1381 1885 1423; x_wconf 86' lang='lat' dir='ltr'>conferre·</span> 
     </span>
     <span class='ocr_line' id='line_1_17' title="bbox 257 1454 1879 1511; baseline 0.002 -15"><span class='ocrx_word' id='word_1_139' title='bbox 257 1454 328 1507; x_wconf 86' lang='lat' dir='ltr'>iis,</span> <span class='ocrx_word' id='word_1_140' title='bbox 354 1454 431 1510; x_wconf 89' lang='lat' dir='ltr'>qui</span> <span class='ocrx_word' id='word_1_141' title='bbox 452 1454 536 1497; x_wconf 91' lang='lat' dir='ltr'>sibi</span> <span class='ocrx_word' id='word_1_142' title='bbox 559 1462 665 1498; x_wconf 90' lang='lat' dir='ltr'>sunt</span> <span class='ocrx_word' id='word_1_143' title='bbox 687 1455 1096 1511; x_wconf 86' lang='lat' dir='ltr'>consanguinitate,</span> <span class='ocrx_word' id='word_1_144' title='bbox 1123 1455 1353 1507; x_wconf 87' lang='lat' dir='ltr'>affinitate,</span> <span class='ocrx_word' id='word_1_145' title='bbox 1379 1456 1451 1498; x_wconf 91' lang='lat' dir='ltr'>vel</span> <span class='ocrx_word' id='word_1_146' title='bbox 1473 1455 1666 1498; x_wconf 86' lang='lat' dir='ltr'>amicitia</span> <span class='ocrx_word' id='word_1_147' title='bbox 1689 1455 1879 1499; x_wconf 84' lang='lat' dir='ltr'>coniun-</span> 
     </span>
     <span class='ocr_line' id='line_1_18' title="bbox 259 1522 1878 1587; baseline 0.001 -14"><span class='ocrx_word' id='word_1_148' title='bbox 259 1530 337 1583; x_wconf 85' lang='lat' dir='ltr'>cti,</span> <span class='ocrx_word' id='word_1_149' title='bbox 376 1530 487 1574; x_wconf 91' lang='lat' dir='ltr'>illud</span> <span class='ocrx_word' id='word_1_150' title='bbox 523 1531 647 1587; x_wconf 90' lang='lat' dir='ltr'>prius</span> <span class='ocrx_word' id='word_1_151' title='bbox 674 1532 961 1583; x_wconf 83' lang='lat' dir='ltr'>iudicandum</span> <span class='ocrx_word' id='word_1_152' title='bbox 991 1532 1075 1576; x_wconf 87' lang='lat' dir='ltr'>erit</span> <span class='ocrx_word' id='word_1_153' title='bbox 1104 1547 1130 1574; x_wconf 90' lang='lat' dir='ltr'>a</span> <span class='ocrx_word' id='word_1_154' title='bbox 1159 1522 1341 1575; x_wconf 79' lang='lat' dir='ltr'>duobus</span> <span class='ocrx_word' id='word_1_155' title='bbox 1370 1532 1573 1576; x_wconf 89' lang='lat' dir='ltr'>tribusue</span> <span class='ocrx_word' id='word_1_156' title='bbox 1603 1531 1878 1585; x_wconf 81' lang='lat' dir='ltr'>hominibus,</span> 
     </span>
     <span class='ocr_line' id='line_1_19' title="bbox 260 1608 1885 1666; baseline 0.001 -15"><span class='ocrx_word' id='word_1_157' title='bbox 260 1615 355 1651; x_wconf 87' lang='lat' dir='ltr'>turn</span> <span class='ocrx_word' id='word_1_158' title='bbox 383 1608 540 1662; x_wconf 84' lang='lat' dir='ltr'>literis,</span> <span class='ocrx_word' id='word_1_159' title='bbox 572 1617 666 1652; x_wconf 92' lang='lat' dir='ltr'>tum</span> <span class='ocrx_word' id='word_1_160' title='bbox 694 1609 813 1652; x_wconf 88' lang='lat' dir='ltr'>vitae</span> <span class='ocrx_word' id='word_1_161' title='bbox 843 1609 1138 1652; x_wconf 86' lang='lat' dir='ltr'>sanctimonia</span> <span class='ocrx_word' id='word_1_162' title='bbox 1165 1608 1394 1666; x_wconf 84' lang='lat' dir='ltr'>praeditis,</span> <span class='ocrx_word' id='word_1_163' title='bbox 1427 1623 1539 1665; x_wconf 89' lang='lat' dir='ltr'>quos</span> <span class='ocrx_word' id='word_1_164' title='bbox 1571 1610 1885 1664; x_wconf 84' lang='lat' dir='ltr'>vnusquisque</span> 
     </span>
     <span class='ocr_line' id='line_1_20' title="bbox 259 1680 1880 1742; baseline 0.001 -15"><span class='ocrx_word' id='word_1_165' title='bbox 259 1685 469 1741; x_wconf 87' lang='lat' dir='ltr'>elegerit,</span> <span class='ocrx_word' id='word_1_166' title='bbox 509 1680 752 1730; x_wconf 87' lang='lat' dir='ltr'>accedente</span> <span class='ocrx_word' id='word_1_167' title='bbox 790 1693 939 1728; x_wconf 88' lang='lat' dir='ltr'>tamen</span> <span class='ocrx_word' id='word_1_168' title='bbox 978 1685 1223 1742; x_wconf 90' lang='lat' dir='ltr'>superioris</span> <span class='ocrx_word' id='word_1_169' title='bbox 1263 1700 1509 1738; x_wconf 83' lang='lat' dir='ltr'>consensu,</span> <span class='ocrx_word' id='word_1_170' title='bbox 1549 1685 1781 1737; x_wconf 89' lang='lat' dir='ltr'>videlicet,</span> <span class='ocrx_word' id='word_1_171' title='bbox 1822 1700 1880 1729; x_wconf 90' lang='lat' dir='ltr'>an</span> 
     </span>
     <span class='ocr_line' id='line_1_21' title="bbox 259 1761 1882 1818; baseline 0.001 -15"><span class='ocrx_word' id='word_1_172' title='bbox 259 1761 444 1818; x_wconf 87' lang='lat' dir='ltr'>cognati</span> <span class='ocrx_word' id='word_1_173' title='bbox 466 1762 537 1806; x_wconf 84' lang='lat' dir='ltr'>vel</span> <span class='ocrx_word' id='word_1_174' title='bbox 559 1762 691 1807; x_wconf 88' lang='lat' dir='ltr'>amici</span> <span class='ocrx_word' id='word_1_175' title='bbox 713 1762 790 1814; x_wconf 86' lang='lat' dir='ltr'>illi,</span> <span class='ocrx_word' id='word_1_176' title='bbox 816 1762 980 1817; x_wconf 89' lang='lat' dir='ltr'>quibus</span> <span class='ocrx_word' id='word_1_177' title='bbox 1007 1762 1268 1805; x_wconf 87' lang='lat' dir='ltr'>huiusmodi</span> <span class='ocrx_word' id='word_1_178' title='bbox 1291 1762 1509 1806; x_wconf 85' lang='lat' dir='ltr'>beneficia</span> <span class='ocrx_word' id='word_1_179' title='bbox 1530 1763 1735 1804; x_wconf 86' lang='lat' dir='ltr'>conferre</span> <span class='ocrx_word' id='word_1_180' title='bbox 1763 1762 1882 1814; x_wconf 65' lang='lat' dir='ltr'>vult,</span> 
     </span>
     <span class='ocr_line' id='line_1_22' title="bbox 261 1838 1881 1895; baseline 0.001 -15"><span class='ocrx_word' id='word_1_181' title='bbox 261 1839 331 1883; x_wconf 89' lang='lat' dir='ltr'>vel</span> <span class='ocrx_word' id='word_1_182' title='bbox 352 1840 472 1882; x_wconf 91' lang='lat' dir='ltr'>bona</span> <span class='ocrx_word' id='word_1_183' title='bbox 493 1840 615 1891; x_wconf 89' lang='lat' dir='ltr'>dare,</span> <span class='ocrx_word' id='word_1_184' title='bbox 641 1853 860 1895; x_wconf 85' lang='lat' dir='ltr'>pauperes</span> <span class='ocrx_word' id='word_1_185' title='bbox 882 1839 987 1891; x_wconf 84' lang='lat' dir='ltr'>sint,</span> <span class='ocrx_word' id='word_1_186' title='bbox 1013 1854 1069 1883; x_wconf 86' lang='lat' dir='ltr'>an</span> <span class='ocrx_word' id='word_1_187' title='bbox 1093 1854 1199 1882; x_wconf 91' lang='lat' dir='ltr'>non.</span> <span class='ocrx_word' id='word_1_188' title='bbox 1225 1839 1272 1884; x_wconf 88' lang='lat' dir='ltr'>Si</span> <span class='ocrx_word' id='word_1_189' title='bbox 1301 1838 1485 1882; x_wconf 85' lang='lat' dir='ltr'>iudicati</span> <span class='ocrx_word' id='word_1_190' title='bbox 1515 1839 1680 1882; x_wconf 84' lang='lat' dir='ltr'>fuerint</span> <span class='ocrx_word' id='word_1_191' title='bbox 1708 1853 1881 1895; x_wconf 86' lang='lat' dir='ltr'>paupe-</span> 
     </span>
     <span class='ocr_line' id='line_1_23' title="bbox 260 1914 1880 1972; baseline 0.001 -15"><span class='ocrx_word' id='word_1_192' title='bbox 260 1930 348 1968; x_wconf 85' lang='lat' dir='ltr'>res,</span> <span class='ocrx_word' id='word_1_193' title='bbox 374 1915 460 1959; x_wconf 91' lang='lat' dir='ltr'>illis</span> <span class='ocrx_word' id='word_1_194' title='bbox 480 1916 645 1972; x_wconf 84' lang='lat' dir='ltr'>poterit</span> <span class='ocrx_word' id='word_1_195' title='bbox 666 1930 747 1972; x_wconf 93' lang='lat' dir='ltr'>pro</span> <span class='ocrx_word' id='word_1_196' title='bbox 767 1931 850 1959; x_wconf 89' lang='lat' dir='ltr'>sua</span> <span class='ocrx_word' id='word_1_197' title='bbox 882 1917 1126 1960; x_wconf 85' lang='lat' dir='ltr'>deuotione</span> <span class='ocrx_word' id='word_1_198' title='bbox 1157 1917 1281 1969; x_wconf 87' lang='lat' dir='ltr'>dare;</span> <span class='ocrx_word' id='word_1_199' title='bbox 1317 1916 1355 1959; x_wconf 89' lang='lat' dir='ltr'>si</span> <span class='ocrx_word' id='word_1_200' title='bbox 1382 1931 1473 1959; x_wconf 91' lang='lat' dir='ltr'>non</span> <span class='ocrx_word' id='word_1_201' title='bbox 1503 1915 1668 1959; x_wconf 84' lang='lat' dir='ltr'>fuerint</span> <span class='ocrx_word' id='word_1_202' title='bbox 1695 1914 1880 1958; x_wconf 87' lang='lat' dir='ltr'>iudicati</span> 
     </span>
     <span class='ocr_line' id='line_1_24' title="bbox 261 1992 1881 2050; baseline 0.001 -15"><span class='ocrx_word' id='word_1_203' title='bbox 261 1993 388 2045; x_wconf 89' lang='lat' dir='ltr'>tales,</span> <span class='ocrx_word' id='word_1_204' title='bbox 427 1992 657 2037; x_wconf 89' lang='lat' dir='ltr'>iubebitur</span> <span class='ocrx_word' id='word_1_205' title='bbox 693 1998 776 2039; x_wconf 86' lang='lat'>355</span> <span class='ocrx_word' id='word_1_206' title='bbox 813 2008 867 2036; x_wconf 88' lang='lat' dir='ltr'>ex</span> <span class='ocrx_word' id='word_1_207' title='bbox 904 1993 1083 2050; x_wconf 86' lang='lat' dir='ltr'>integro</span> <span class='ocrx_word' id='word_1_208' title='bbox 1119 1993 1387 2037; x_wconf 87' lang='lat' dir='ltr'>distribuere</span> <span class='ocrx_word' id='word_1_209' title='bbox 1425 1993 1712 2050; x_wconf 84' lang='lat' dir='ltr'>pauperibus.</span> <span class='ocrx_word' id='word_1_210' title='bbox 1753 1993 1881 2036; x_wconf 90' lang='lat' dir='ltr'>Haec</span> 
     </span>
     <span class='ocr_line' id='line_1_25' title="bbox 260 2068 1887 2126; baseline 0 -14"><span class='ocrx_word' id='word_1_211' title='bbox 260 2077 412 2113; x_wconf 88' lang='lat' dir='ltr'>autem</span> <span class='ocrx_word' id='word_1_212' title='bbox 448 2070 598 2114; x_wconf 90' lang='lat' dir='ltr'>omnia</span> <span class='ocrx_word' id='word_1_213' title='bbox 628 2071 738 2113; x_wconf 89' lang='lat' dir='ltr'>fient</span> <span class='ocrx_word' id='word_1_214' title='bbox 769 2070 893 2113; x_wconf 88' lang='lat' dir='ltr'>iuxta</span> <span class='ocrx_word' id='word_1_215' title='bbox 928 2085 996 2124; x_wconf 90' lang='lat' dir='ltr'>ea,</span> <span class='ocrx_word' id='word_1_216' title='bbox 1037 2085 1151 2126; x_wconf 91' lang='lat' dir='ltr'>quae</span> <span class='ocrx_word' id='word_1_217' title='bbox 1187 2072 1257 2125; x_wconf 87' lang='lat'>4.⁰</span> <span class='ocrx_word' id='word_1_218' title='bbox 1295 2070 1441 2126; x_wconf 86' lang='lat' dir='ltr'>capite</span> <span class='ocrx_word' id='word_1_219' title='bbox 1477 2069 1699 2114; x_wconf 86' lang='lat' dir='ltr'>examinis</span> <span class='ocrx_word' id='word_1_220' title='bbox 1734 2068 1887 2113; x_wconf 82' lang='lat' dir='ltr'>conti-</span> 
     </span>
     <span class='ocr_line' id='line_1_26' title="bbox 260 2154 441 2191; baseline 0.006 -2"><span class='ocrx_word' id='word_1_221' title='bbox 260 2154 441 2191; x_wconf 90' lang='lat' dir='ltr'>nentur.</span> 
     </span>
    </p>

    <p class='ocr_par' dir='ltr' id='par_1_4' title="bbox 263 2223 1888 2422">
     <span class='ocr_line' id='line_1_27' title="bbox 351 2223 1887 2280; baseline -0.001 -14"><span class='ocrx_word' id='word_1_222' title='bbox 351 2225 482 2280; x_wconf 80' lang='lat' dir='ltr'>Quae</span> <span class='ocrx_word' id='word_1_223' title='bbox 519 2231 750 2280; x_wconf 89' lang='lat' dir='ltr'>praeterea</span> <span class='ocrx_word' id='word_1_224' title='bbox 778 2225 954 2280; x_wconf 85' lang='lat' dir='ltr'>agenda</span> <span class='ocrx_word' id='word_1_225' title='bbox 981 2231 1087 2267; x_wconf 88' lang='lat' dir='ltr'>sunt</span> <span class='ocrx_word' id='word_1_226' title='bbox 1115 2238 1218 2267; x_wconf 86' lang='lat' dir='ltr'>cum</span> <span class='ocrx_word' id='word_1_227' title='bbox 1248 2223 1518 2275; x_wconf 85' lang='lat' dir='ltr'>examinato,</span> <span class='ocrx_word' id='word_1_228' title='bbox 1558 2230 1799 2280; x_wconf 89' lang='lat' dir='ltr'>antequam</span> <span class='ocrx_word' id='word_1_229' title='bbox 1827 2223 1887 2266; x_wconf 87' lang='lat' dir='ltr'>ad</span> 
     </span>
     <span class='ocr_line' id='line_1_28' title="bbox 263 2299 1888 2358; baseline 0 -15"><span class='ocrx_word' id='word_1_230' title='bbox 263 2308 359 2344; x_wconf 61' lang='grc' dir='ltr'>2.*ιω</span> <span class='ocrx_word' id='word_1_231' title='bbox 389 2300 700 2357; x_wconf 88' lang='lat' dir='ltr'>probationem</span> <span class='ocrx_word' id='word_1_232' title='bbox 727 2300 894 2353; x_wconf 82' lang='lat' dir='ltr'>veniat,</span> <span class='ocrx_word' id='word_1_233' title='bbox 926 2315 978 2344; x_wconf 90' lang='lat' dir='ltr'>ea</span> <span class='ocrx_word' id='word_1_234' title='bbox 1006 2301 1201 2358; x_wconf 86' lang='lat' dir='ltr'>petenda</span> <span class='ocrx_word' id='word_1_235' title='bbox 1237 2308 1344 2347; x_wconf 90' lang='lat' dir='ltr'>sunt</span> <span class='ocrx_word' id='word_1_236' title='bbox 1381 2315 1437 2344; x_wconf 89' lang='lat' dir='ltr'>ex</span> <span class='ocrx_word' id='word_1_237' title='bbox 1475 2299 1624 2343; x_wconf 88' lang='lat' dir='ltr'>officio</span> <span class='ocrx_word' id='word_1_238' title='bbox 1657 2299 1888 2344; x_wconf 81' lang='lat' dir='ltr'>examina·</span> 
     </span>
     <span class='ocr_line' id='line_1_29' title="bbox 264 2377 391 2422; baseline 0 -2"><span class='ocrx_word' id='word_1_239' title='bbox 264 2377 391 2422; x_wconf 90' lang='lat' dir='ltr'>toris.</span> 
     </span>
    </p>

    <p class='ocr_par' dir='ltr' id='par_1_5' title="bbox 263 2452 1892 2892">
     <span class='ocr_line' id='line_1_30' title="bbox 351 2452 1884 2510; baseline -0.001 -13"><span class='ocrx_word' id='word_1_240' title='bbox 351 2454 501 2498; x_wconf 90' lang='lat' dir='ltr'>Finito</span> <span class='ocrx_word' id='word_1_241' title='bbox 523 2455 614 2497; x_wconf 87' lang='lat' dir='ltr'>hoc</span> <span class='ocrx_word' id='word_1_242' title='bbox 635 2455 837 2498; x_wconf 87' lang='lat' dir='ltr'>secundo</span> <span class='ocrx_word' id='word_1_243' title='bbox 859 2454 1081 2507; x_wconf 83' lang='lat' dir='ltr'>examine,</span> <span class='ocrx_word' id='word_1_244' title='bbox 1107 2455 1228 2510; x_wconf 92' lang='lat' dir='ltr'>quod</span> <span class='ocrx_word' id='word_1_245' title='bbox 1250 2454 1296 2496; x_wconf 90' lang='lat' dir='ltr'>in</span> <span class='ocrx_word' id='word_1_246' title='bbox 1322 2454 1465 2510; x_wconf 86' lang='lat' dir='ltr'>prima</span> <span class='ocrx_word' id='word_1_247' title='bbox 1493 2453 1759 2510; x_wconf 87' lang='lat' dir='ltr'>probatione</span> <span class='ocrx_word' id='word_1_248' title='bbox 1786 2452 1884 2496; x_wconf 87' lang='lat' dir='ltr'>fieri</span> 
     </span>
     <span class='ocr_line' id='line_1_31' title="bbox 263 2529 1887 2588; baseline -0.001 -13"><span class='ocrx_word' id='word_1_249' title='bbox 263 2532 394 2584; x_wconf 90' lang='lat' dir='ltr'>solet,</span> <span class='ocrx_word' id='word_1_250' title='bbox 420 2532 716 2588; x_wconf 89' lang='lat' dir='ltr'>absolutaque</span> <span class='ocrx_word' id='word_1_251' title='bbox 739 2531 1022 2576; x_wconf 88' lang='lat' dir='ltr'>confessione</span> <span class='ocrx_word' id='word_1_252' title='bbox 1050 2531 1266 2588; x_wconf 88' lang='lat' dir='ltr'>generali,</span> <span class='ocrx_word' id='word_1_253' title='bbox 1299 2531 1474 2574; x_wconf 89' lang='lat' dir='ltr'>reddita</span> <span class='ocrx_word' id='word_1_254' title='bbox 1502 2530 1687 2587; x_wconf 90' lang='lat' dir='ltr'>insuper</span> <span class='ocrx_word' id='word_1_255' title='bbox 1714 2529 1887 2574; x_wconf 89' lang='lat' dir='ltr'>ratione</span> 
     </span>
     <span class='ocr_line' id='line_1_32' title="bbox 263 2605 1887 2665; baseline -0.002 -13"><span class='ocrx_word' id='word_1_256' title='bbox 263 2608 584 2661; x_wconf 83' lang='lat' dir='ltr'>eonscientiae,</span> <span class='ocrx_word' id='word_1_257' title='bbox 603 2616 776 2665; x_wconf 87' lang='lat' dir='ltr'>postea,</span> <span class='ocrx_word' id='word_1_258' title='bbox 796 2608 978 2651; x_wconf 91' lang='lat' dir='ltr'>domum</span> <span class='ocrx_word' id='word_1_259' title='bbox 998 2615 1206 2665; x_wconf 82' lang='lat' dir='ltr'>receptus</span> <span class='ocrx_word' id='word_1_260' title='bbox 1225 2609 1282 2650; x_wconf 89' lang='lat' dir='ltr'>ad</span> <span class='ocrx_word' id='word_1_261' title='bbox 1301 2616 1395 2651; x_wconf 73' lang='lat'>2.³¹¹¹</span> <span class='ocrx_word' id='word_1_262' title='bbox 1412 2607 1740 2664; x_wconf 79' lang='lat' dir='ltr'>probationem,</span> <span class='ocrx_word' id='word_1_263' title='bbox 1759 2605 1887 2649; x_wconf 90' lang='lat' dir='ltr'>subi-</span> 
     </span>
     <span class='ocr_line' id='line_1_33' title="bbox 264 2682 1888 2740; baseline -0.001 -12"><span class='ocrx_word' id='word_1_264' title='bbox 264 2685 331 2728; x_wconf 91' lang='lat' dir='ltr'>bit</span> <span class='ocrx_word' id='word_1_265' title='bbox 352 2685 475 2729; x_wconf 90' lang='lat' dir='ltr'>aliud</span> <span class='ocrx_word' id='word_1_266' title='bbox 497 2699 688 2728; x_wconf 90' lang='lat' dir='ltr'>examen</span> <span class='ocrx_word' id='word_1_267' title='bbox 710 2691 838 2729; x_wconf 88' lang='lat' dir='ltr'>sexto</span> <span class='ocrx_word' id='word_1_268' title='bbox 860 2699 1041 2740; x_wconf 90' lang='lat' dir='ltr'>quoque</span> <span class='ocrx_word' id='word_1_269' title='bbox 1063 2699 1217 2728; x_wconf 85' lang='lat' dir='ltr'>mense</span> <span class='ocrx_word' id='word_1_270' title='bbox 1238 2693 1283 2728; x_wconf 89' lang='lat' dir='ltr'>et</span> <span class='ocrx_word' id='word_1_271' title='bbox 1305 2684 1595 2727; x_wconf 86' lang='lat' dir='ltr'>confitebitur</span> <span class='ocrx_word' id='word_1_272' title='bbox 1617 2682 1888 2740; x_wconf 85' lang='lat' dir='ltr'>generaliter</span> 
     </span>
     <span class='ocr_line' id='line_1_34' title="bbox 265 2759 1888 2818; baseline -0.001 -13"><span class='ocrx_word' id='word_1_273' title='bbox 265 2769 310 2805; x_wconf 84' lang='lat' dir='ltr'>et</span> <span class='ocrx_word' id='word_1_274' title='bbox 332 2762 457 2806; x_wconf 90' lang='lat' dir='ltr'>dabit</span> <span class='ocrx_word' id='word_1_275' title='bbox 478 2762 697 2818; x_wconf 84' lang='lat' dir='ltr'>rationem</span> <span class='ocrx_word' id='word_1_276' title='bbox 720 2761 1024 2806; x_wconf 87' lang='lat' dir='ltr'>conscientiae</span> <span class='ocrx_word' id='word_1_277' title='bbox 1045 2763 1102 2805; x_wconf 92' lang='lat' dir='ltr'>ab</span> <span class='ocrx_word' id='word_1_278' title='bbox 1123 2762 1277 2804; x_wconf 86' lang='lat' dir='ltr'>vltima</span> <span class='ocrx_word' id='word_1_279' title='bbox 1296 2761 1580 2805; x_wconf 85' lang='lat' dir='ltr'>confessione</span> <span class='ocrx_word' id='word_1_280' title='bbox 1596 2767 1642 2803; x_wconf 90' lang='lat' dir='ltr'>et</span> <span class='ocrx_word' id='word_1_281' title='bbox 1657 2759 1888 2816; x_wconf 88' lang='lat' dir='ltr'>apertione</span> 
     </span>
     <span class='ocr_line' id='line_1_35' title="bbox 265 2837 1892 2892; baseline -0.002 -10"><span class='ocrx_word' id='word_1_282' title='bbox 265 2839 587 2891; x_wconf 86' lang='lat' dir='ltr'>conscientiae,</span> <span class='ocrx_word' id='word_1_283' title='bbox 621 2853 674 2882; x_wconf 91' lang='lat' dir='ltr'>ac</span> <span class='ocrx_word' id='word_1_284' title='bbox 701 2838 939 2883; x_wconf 87' lang='lat' dir='ltr'>renouabit</span> <span class='ocrx_word' id='word_1_285' title='bbox 967 2845 1071 2882; x_wconf 90' lang='lat' dir='ltr'>vota</span> <span class='ocrx_word' id='word_1_286' title='bbox 1100 2853 1198 2892; x_wconf 89' lang='lat' dir='ltr'>sua,</span> <span class='ocrx_word' id='word_1_287' title='bbox 1229 2839 1267 2882; x_wconf 94' lang='lat' dir='ltr'>si</span> <span class='ocrx_word' id='word_1_288' title='bbox 1299 2853 1352 2882; x_wconf 91' lang='lat' dir='ltr'>ea</span> <span class='ocrx_word' id='word_1_289' title='bbox 1387 2837 1612 2890; x_wconf 87' lang='lat' dir='ltr'>habuerit,</span> <span class='ocrx_word' id='word_1_290' title='bbox 1652 2849 1892 2892; x_wconf 88' lang='lat' dir='ltr'>quousque</span> 
     </span>
    </p>
   </div>
   <div class='ocr_carea' id='block_1_3' title="bbox 267 2946 531 2952">
    <p class='ocr_par' dir='ltr' id='par_1_6' title="bbox 267 2946 531 2952">
     <span class='ocr_line' id='line_1_36' title="bbox 267 2946 531 2952; baseline 0 0"><span class='ocrx_word' id='word_1_291' title='bbox 267 2946 531 2952; x_wconf 95' lang='lat' dir='ltr'> </span> 
     </span>
    </p>
   </div>
   <div class='ocr_carea' id='block_1_4' title="bbox 336 3005 664 3042">
    <p class='ocr_par' dir='ltr' id='par_1_7' title="bbox 336 3005 664 3042">
     <span class='ocr_line' id='line_1_37' title="bbox 336 3005 664 3042; baseline 0 -1"><span class='ocrx_word' id='word_1_292' title='bbox 336 3017 353 3035; x_wconf 86' lang='lat' dir='ltr'>a</span> <span class='ocrx_word' id='word_1_293' title='bbox 402 3005 574 3042; x_wconf 80' lang='lat' dir='ltr'>diuitiae</span> <span class='ocrx_word' id='word_1_294' title='bbox 593 3017 664 3042; x_wconf 87' lang='lat' dir='ltr'>ms.</span> 
     </span>
    </p>
   </div>
   <div class='ocr_carea' id='block_1_5' title="bbox 2022 1720 2098 3470">
    <p class='ocr_par' dir='ltr' id='par_1_8' title="bbox 2022 1720 2098 3470">
     <span class='ocr_line' id='line_1_38' title="bbox 2022 1720 2098 3470; baseline 0 0"><span class='ocrx_word' id='word_1_295' title='bbox 2022 1720 2098 3470; x_wconf 95' lang='lat' dir='ltr'> </span> 
     </span>
    </p>
   </div>
  </div>
 </body>
</html>
