2098 3470
328 265 399 303 360
803 270 958 307 PA'rms
984 271 1228 308 HmRoNvm
1252 271 1404 308 NADAL

287 368 383 412 uier
406 384 476 422 ea,
502 371 698 426 quaead
717 371 977 416 huiusmodi
999 372 1247 448 min-isteria
1268 372 1416 430 magis
1433 375 1773 420 accommodata
1788 377 1917 423 vide-

284 447 471 490 buntur.

851 582 913 612 DE
946 581 1350 613 CONUERSATIONE

367 680 514 722 Erunt
552 679 945 735 conuersationes,
981 696 1096 736 quae
1129 695 1234 723 cum
1267 682 1468 725 externis
1506 683 1748 738 habentur,
1788 684 1914 730 iuxta

276 755 655 800 consuetudinem
684 763 729 801 et
756 756 1015 801 institutum
1047 757 1305 810 Societatis,
1341 773 1457 814 quae
1485 773 1563 802 eas
1595 775 1751 805 omnes
1773 763 1913 806 refert

275 834 333 876 ad
356 832 624 890 spiritualia,
648 840 695 877 et
715 835 771 877 ad
794 834 988 890 aliquam
1011 834 1262 877 animarum
1285 835 1541 880 Vtilitatem:
1567 837 1749 880 dabitur
1770 837 1912 895 igitur

274 924 427 966 opera,
462 917 513 952 vt
542 911 751 966 quamuis
773 925 879 954 cum
903 911 1183 954 secularibus
1206 912 1262 955 de
1286 912 1567 956 secularibus
1589 913 1725 958 rebus
1748 922 1912 972 agatur

274 987 414 1044 (quod
436 1001 574 1043 saepe
597 987 822 1044 contingit
850 995 896 1032 et
917 987 1138 1043 expedit),
1164 1002 1342 1044 semper
1365 995 1517 1033 tamen
1545 989 1707 1046 aliquis
1736 990 1912 1035 fructus

273 1063 520 1120 spiritualis
547 1063 654 1109 inde
679 1064 899 1121 capiatur,
930 1079 986 1108 ex
1022 1064 1090 1116 iis,
1128 1079 1244 1121 quae
1282 1065 1327 1107 in
1363 1066 1521 1110 eadem
1555 1067 1906 1112 conuersatione

274 1148 493 1198 aguntur,
514 1156 624 1185 ansa
646 1149 842 1198 sumpta.

835 1275 898 1304 DE
925 1274 1136 1304 RATIONE
1165 1274 1338 1305 VICTUS

359 1373 562 1418 Tametsi
584 1373 698 1416 ratio
721 1373 857 1416 huius
880 1374 1041 1416 domus
1063 1387 1117 1415 ea
1139 1373 1213 1428 sit,
1239 1382 1287 1416 vt
1310 1374 1498 1430 regulae
1521 1389 1682 1419 omnes
1704 1375 1906 1421 Societa-

269 1452 327 1494 tis
349 1450 583 1494 obseruari
605 1465 699 1494 non
722 1450 914 1506 possint,
940 1464 994 1494 eo
1024 1449 1166 1493 maior
1196 1450 1431 1507 diligentia
1460 1457 1529 1495 est
1557 1451 1826 1506 adhibenda,
1857 1459 1908 1495 vt

267 1542 424 1572 earum
446 1528 708 1584 regularum
731 1527 989 1571 obseruatio
1012 1542 1103 1569 non
1127 1526 1377 1580 omittatur,
1406 1542 1524 1583 quae
1546 1529 1781 1573 obseruari
1801 1543 1904 1586 pos-

267 1613 389 1649 sunt.
417 1606 631 1648 Habeant
651 1613 669 1630 2
690 1603 830 1660 igitur
852 1603 1064 1647 distincta
1086 1618 1168 1646 sua
1191 1610 1394 1660 tempora
1417 1605 1653 1661 surgendi,
1678 1607 1904 1662 pranden-

265 1683 328 1736 di,
354 1682 594 1735 coenandi,
621 1681 759 1726 eundi
781 1681 1001 1732 cubitum,
1028 1687 1116 1724 etc.

355 1759 616 1804 Portionem
639 1760 842 1803 habeant
863 1765 908 1800 et
937 1758 1108 1801 victum
1138 1758 1469 1814 quotidianum,
1501 1759 1647 1814 qualis
1674 1759 1790 1803 solet
1818 1762 1902 1803 ha—

265 1837 362 1880 beri
399 1837 446 1880 in
483 1835 688 1893 collegiis
723 1835 978 1888 Societatis;
1020 1833 1104 1878 nec
1145 1842 1330 1891 propter
1369 1835 1713 1889 abundantiam,
1749 1836 1786 1880 si
1812 1851 1903 1893 qua

266 1922 402 1967 esset,
428 1919 714 1971 praetereant
735 1911 1019 1967 disciplinam
1042 1914 1191 1955 victus
1213 1910 1478 1966 quotidiani.

353 1993 568 2050 Habeant
589 1989 607 2015 ¹³
630 2000 808 2046 tempus
831 1988 1131 2031 constitutum
1151 2004 1177 2031 a
1195 1988 1502 2033 celebratione
1519 1988 1900 2033 missarum-iuxta

263 2061 615 2113 constitutiones
637 2065 893 2111 Societatis.

352 2146 428 2189 Ad
450 2143 664 2188 conuiuia
685 2143 930 2186 amicorum
954 2157 1046 2184 non
1069 2142 1155 2185 nisi
1190 2155 1293 2185 raro
1322 2149 1368 2184 et
1398 2157 1502 2184 cum
1533 2142 1754 2198 spirituali
1782 2143 1899 2187 vtili—

263 2230 356 2267 tate
383 2223 531 2266 ibunt.
565 2222 640 2264 Ad
667 2219 907 2276 prandium
938 2220 1061 2274 legat
1090 2233 1207 2262 Vnus
1238 2218 1422 2274 aliquod
1453 2226 1591 2275 caput
1622 2219 1730 2262 noui
1759 2226 1900 2264 testa—

263 2300 403 2344 menti
425 2300 497 2342 vel
519 2297 703 2342 alterius
724 2294 826 2338 libri
850 2295 927 2351 pii,
955 2295 1030 2350 qui
1054 2295 1205 2338 statim
1228 2295 1395 2351 poterit
1417 2295 1616 2340 assidere
1637 2310 1809 2351 mense;
1841 2299 1898 2340 ad

261 2378 398 2420 finem
420 2390 544 2428 vero,
572 2382 676 2418 ante
699 2372 884 2430 gratias,
911 2373 1035 2428 legat
1058 2371 1221 2427 aliquis
1250 2372 1640 2428 martyrologium,
1673 2372 1710 2416 is
1739 2373 1898 2418 videli-

260 2461 349 2506 cet,
385 2454 462 2510 qui
495 2453 690 2509 primum
723 2451 858 2492 finem
893 2449 1160 2493 comedendi
1195 2448 1374 2492 fecerit.
1411 2450 1683 2494 Sacerdotes
1714 2458 1900 2495 seruent

261 2530 642 2575 consuetudinem
669 2526 870 2584 quotidie
899 2526 1175 2579 celebrandi,
1213 2526 1298 2568 nisi
1327 2526 1386 2569 sit
1407 2525 1683 2582 legittimum
1704 2526 1884 2583 impedi·

261 2616 480 2651 mentum.

350 2687 537 2728 Fratres
559 2683 863 2727 confiteantur
891 2688 935 2724 et
966 2680 1307 2724 communicent
1335 2681 1360 2722 8
1391 2694 1572 2736 quoque
1599 2680 1671 2723 die
1697 2686 1743 2724 et
1770 2680 1896 2724 festis

258 2761 626 2813 solemnioribus,
653 2766 701 2802 vt
723 2766 792 2803 est
814 2757 1056 2802 Societatis
1079 2757 1383 2801 consuetudo,

347 2841 567 2884 Seruetur
589 2835 874 2880 consuetudo
895 2833 1198 2878 abstinentiae
1220 2833 1293 2876 die
1315 2833 1509 2877 veneris.

345 2917 397 2958 Ρ.
425 2917 597 2958 Acosta
618 2913 730 2956 nihil
752 2911 872 2955 aliud
896 2910 1087 2966 accipiet
1110 2917 1190 2953 aut
1221 2916 1346 2966 petet
1379 2909 1682 2954 eleemosinae
1710 2925 1736 2953 a
1765 2924 1892 2954 com-

323 3094 340 3110 a
391 3082 464 3117 Ms.
485 3081 639 3116 habeat.
694 3080 758 3106 —b
787 3078 860 3113 Ms.
879 3078 1032 3113 habeat.
