2098 3470
282 241 355 277 628
554 294 557 297 Ι
756 245 911 281 PATms
938 245 1181 282 Hmnonvm
1207 245 1358 281 NADAL

329 345 378 388 In
402 344 744 389 fundationibus
764 347 1056 403 collegiorum
1087 354 1262 390 tantum
1293 348 1370 390 fiat
1394 347 1562 391 mentio
1594 347 1865 392 ministerio-

238 435 356 473 rum,
377 422 435 464 ad
451 435 568 476 quae
585 425 853 478 praestanda
871 423 1043 479 obligat
1066 438 1114 467 se
1137 423 1358 477 Societas,
1376 431 1427 466 ut
1449 431 1628 468 constet
1651 425 1869 470 Societati.

238 496 422 542 libertas
439 498 731 543 scholasticos
753 515 807 544 ex
831 501 1049 544 reditibus
1066 500 1361 556 collegiorum
1381 501 1499 544 alere
1521 501 1567 544 in
1593 501 1870 546 uniuersita-

240 573 378 627 tibus,
403 582 448 619 et
471 576 585 620 haec
607 575 806 629 libertas,
831 577 868 619 si
891 576 987 620 fieri
1011 575 1167 632 possit,
1193 576 1445 633 explicetur
1468 577 1513 620 in
1537 578 1803 622 fundatione
1831 586 1868 621 ³.

330 651 403 694 Ad
428 651 608 695 titulum
632 653 914 697 uoluntariae
938 652 1229 709 paupertatis,
1257 661 1364 696 uoto
1386 653 1568 710 quidem
1602 662 1865 711 conceptae,

243 737 288 771 et
317 728 584 772 sufficientis
615 728 896 774 litteraturae
924 745 978 773 ex
1007 729 1208 785 generali
1231 730 1526 775 concessione
1548 730 1668 775 sedis
1690 738 1874 787 aposto-

244 805 374 857 licae,
398 805 666 851 ordinentur
688 806 845 860 nostri,
874 807 943 850 uel
967 806 1253 862 interpretari
1276 814 1426 862 potest
1453 808 1511 850 ad
1534 809 1657 851 hunc
1691 807 1878 858 titulum,

244 882 464 937 ordinari;
484 883 643 939 itaque
665 883 702 927 si
725 884 1007 927 dimittantur
1031 899 1055 926 a
1077 882 1321 936 Societate,
1345 883 1406 926 nil
1430 891 1499 927 est
1527 885 1648 940 quod
1677 884 1875 941 episcopi

246 960 463 1015 conqueri
486 960 676 1017 possint;
695 960 740 1003 in
758 968 1023 1017 paupertate
1045 959 1164 1002 enim
1189 959 1345 1004 uiuere
1365 961 1547 1013 debent,
1568 975 1653 1005 nec
1672 961 1757 1017 ipsi
1777 960 1879 1004 illos

248 1044 462 1081 tenentur
484 1038 619 1082 alere.
1740 1035 1742 1037 ’

338 1115 400 1157 Vt
424 1121 694 1170 separentur
714 1114 1057 1157 concionatores
1078 1113 1223 1166 liberi,
1244 1113 1322 1169 qui
1344 1113 1640 1159 circumeant.

337 1192 441 1247 Que
463 1206 512 1234 se
533 1190 713 1235 atienda
734 1205 790 1234 en
815 1193 994 1247 Espana
1011 1195 1036 1234 a
1057 1193 1192 1234 hazer
1214 1180 1444 1235 subiectos
1466 1206 1574 1248 para
1596 1206 1685 1247 que
1702 1205 1751 1235 se
1769 1206 1888 1248 pue-

248 1268 306 1310 da
335 1275 479 1311 tornar
508 1275 741 1324 assumpto
772 1269 828 1310 de
859 1267 1158 1323 porcionistas
1185 1282 1315 1311 como
1337 1282 1393 1311 en
1418 1269 1576 1322 Roma;
1601 1282 1773 1324 porque
1795 1282 1881 1312 con

251 1351 350 1388 esto
372 1359 422 1389 se
443 1347 552 1388 hara
573 1344 767 1388 seruicio
795 1346 835 1387 al
864 1346 1024 1398 Senor,
1050 1346 1200 1401 plazer
1227 1349 1253 1388 a
1281 1347 1470 1388 muchos
1498 1345 1739 1401 principes,
1771 1360 1802 1401 y
1833 1360 1889 1388 se·

252 1426 455 1478 ganaran
479 1421 711 1465 subiectos
732 1422 789 1465 de
811 1423 961 1465 buena
982 1435 1180 1464 manera.

343 1498 597 1555 Diligenter
618 1506 742 1552 sunt,
773 1498 850 1554 qui
884 1498 1178 1554 recipiuntur,
1210 1498 1520 1555 interrogandi
1544 1513 1653 1542 num
1689 1498 1890 1556 diligant·

253 1575 399 1633 magis
427 1582 640 1631 parentes
667 1591 800 1632 quam
832 1578 991 1618 Patres
1012 1583 1057 1619 et
1087 1578 1263 1628 fratres,
1295 1584 1340 1619 et
1368 1591 1425 1619 an
1456 1576 1624 1619 uellent
1651 1575 1778 1619 illum
1812 1576 1885 1619 af—

254 1654 422 1697 fectum
445 1639 665 1696 abiicere(

343 1731 446 1773 Non
478 1729 539 1773 ita
567 1739 636 1774 est
665 1731 899 1772 tractanda
926 1729 1190 1782 Germania,
1221 1730 1350 1785 quasi
1377 1729 1656 1786 negligatur,
1681 1736 1727 1773 et
1756 1730 1891 1785 quasi

254 1807 402 1851 aliena
425 1806 564 1860 natio;
589 1821 646 1850 ne
669 1806 813 1849 nostri
834 1806 969 1849 etiarn
991 1806 1102 1850 illud
1126 1807 1271 1850 ferant
1288 1806 1527 1863 egerrime.

344 1883 598 1927 Iurisdictio
617 1883 851 1935 directiua,
877 1898 1011 1938 quam
1033 1898 1248 1927 exercere
1270 1891 1419 1939 potest
1441 1883 1496 1926 in
1510 1882 1887 1927 universitatibus

257 1960 478 2012 Societas,
504 1961 759 2005 declaretur
782 1975 862 2016 pro
884 1960 1082 2016 collegio
1104 1960 1364 2016 dilingensi.

346 2037 548 2081 Nimium
570 2037 759 2080 delicate
782 2037 874 2081 fere
897 2037 1037 2080 nostri
1067 2036 1345 2090 nutriuntur,
1379 2051 1463 2081 nec
1484 2037 1655 2080 habent
1683 2036 1730 2078 in
1762 2036 1888 2079 uictu

257 2124 303 2159 et
327 2115 497 2160 uestitu
520 2122 565 2159 et
587 2113 686 2158 aliis
709 2113 899 2158 obiectis
923 2114 1166 2169 patientiae
1188 2113 1516 2170 probationem.

349 2194 412 2237 Vt
439 2206 531 2235 non
561 2190 857 2254 admittantur
886 2190 1142 2247 promiscue
1173 2191 1230 2234 ad
1262 2190 1429 2243 studia,
1455 2191 1528 2233 uel
1551 2189 1779 2246 grauiora,
1818 2189 1894 2232 uel

258 2269 445 2314 omnino
467 2270 525 2312 ad
548 2267 716 2321 studia,
741 2267 818 2323 qui
841 2269 896 2310 ad
918 2282 971 2311 ea
992 2267 1143 2313 idonei
1165 2282 1256 2311 non
1279 2262 1402 2311 sunt.

351 2348 415 2391 Vt
436 2359 612 2398 omnes,
637 2343 716 2400 qui
738 2344 887 2388 idonei
911 2344 1204 2397 uidebuntur,
1222 2345 1333 2389 dent
1349 2359 1531 2400 operam
1551 2343 1714 2387 litteris
1730 2344 1893 2386 huma·

261 2423 471 2468 nioribus
493 2422 747 2474 commode,
771 2421 1035 2477 praesertim
1059 2421 1104 2463 in
1122 2421 1369 2465 Germania
1390 2419 1422 2464 ¹³.

351 2501 520 2544 Nullus
540 2489 755 2555 procuret
775 2512 801 2540 a
823 2497 916 2540 suis
939 2498 1143 2554 accipere
1162 2498 1283 2542 unde
1306 2498 1454 2540 alatur
1475 2497 1522 2540 in
1539 2497 1717 2550 studiis,
1737 2497 1895 2540 saltem

261 2592 348 2621 suo
371 2576 561 2620 consilio
581 2582 628 2619 et
648 2564 898 2626 voluntate,
924 2575 1044 2629 quod
1068 2590 1125 2619 ne
1146 2574 1333 2619 iubeant
1355 2582 1554 2618 rectores
1583 2574 1754 2628 absque
1782 2586 1902 2616 con—

265 2669 403 2698 sensu
431 2651 738 2710 prouincialis,
759 2650 846 2706 ,qui
876 2665 966 2693 non
997 2651 1266 2703 consentiet,
1291 2650 1330 2694 si
1358 2651 1462 2694 inde
1484 2657 1664 2693 nostros
1686 2648 1894 2693 debilita-

267 2740 364 2775 tum
386 2731 439 2774 iri
462 2730 621 2773 timeat
642 2728 687 2772 in
710 2727 947 2771 vocatione
971 2728 1041 2771 vel
1063 2727 1275 2784 religiosa
1297 2727 1535 2784 disciplina
1557 2734 1590 2770 ⁰.

356 2811 502 2852 Detur
538 2805 772 2863 negotium
811 2805 973 2847 rectori
1010 2805 1300 2861 maguntino,
1340 2812 1392 2847 ut
1428 2811 1549 2848 emat
1585 2805 1730 2846 bonos
1758 2802 1902 2845 libros

338 2945 355 2962 a
404 2934 513 2969 Haec
539 2942 562 2978 9
585 2931 721 2967 ultima
742 2930 862 2965 verba
886 2941 907 2964 a
926 2929 1015 2966 Nat.
1035 2929 1166 2965 addita
1184 2935 1288 2965 sunt.
1341 2930 1408 2957 —b
1434 2929 1542 2964 Haec
1565 2927 1588 2963 3
1611 2929 1733 2963 verba
1756 2938 1778 2962 a
1803 2927 1892 2962 Nat.

268 2993 400 3029 addita
424 2998 527 3031 sunt.
580 3000 644 3018 -c
671 2990 780 3025 Haec
798 2988 953 3034 ultima,
979 2990 1030 3024 ab
1061 2988 1138 3024 illis
1170 2989 1303 3024 verbis
1320 2988 1462 3024 saltem
1488 2999 1558 3023 suo
1583 2986 1761 3028 consilio,
1782 2997 1901 3021 manu

270 3054 361 3089 Nat.
382 3051 512 3088 addita
531 3055 634 3087 sunt.
