2098 3470
339 296 410 333 338
811 297 966 334 PArms
992 298 1236 334 Hmnom'm
1261 297 1295 333 N
1299 305 1412 334 ΑΒΜ.

381 398 475 455 Qui
497 405 605 442 sunt
633 398 945 443 concionaturi
982 399 1027 442 in
1066 398 1323 453 refectorio,
1357 398 1388 442 ii
1416 414 1474 444 ne
1503 406 1814 456 proponantur
1836 416 1918 458 pu-

292 475 410 520 blice
431 475 477 518 in
499 474 664 528 indice,
690 481 741 518 ut
769 475 828 518 sit
855 475 1080 521 incertum
1109 475 1211 531 quis
1240 476 1422 532 quando
1451 475 1509 519 sit
1546 476 1918 522 concionaturus:

290 559 337 597 et
361 560 412 596 ut
433 552 605 595 dictum
628 559 713 605 est,
738 553 871 596 detur
902 552 989 596 illis
1018 559 1193 596 tantum
1223 566 1313 595 vna
1347 553 1478 605 hora,
1511 567 1627 608 quae
1658 553 1918 599 immediate

290 630 505 686 precedat
526 629 807 682 concionem,
833 630 891 673 ad
912 643 1012 672 earn
1035 629 1401 685 comparandam.

379 707 498 750 Cum
521 706 704 750 iubetur
726 706 946 751 celebrari
969 721 1052 763 pro
1075 705 1320 759 defunctis,
1347 705 1384 749 si
1406 720 1499 749 non
1520 706 1579 749 sit
1600 707 1825 751 dominica
1849 708 1923 753 uel

290 785 473 835 festum,
498 782 676 827 dicetur
698 782 834 826 missa
855 797 935 838 pro
969 781 1212 825 defunctis:
1239 782 1276 825 si
1298 781 1526 826 dominica
1555 783 1613 825 sit
1641 784 1714 827 vel
1735 783 1918 838 festum,

287 866 437 916 potest
464 860 522 904 de
549 858 776 903 dominica
797 860 867 904 vel
899 860 1015 902 festo
1047 858 1184 902 missa
1219 858 1334 912 fieri,
1359 866 1405 903 et
1437 859 1648 920 primaria
1681 860 1921 917 applicatio

287 951 369 992 pro
391 935 637 981 defunctis:
662 937 780 981 adde
801 944 1037 993 praeterea
1053 935 1123 979 his
1147 935 1414 980 orationem.

377 1014 772 1069 Quemadmodum
820 1013 908 1057 iam
951 1013 995 1055 in
1038 1012 1138 1056 aliis
1188 1013 1563 1056 instructionibus
1614 1013 1727 1057 dixit
1771 1016 1914 1060 Rdus.

290 1092 339 1134 P.
362 1090 554 1142 Natalis,
573 1090 693 1133 bona
714 1090 804 1134 fide
826 1090 958 1133 detur
982 1103 1120 1145 opera
1138 1096 1203 1142 ut,
1225 1103 1341 1144 quae
1358 1088 1470 1132 dixit
1492 1090 1548 1132 ad
1571 1089 1916 1136 instructionem

286 1165 598 1223 collegiorum,
624 1174 785 1216 curent
806 1166 1089 1221 exequenda,
1114 1172 1210 1208 tum
1234 1165 1552 1222 prouinciales‚
1578 1173 1674 1209 tum
1697 1174 1913 1222 rectores3

284 1245 369 1286 hac
391 1250 545 1287 tamen
567 1243 892 1298 moderatione,
919 1250 968 1285 ut
989 1242 1026 1285 si
1050 1242 1159 1297 quid
1180 1242 1268 1285 illis
1289 1250 1306 1267 ²
1328 1242 1538 1286 videatur
1567 1242 1614 1286 in
1635 1257 1719 1287 suo
1739 1244 1912 1298 ordine,

225 1314 231 1318 ¹
281 1319 527 1375 vnicuique
555 1319 603 1362 in
634 1334 717 1363 suo
746 1321 908 1376 gradu,
934 1320 1059 1375 quod
1087 1319 1222 1375 pleno
1250 1318 1412 1363 iuditio
1439 1319 1649 1364 videatur
1676 1323 1917 1366 commode

281 1397 473 1454 prestari
496 1411 587 1440 non
603 1411 736 1453 posse
758 1397 804 1439 in
827 1399 912 1439 hac
934 1395 1186 1452 prouincia,
1207 1397 1343 1440 Pater
1361 1403 1509 1440 rector
1525 1397 1583 1442 de
1599 1413 1653 1442 ea
1675 1411 1724 1440 re
1745 1397 1915 1442 scribat

280 1475 338 1517 ad
358 1473 703 1530 prouincialem;
730 1487 863 1528 quae,
888 1473 925 1516 si
948 1472 1011 1514 illi
1034 1472 1153 1516 idem
1177 1471 1402 1526 videatur,
1424 1479 1532 1516 tunc
1556 1474 1740 1517 comuni
1762 1474 1913 1518 consi-

278 1552 339 1595 lio
368 1551 568 1595 scribant
595 1552 653 1594 ad
686 1553 739 1594 P.
767 1551 991 1602 Natalem,
1018 1550 1055 1593 si
1085 1550 1143 1593 sit
1172 1550 1218 1592 in
1247 1550 1518 1604 Germania,
1550 1551 1622 1596 vel
1642 1551 1700 1594 ad
1720 1566 1913 1608 genera-

279 1629 383 1680 lem,
409 1635 455 1672 et
477 1628 671 1671 reddant
692 1627 911 1671 rationem
936 1634 1214 1683 quapropter
1234 1619 1346 1670 illud
1367 1641 1459 1670 non
1481 1627 1656 1683 possint
1677 1629 1914 1671 commode

279 1704 460 1761 exequi.

369 1782 437 1824 Ex
459 1781 618 1825 ordine
639 1780 931 1833 nouitiorum,
957 1780 1033 1823 vbi
1054 1786 1188 1824 erunt
1217 1779 1395 1833 nouitii,
1421 1780 1714 1836 accipiantur,
1741 1796 1795 1826 ea
1817 1781 1906 1838 pri-

281 1873 419 1911 mum,
447 1873 563 1913 quae
585 1857 861 1901 videbuntur
883 1872 983 1902 esse
1006 1858 1349 1908 accommodata
1364 1854 1526 1900 'nostro
1548 1857 1759 1914 collegio.

369 1936 494 1979 Idem
517 1934 661 1991 possit
682 1934 781 1979 fieri
809 1949 865 1978 ex
893 1933 1052 1979 ordine
1078 1933 1569 1990 superintendentium,
1594 1934 1797 1988 rectoris,
1823 1935 1905 1978 mi-

279 2011 410 2055 nistri
432 2018 477 2056 et
499 2010 780 2055 subministri
806 2012 833 2054 ¹.

365 2089 507 2133 Index
529 2102 702 2140 eorum,
726 2088 783 2130 de
810 2087 976 2142 quibus
998 2087 1228 2143 agendum
1258 2094 1327 2131 est
1354 2087 1402 2130 in
1430 2087 1667 2143 colloquiis
1697 2089 1908 2143 fratrum,

277 2173 556 2222 proponatur
577 2164 775 2221 publice,
801 2171 846 2207 et
868 2163 886 2188 b
914 2170 1136 2207 seruetur.
1615 2172 1617 2176 ’

365 2233 637 2286 Scolasticis¹
646 2248 957 2297 proponantur
981 2241 1169 2297 regulae
1191 2242 1431 2285 scolarum.

347 2365 365 2382 a
414 2354 487 2389 Ms.
509 2353 587 2389 illi.
639 2354 706 2381 —b
733 2353 806 2390 Ms.
825 2355 862 2387 et
880 2356 929 2387 et.

347 2456 357 2477 ¹
409 2455 517 2490 Haec
540 2452 806 2500 intellegenda
829 2458 920 2488 sunt
943 2452 993 2488 de
1018 2451 1238 2489 officiorum
1262 2452 1409 2499 regulis
1433 2465 1456 2488 a
1479 2454 1663 2503 Polanco,
1689 2455 1839 2500 Lainio,
1865 2461 1906 2491 et

278 2514 407 2550 Natali
429 2511 687 2558 concinnatis,
705 2516 745 2547 et
769 2511 906 2547 ultima
930 2522 1047 2547 manu
1071 2523 1094 2547 a
1117 2511 1259 2558 Borgia
1283 2511 1454 2559 donatis,
1474 2512 1524 2548 de
1553 2513 1697 2560 quibus
1721 2513 1906 2561 frequens

277 2573 424 2609 mentio
440 2573 485 2608 fit
501 2572 541 2608 in
560 2572 690 2619 Epist.
711 2571 759 2607 P.
780 2569 931 2612 Nadal,
952 2575 1055 2606 tomo
1074 2571 1142 2606 IIl.
