2098 3470
299 240 339 266 vr
949 232 1192 267 PRAEFAUO

253 330 423 376 ralibus
444 346 625 388 operam
648 339 877 377 strenuam
901 333 946 376 in
970 340 1063 376 tota
1082 334 1220 377 ferme
1243 334 1422 389 Europa
1445 333 1645 388 navavit;
1670 341 1715 378 et
1737 337 1879 377 taten-

253 409 360 452 dum
384 423 567 465 prorsus
583 408 669 453 erit
685 409 911 454 neminem
928 425 1008 466 pro
1026 409 1247 465 dignitate
1269 409 1501 452 historiam
1524 409 1779 466 primaevae
1796 412 1879 455 So-

253 485 430 529 cietatis
458 485 655 529 scribere
692 493 770 529 aut
807 488 939 542 plene
977 486 1230 542 intelligere
1268 500 1417 542 posse,
1443 486 1480 529 si
1508 486 1682 531 Natalis
1713 486 1878 543 scripta
1943 493 1946 496 ⁴

252 562 389 606 missa
412 562 583 622 fiecerit.

343 640 400 681 Et
423 653 529 682 vero
551 639 682 682 nobis
704 640 852 682 animo
875 639 1162 683 volventibus
1185 639 1538 695 quamplurimas
1559 654 1584 683 e
1614 640 1772 696 priscis
1794 641 1878 686 So·

252 715 427 759 cietatis
458 715 792 768 traditionibus,
819 730 930 771 quas
959 731 983 758 a
1021 715 1265 769 majoribus
1293 715 1458 759 nostris
1496 716 1770 772 accepimus,
1801 731 1880 761 eas

253 792 349 836 fere
371 807 528 836 omnes
550 792 667 835 inter
688 792 861 836 Natalis
884 791 1206 836 commentaria
1228 791 1777 849 reperisse'gratissimum
1801 807 1878 838 ac·

253 868 378 923 cidit;
419 869 523 914 inde
561 869 680 913 enim
717 883 872 911 earum
905 868 1195 911 traditionum
1230 870 1532 912 venerandam
1569 869 1885 925 antiquitatem.-

253 946 545 1002 agnovimus,
566 960 734 1001 easque
755 960 810 988 ex
829 945 926 1001 ipso
949 945 1286 988 institutionum
1310 953 1564 989 nostrarum
1585 947 1724 999 fonte,
1744 948 1880 1002 Igna-

254 1021 332 1074 tio,
358 1037 436 1078 per
459 1023 664 1067 Natalem
689 1037 772 1065 nos
795 1021 1048 1078 suscepisse
1071 1021 1399 1078 perspeximus.

342 1100 399 1142 Et
422 1113 469 1142 re
491 1098 671 1155 quidem
700 1114 824 1152 vera,
850 1113 965 1154 quae
994 1099 1049 1141 de
1080 1098 1254 1142 ratione
1290 1100 1448 1142 orandi
1475 1108 1520 1144 et
1551 1099 1794 1144 meditandi
1824 1101 1883 1144 ad'

253 1190 460 1229 normam
485 1175 629 1218 nostri
651 1174 860 1226 instituti,
886 1176 942 1219 de
964 1174 1214 1218 animarum
1237 1176 1336 1218 Deo
1356 1176 1674 1220 lucrandarum
1704 1176 1882 1220 deside-

254 1253 338 1306 rio,
363 1254 420 1297 de
448 1252 610 1296 studiis
638 1252 887 1297 litterarum
927 1267 1030 1295 cum
1064 1251 1244 1295 virtutis
1271 1267 1423 1296 amore
1450 1253 1798 1310 conjungendis,
1822 1253 1888 1298 de

251 1330 429 1373 cunctis
451 1330 663 1386 operibus
686 1330 849 1372 nostris
870 1331 1051 1385 spiritu,
1070 1330 1201 1372 corde
1223 1333 1263 1372 et
1278 1331 1478 1386 practice
1498 1331 1798 1386 praestandis,
1823 1331 1881 1374 de

253 1406 492 1452 caelitibus
515 1407 644 1450 nobis
666 1407 858 1463 singulis
881 1406 1112 1449 mensibus
1141 1406 1186 1449 in
1210 1414 1423 1462 patronos
1446 1406 1707 1463 seligendis,
1732 1407 1885 1463 deque

253 1483 405 1528 multis
432 1484 546 1536 aliis,
577 1484 621 1526 in
645 1484 857 1526 domibus
884 1483 1167 1539 probationis
1195 1499 1275 1539 per
1303 1484 1560 1528 universam
1589 1483 1881 1537 Societatem,

251 1561 309 1604 ad
336 1574 603 1616 germanum
632 1560 873 1606 Societatis
901 1560 1109 1616 spiritum
1138 1560 1455 1613 hauriendum,
1481 1560 1593 1604 socii
1614 1562 1876 1613 edocentur,

245 1638 339 1693 jam
362 1638 419 1681 ab
447 1637 523 1680 illo
552 1638 783 1693 praeclaro
812 1637 1051 1693 religiosae
1082 1637 1373 1693 perfectionis
1405 1637 1639 1694 magistro,
1664 1652 1744 1693 per
1765 1636 1882 1680 anti-

251 1729 366 1770 quos
393 1714 492 1757 illos
527 1716 700 1767 Patres,
726 1714 802 1770 qui
833 1713 1018 1770 spiritus
1047 1713 1265 1770 primitias
1296 1721 1341 1758 et
1369 1714 1613 1770 religiosae
1641 1713 1883 1770 perfectio--

252 1790 324 1834 nis
353 1791 663 1847 magisterium
692 1792 811 1847 apud
840 1798 1068 1835 nostrates
1097 1790 1408 1849 obtinuerunt,
1442 1792 1499 1834 ad
1527 1805 1610 1834 nos
1639 1805 1783 1847 usque
1809 1791 1879 1833 di—

251 1875 508 1912 manarunt.
531 1867 812 1911 Venerabilis
831 1869 883 1910 Ρ.
906 1868 1141 1910 Balthasar
1159 1868 1371 1920 Alvarez,
1393 1869 1446 1912 B.
1468 1869 1632 1910 Petrus
1650 1866 1883 1919 Canisius,

252 1943 522 1987 Franciscus
562 1945 802 1996 Costerus,
847 1944 1072 2000 Aegidius
1114 1945 1344 1989 Gonzalez
1386 1943 1553 1999 aliique
1593 1945 1710 1988 bene
1753 1943 1883 1987 multi

252 2020 372 2064 vitae
393 2020 637 2076 spiritualis
659 2022 868 2065 doctores
898 2021 1227 2076 Hieronymum
1250 2021 1457 2064 Natalem
1487 2020 1755 2077 magistrum
1780 2035 1881 2064 sor-

253 2097 322 2140 titi
345 2104 468 2151 sunt,
494 2097 628 2152 idque
652 2104 749 2140 turn
772 2112 827 2140 ex
850 2097 1034 2153 prolatis
1057 2112 1082 2140 a
1104 2097 1234 2140 nobis
1256 2097 1471 2153 epistolis,
1494 2104 1588 2141 tum
1613 2112 1669 2142 ex
1691 2096 1880 2141 caeteris

252 2174 427 2217 Natalis
448 2173 733 2218 documentis
755 2173 992 2230 perspicue
1014 2175 1367 2219 demonstratur.

341 2250 515 2294 Natalis
538 2250 798 2303 auctoritas,
824 2265 927 2293 curn
950 2251 1007 2294 de
1030 2252 1166 2295 rebus
1187 2252 1244 2295 ad
1267 2250 1509 2295 Societatis
1531 2250 1788 2294 institutum
1813 2251 1883 2294 vel

252 2328 310 2370 ad
331 2327 655 2383 perfectionem
679 2327 725 2369 in
755 2329 914 2374 eadem,
945 2327 1174 2372 Societate
1211 2328 1537 2383 assequendam
1568 2342 1717 2371 sermo
1746 2334 1831 2380 est,
1857 2342 1884 2370 a

252 2404 476 2460 primariis
514 2404 809 2460 scriptoribus
843 2411 1070 2460 tamquam
1108 2404 1378 2447 inconcussa
1410 2411 1455 2448 et
1490 2419 1775 2460 summopere
1807 2419 1882 2449 ae·

255 2481 479 2525 stimanda
502 2483 761 2536 frequenter
784 2481 1039 2534 adducitur,
1066 2488 1198 2537 prout
1221 2481 1266 2523 in
1294 2480 1508 2537 operibus
1536 2480 1763 2536 Alphonsi
1787 2481 1884 2524 Ro-

253 2557 428 2610 dericii,
452 2557 672 2601 Ludovici
696 2573 720 2600 a
745 2559 907 2609 Ponte,
939 2557 1117 2600 Nicolai
1145 2557 1361 2610 Lancicii,
1393 2565 1500 2609 etc.,
1535 2555 1700 2613 passim
1729 2557 1883 2600 videre

253 2642 338 2678 est.
371 2636 546 2678 Omnes
575 2633 795 2689 siquidem
819 2633 880 2676 illi
910 2641 1166 2677 nostrarum
1195 2648 1344 2677 rerum
1373 2634 1616 2690 scriptores
1646 2648 1725 2689 per
1745 2635 1886 2678 Nata·

252 2711 308 2754 lis
329 2712 602 2755 documenta
624 2718 668 2755 et
691 2710 998 2753 institutiones
1021 2718 1217 2754 mentem
1241 2711 1384 2754 sancti
1408 2710 1655 2754 conditoris
1679 2710 1883 2755 Societa-

255 2786 328 2839 tis,
355 2794 510 2843 utpote
532 2802 613 2843 per
634 2787 903 2830 fidissimum
927 2787 1232 2843 interpretem,
1257 2801 1417 2831 secure
1439 2787 1589 2830 rimari
1610 2802 1741 2843 posse
1763 2787 1881 2830 arbi-

255 2865 508 2907 trabantur.
775 2910 778 2912 Α

344 2942 457 2985 Rem
480 2940 621 2997 igitur
643 2940 945 2997 gratissimam
970 2941 1210 2985 Societatis
1232 2941 1446 2984 historiae
1468 2940 1736 2993 cultoribus,
1756 2955 1884 2996 prae-

254 3018 387 3074 cipue
410 3031 518 3060 vero
539 3017 742 3072 ejusdem
772 3016 1012 3061 Societatis
1043 3017 1252 3069 alumnis,
1280 3017 1576 3073 praestituros
1612 3015 1887 3060 existimavi·
