2098 3470
346 297 412 334 150
818 289 971 324 PATRJS
996 289 1239 324 Humom'm
1265 289 1415 325 NADAL

294 389 431 432 etiam
461 390 666 433 dicamus
695 390 740 432 in
770 390 1025 436 humilitate
1054 392 1239 446 nostra),
1271 392 1351 434 sed
1387 391 1695 447 gloriabamur
1732 393 1839 436 item
1877 394 1928 437 in

296 468 383 510 hac
400 466 707 521 tribulatione,
732 467 778 510 in
801 467 998 511 Domino
1030 468 1311 511 confidentes
1340 469 1462 523 quod
1493 468 1722 513 tribulatio
1751 469 1925 526 patien-

297 543 403 586 tiam
424 551 652 600 operatur;
679 544 896 601 patientia
924 552 1076 589 autem
1106 544 1418 601 probationem
1453 547 1482 598 ¹,
1513 560 1657 601 spem,
1683 546 1925 602 perfectio—

293 635 414 664 nem.
436 620 619 664 Vtinam
648 621 656 678 Ι
683 620 880 665 charitas
901 621 987 665 Dei
1010 621 1067 664 sit
1096 621 1142 663 in
1170 621 1385 664 cordibus
1414 621 1615 665 omnium
1645 622 1810 677 infusa,
1836 638 1926 680 qua

293 697 444 740 omnia
466 705 512 741 et
535 698 695 741 uiuant
716 706 764 742 et
784 705 1029 755 operentur
1051 698 1098 740 in
1122 698 1306 742 Christo
1328 712 1478 741 coram
1500 700 1601 743 Deo
1628 698 1675 742 in
1704 699 1803 744 eius
1823 700 1924 756 glo—

292 773 420 820 riam.
466 776 595 818 Haec
638 789 741 818 cum
784 775 846 820 ita
883 782 1050 828 essent,
1090 782 1347 831 opportune
1383 774 1714 820 dominationes
1746 785 1924 822 vestrae

292 852 459 895 Illmae.
487 851 573 894 tria
594 851 670 894 illa
691 851 840 908 capita
862 859 1210 908 proposuerunt.

381 929 590 984 Quorum
614 929 809 985 primum
832 937 916 974 est.
944 928 1168 984 Quamuis
1191 942 1438 983 numquam
1460 913 1712 973 dubitasset
1729 929 1922 973 sanctis-

290 1004 434 1048 simus
461 1005 673 1049 dominus
705 1013 860 1050 noster
889 1007 961 1048 vel
990 1004 1320 1048 dominationes
1349 1014 1528 1050 vestrae
1561 1007 1717 1050 Rmae.
1748 1007 1805 1050 de
1827 1006 1922 1050 sin-

291 1081 478 1126 ceritate
496 1082 754 1136 Societatis,
781 1096 872 1125 non
894 1082 1097 1138 potuisse
1117 1090 1266 1125 tamen
1284 1097 1374 1124 non
1392 1084 1685 1127 vehementer
1701 1068 1918 1139 gaudere,

288 1160 411 1214 quod
432 1168 534 1227 post
557 1166 624 1203 tot
639 1168 686 1203 et
704 1167 793 1203 tam
813 1166 1051 1202 accuratas
1068 1158 1452 1222 impugnatio-nes,
1474 1174 1565 1202 non
1583 1160 1718 1202 modo
1734 1159 1846 1203 nihil
1862 1160 1920 1204 sit

288 1237 345 1280 de
367 1236 608 1281 Societatis
629 1235 962 1280 existimatione
984 1235 1277 1288 inminutum,
1302 1224 1382 1278 sed
1403 1237 1638 1291 probatam
1657 1236 1792 1280 etiam
1809 1251 1919 1281 eua-

288 1313 400 1357 sisse
428 1313 574 1370 magis
603 1327 655 1356 ac
684 1320 968 1369 perspectam
996 1320 1014 1337 ³
1042 1312 1140 1357 eius
1168 1311 1492 1368 integritatem.
1526 1313 1683 1368 Itaque
1718 1314 1807 1356 hoc
1834 1328 1919 1357 no—

286 1389 407 1433 mine
429 1390 646 1446 gratulari
665 1390 795 1432 nobis
812 1390 914 1434 S.1¹¹¹¹
937 1397 982 1431 et
999 1388 1331 1433 dominationes
1353 1397 1526 1432 vestras
1543 1389 1729 1442 Illmas.;
1749 1391 1919 1435 hortari

285 1481 410 1521 vero,
434 1474 484 1509 vt
513 1468 626 1510 tales
654 1482 753 1511 esse
777 1481 1037 1523 pergamus,
1063 1466 1220 1521 quales
1257 1468 1496 1519 hactenus,
1529 1466 1615 1509 X.⁰
1652 1467 1914 1520 adiuuante,

286 1543 469 1598 fuimus;
493 1543 726 1600 prouisum
751 1558 850 1588 esse
872 1559 945 1595 ne,
971 1543 1048 1599 qui
1071 1557 1157 1585 nos
1179 1542 1490 1599 oppugnabat,
1517 1558 1620 1587 eum
1643 1543 1836 1599 amplius
1858 1544 1916 1587 ti-

284 1635 527 1675 meremus,
567 1635 799 1677 nunquam
833 1619 1026 1676 gratiam
1064 1619 1185 1664 sedis
1222 1619 1513 1675 apostolicae,
1547 1635 1784 1675 nunquam?
1818 1620 1919 1666 eius

284 1698 616 1755 benignitatem
639 1697 770 1740 nobis
792 1711 890 1741 esse
913 1697 1188 1739 defuturam.
1214 1697 1321 1751 Quo
1352 1696 1610 1740 testimonio
1640 1704 1777 1753 atque
1805 1698 1913 1740 hor-

284 1782 399 1829 tatu,
431 1774 650 1827 omnium,
676 1781 898 1830 quotquot
927 1774 973 1816 in
1003 1774 1090 1816 hac
1119 1772 1392 1817 mortalitate
1429 1773 1676 1817 desiderari
1705 1781 1917 1830 possunt,

282 1852 569 1909 grauissimo,
595 1852 706 1894 nihil
728 1851 861 1895 nobis
877 1851 1026 1907 potuit
1042 1851 1309 1907 contingere
1326 1850 1586 1906 optabilius,
1607 1850 1747 1893 nichil
1766 1853 1915 1895 hone-

282 1929 411 1973 stius.
438 1930 611 1984 Itaque,
637 1928 812 1973 etiamsi
843 1929 900 1971 ad
929 1927 1039 1971 illud
1068 1927 1205 1970 animi
1233 1926 1508 1970 desiderium
1537 1935 1582 1970 et
1613 1927 1908 1981 alacritatem,

281 2021 371 2062 qua
393 2022 450 2051 ex
471 2005 681 2049 instituto
702 2004 928 2048 seruimus
949 2005 1045 2048 sedi
1064 2004 1339 2060 apostolicae
1356 2018 1410 2047 ac
1431 2004 1714 2047 sanctissimo
1731 2004 1915 2048 domino

282 2091 453 2137 nostro,
478 2083 590 2126 nihil
612 2082 797 2139 adiungi
822 2097 953 2138 posse
977 2082 1265 2138 putabamus;
1287 2095 1335 2125 re
1358 2089 1510 2124 tamen
1534 2081 1630 2137 ipsa
1654 2081 1913 2137 experimur

278 2163 417 2217 longe
439 2161 583 2203 maius
605 2161 775 2203 factum
797 2173 898 2202 esse
920 2159 1031 2201 illud
1052 2157 1326 2202 desiderium
1349 2165 1393 2202 et
1422 2158 1714 2201 alacritatem.
1742 2160 1913 2202 Munus

278 2237 420 2295 igitur
446 2239 533 2280 hoc
562 2253 588 2281 e
617 2235 772 2280 diuina
800 2251 935 2278 manu
964 2235 1220 2291 profectum
1251 2233 1541 2291 agnoscimus
1565 2248 1616 2277 ac
1643 2234 1825 2279 diuinae
1847 2235 1911 2278 illi

278 2316 491 2358 dexterae
516 2316 628 2372 Jesu
656 2313 760 2370 Xpi.
794 2312 962 2355 domini
992 2319 1038 2356 et
1066 2311 1151 2355 Dei
1183 2311 1325 2354 nostri
1358 2311 1528 2367 gratias
1561 2311 1837 2356 immortales
1863 2319 1909 2354 et

277 2393 498 2435 habemus
519 2398 565 2434 et
587 2390 766 2448 agimus
787 2398 833 2433 et
855 2390 1106 2432 secundum
1127 2390 1276 2431 Deum
1300 2387 1585 2431 sanctissimo
1614 2387 1797 2431 domino
1827 2403 1913 2431 no-

275 2476 370 2512 stro
391 2476 437 2514 et
459 2467 842 2512 dominationibus
865 2466 1026 2510 vestris
1049 2466 1201 2519 Illmis.

364 2548 709 2602 Proposuerunt
736 2551 972 2601 praeterea
1002 2543 1135 2586 nobis
1163 2541 1492 2585 dominationes
1528 2548 1707 2586 vestrae
1734 2541 1902 2586 Illmae.

275 2603 493 2667 nonnulla
514 2622 677 2678 capita,
702 2635 818 2677 quae
839 2637 865 2664 a
888 2620 1021 2663 nobis
1043 2621 1212 2663 vellent
1236 2619 1323 2662 264
1346 2618 1638 2670 considerari,
1660 2618 1806 2661 sicubi
1822 2618 1905 2661 ali-

273 2715 363 2757 qua
384 2699 705 2745 reformatione
727 2713 841 2755 opus
869 2712 969 2741 esse
996 2698 1241 2741 videretur.
1269 2696 1467 2739 Probata
1496 2695 1679 2750 quidem
1709 2695 1784 2738 illa
1812 2708 1907 2738 non

271 2792 372 2822 esse
403 2778 746 2829 confirmarunt;
782 2776 862 2819 sed
900 2773 1266 2830 quandoquidem
1304 2772 1401 2815 fieri
1432 2772 1670 2827 potuisset,
1702 2779 1751 2815 vt
1787 2771 1905 2815 inter

273 2863 364 2898 tam
386 2855 570 2906 multos,
597 2853 674 2908 qui
692 2853 778 2895 sub
801 2851 1060 2896 obedientia
1082 2849 1325 2895 Societatis
1346 2849 1525 2901 viuunt,
1546 2848 1708 2904 aliquis
1729 2849 1801 2892 vel
1824 2863 1906 2904 per

340 2997 357 3013 a
403 2987 634 3032 perpectam
653 2995 726 3019 ms.

343 3102 351 3121 ¹
403 3099 534 3144 Rom,
548 3098 597 3140 V,
611 3096 647 3144 3,
666 3065 719 3142 4.·
