2098 3470
574 0 869 33 'uswvwffi-b-:vq-Qz-,fj
892 19 896 21 ‚
911 10 915 14 .
931 2 943 14 ν,
956 10 959 13 .
1017 2 1026 14 s
1060 3 1068 7 ”

598 252 873 289 ΜοΝυκΕΝτΑ
897 259 1156 288 Pnovmcmss
1182 251 1494 298 AusrnmE-—49
1747 261 1817 298 295

229 355 292 398 ris
313 354 455 407 obire,
479 361 527 398 et
548 361 701 398 tamen
725 355 777 397 P.
799 354 1014 410 Lanoyus
1029 354 1240 398 aduertet
1262 353 1319 402 ad
1340 353 1658 410 particularem
1690 355 1864 411 guber-

230 431 462 476 nationem
479 431 676 488 collegii.

318 510 371 552 P.
406 510 607 566 Joannes
650 507 865 552 Nicolaus
900 506 987 550 erit
1029 506 1254 560 minister,
1288 515 1333 551 et
1375 506 1549 550 interea
1591 508 1698 550 dum
1745 508 1862 552 redit

230 587 282 629 P.
303 585 594 637 Laurentius,
614 584 780 641 poterit
795 584 956 628 iuuare
978 583 1254 635 ministrum,
1274 585 1354 628 sed
1371 598 1538 627 nomen
1557 584 1749 627 ministri
1768 599 1859 628 non

229 662 432 715 habebit,
456 663 604 706 donec
628 661 831 705 minister
847 663 1014 706 habeat
1036 661 1244 705 rectoris.

318 740 370 782 P.
396 741 624 795 Lanoyus,
650 753 755 782 cum
776 738 971 796 primum
999 738 1184 781 redierit
1207 739 1260 780 P.
1287 737 1579 791 Laurentius,
1605 738 1780 794 parabit
1811 748 1858 782 ut

226 823 350 860 recta
377 816 521 873 primo
548 830 730 872 quoque
758 824 964 872 tempore
990 815 1308 871 proficiscatur
1345 814 1675 871 Oenipontum.
1708 817 1859 859 Ducet

226 906 380 936 secum
411 894 632 950 Joannem
666 906 900 945 saxonem,
931 893 1119 935 Romam
1149 892 1479 948 profecturum;
1511 899 1631 935 emet
1667 907 1853 947 equum,

225 985 316 1026 quo
338 970 434 1027 ipse
457 972 668 1015 uehatur.

313 1049 376 1091 M.
401 1047 688 1091 Christianus
709 1047 916 1090 absoluet
942 1060 1127 1089 cursum
1151 1045 1297 1098 Pauli,
1323 1060 1414 1101 quo
1439 1046 1664 1098 absoluto,
1690 1046 1857 1102 poterit

223 1123 340 1167 mitti
376 1125 579 1168 Romam.
620 1123 802 1167 Interim
840 1124 974 1167 etiam
1013 1123 1179 1179 poterit
1216 1123 1416 1166 exerceri
1453 1122 1499 1164 in
1537 1123 1853 1175 concionibus,

222 1200 488 1256 praesertim
511 1201 548 1243 si
566 1201 803 1244 commode
825 1209 979 1256 posset
1000 1200 1148 1244 iuuari
1169 1200 1216 1243 in
1239 1214 1376 1243 cursu
1402 1201 1452 1243 P.
1477 1200 1731 1244 Adalberti.

310 1278 579 1322 Theodorus
602 1279 831 1321 Bussaeus
852 1287 1114 1334 perseueret
1135 1279 1302 1321 docere
1323 1277 1370 1320 in
1393 1274 1476 1320 sua
1498 1278 1658 1320 classe.

309 1355 570 1414 Stephanus
591 1357 828 1411 hungarus
852 1355 995 1411 primo
1018 1369 1204 1411 quoque
1226 1363 1433 1411 tempore
1457 1357 1523 1412 (ut
1549 1354 1656 1398 alibi
1680 1355 1853 1398 dictum

220 1430 305 1487 est)
327 1431 407 1474 fiat
427 1433 656 1485 sacerdos,
681 1439 727 1475 et
748 1432 955 1475 mittatur
978 1431 1272 1488 Tyrnauiam,
1299 1433 1356 1475 ad
1380 1434 1433 1475 P.
1460 1433 1648 1475 Petrum
1671 1433 1854 1488 hunga-

222 1522 339 1561 rum;
363 1507 462 1551 eius
482 1509 673 1556 classem
698 1508 862 1564 poterit
884 1523 1045 1565 gerere
1067 1509 1288 1553 Melchior
1312 1509 1510 1562 Bichler‚
1538 1508 1613 1552 cui
1636 1510 1854 1554 succedat

220 1599 356 1640 quem
378 1584 596 1628 iudicabit
618 1585 831 1629 idoneum
855 1576 1165 1642 pro'uincialis.

308 1661 526 1706 Melchior
548 1663 729 1730 docebit
751 1662 798 1705 in
819 1663 963 1719 prima
985 1663 1129 1706 classe
1157 1661 1492 1719 grammatices,
1523 1662 1570 1705 id
1591 1670 1661 1706 est
1692 1678 1853 1708 succe-

218 1739 296 1784 det
316 1739 570 1795 Stephano‚
595 1746 642 1783 et
662 1746 770 1796 aget
791 1754 895 1783 cum
926 1741 980 1784 P.
1012 1740 1215 1796 Lanoyo,
1241 1753 1345 1782 cum
1382 1739 1586 1784 discedet
1615 1740 1850 1798 Oenipon-

219 1822 333 1868 tum,
363 1815 402 1858 si
430 1815 539 1872 quid
566 1815 613 1858 in
641 1816 846 1860 absentia
884 1815 1059 1872 possint
1095 1830 1234 1872 agere
1271 1818 1329 1861 de
1359 1817 1492 1859 bonis
1520 1817 1636 1869 eius,
1670 1818 1849 1861 tametsi

156 1883 165 1888 ⁶
217 1892 473 1936 consultius
490 1899 560 1937 est
582 1901 634 1936 ut
654 1892 766 1935 nihil
782 1892 1024 1936 distribuat
1040 1894 1208 1936 adhuc.
1230 1894 1368 1937 Anno
1386 1895 1591 1950 proximo
1608 1895 1725 1937 mitti
1743 1903 1848 1951 pot-

217 1967 304 2013 erit
325 1970 531 2012 Romam.

303 2045 455 2090 Dauid
477 2046 562 2089 erit
589 2046 840 2101 coadiutor,
866 2047 1247 2103 quemadmodum
1271 2062 1410 2101 nunc,
1436 2048 1481 2091 in
1506 2048 1662 2093 ultima
1685 2050 1848 2103 classe,

215 2130 263 2166 et
298 2121 478 2166 interim
511 2123 633 2166 domi
670 2123 796 2166 dabit
832 2138 1016 2180 operam
1055 2123 1217 2167 studiis
1244 2123 1476 2168 literarum
1508 2125 1768 2180 latinarum,
1802 2135 1848 2169 et

215 2199 371 2243 audiat
392 2213 526 2243 casus
547 2200 876 2254 conscienciae,
901 2200 940 2244 si
961 2201 1174 2258 legantur
1196 2202 1336 2247 domi.
1400 2233 1404 2240 .

304 2278 654 2320 Bartholomeus
691 2277 1003 2323 Bastoniensis
1040 2278 1248 2323 mittetur
1284 2281 1472 2323 Romam
1487 2315 1497 2334 ,
1539 2281 1616 2323 ubi
1653 2281 1846 2337 primum

213 2353 357 2409 possit
379 2353 541 2409 aliquis
563 2354 754 2398 idoneus
776 2355 981 2411 reperiri,
1005 2355 1082 2411 qui
1105 2355 1163 2398 sit
1184 2355 1305 2400 illius
1327 2358 1508 2415 collegii
1531 2343 1752 2410 minister,
1774 2359 1846 2401 uel

213 2436 430 2485 poterunt
451 2430 578 2473 illum
600 2431 828 2474 destinare
856 2433 914 2474 ad
942 2431 1134 2476 classem
1165 2433 1461 2477 humanitatis
1490 2435 1755 2490 gerendam,
1784 2435 1847 2477 ita

213 2513 364 2550 tamen
389 2516 439 2549 ut
460 2507 603 2562 possit
624 2507 670 2550 in
693 2507 933 2551 rhetoricis
955 2509 1119 2552 docere
1141 2516 1244 2565 post
1261 2510 1443 2566 aliquod
1469 2518 1662 2566 tempus

301 2583 443 2626 Heldt
463 2584 542 2627 fiat
563 2585 794 2637 sacerdos,
819 2592 864 2628 et
882 2584 1036 2628 audiat
1058 2577 1354 2640 theologiam,
1382 2594 1426 2628 et
1450 2601 1582 2629 casus
1605 2586 1846 2629 conscien-

212 2658 311 2702 ciae
331 2666 378 2703 et
398 2662 711 2703 concionetur:
738 2660 945 2704 mittatur
968 2661 1271 2705 Olomutium.

302 2735 507 2781 Wincler
529 2738 736 2780 absoluat
757 2752 960 2794 cursum,
986 2738 1033 2780 ni
1062 2740 1141 2781 fiat
1170 2739 1403 2795 magister:
1431 2739 1635 2781 mittatur
1663 2739 1706 2781 in
1737 2754 1843 2795 pro-

214 2811 410 2856 uinciam
431 2813 704 2858 Germaniae
726 2815 985 2870 superioris,
1009 2822 1058 2858 ut
1079 2815 1170 2858 illic
1187 2821 1456 2858 exerceatur
1474 2815 1518 2857 in
1533 2815 1682 2870 aliqua
1700 2816 1846 2859 classe

213 2888 455 2932 latinarum
478 2891 709 2934 literarum
727 2891 954 2935 docendo.

303 2967 357 3010 P.
382 2966 661 3010 Adalbertus
682 2967 994 3022 perseuerabit
1015 2967 1061 3010 in
1083 2983 1166 3011 sua
1187 2969 1397 3020 lectione3
1426 2975 1470 3012 et
1502 2983 1605 3010 cum
1630 2969 1840 3011 absolue-

213 3040 272 3083 rit
308 3041 472 3085 librum
501 3043 813 3098 physicorum,
846 3043 931 3087 erit
959 3051 1134 3087 tantum
1167 3055 1417 3101 occupatus
1454 3044 1500 3086 in
1530 3059 1611 3088 sua
1647 3044 1853 3089 lectione
