2098 3470
328 308 375 343 08
905 307 939 343 N
943 316 1084 344 οτιτιΑ
1112 315 1302 344 comeum

280 412 394 447 iunto
410 421 502 447 com
518 411 598 447 isto
614 421 710 459 para
725 422 748 448 a
764 410 983 459 edificaqao
998 410 1188 456 exterior,
1199 410 1277 447 assi
1293 410 1346 447 de
1366 421 1460 448 casa
1475 422 1595 448 como
1611 411 1662 448 de
1678 411 1764 449 fora
1780 423 1802 449 e
1817 411 1915 450 bem

281 492 459 527 comum;
490 486 626 518 outras
655 493 751 530 para
783 494 807 519 0
837 481 1014 519 cuidado
1045 482 1274 518 necessario
1304 481 1358 518 do
1387 493 1526 530 corpo,
1555 495 1579 519 ο
1606 483 1700 530 qual
1726 494 1844 521 serue
1863 494 1918 521 ao

282 553 378 590 bem
398 553 566 590 interior
585 564 608 590 e
628 553 840 590 exterior.»
865 552 948 590 Sub
970 554 1048 589 hoc
1074 552 1192 589 titulo
1219 553 1268 599 65
1290 552 1452 607 regulae
1477 554 1733 601 reperiuntur
1763 552 1786 600 ¹,
1812 565 1920 601 qua--

280 636 369 661 rum
396 630 438 670 15
469 623 520 660 ad
550 623 705 661 bonum
736 624 954 672 spirituale,
984 634 1032 672 34
1062 623 1113 660 ad
1141 623 1324 660 ordinem
1352 625 1611 670 exteriorem,
1638 625 1683 661 16
1703 624 1754 661 ad
1775 636 1913 663 curam

279 695 462 743 corporis
481 694 719 732 referuntur.
747 695 797 732 1.a
812 687 909 742 pars
935 695 1011 731 inc.
1038 704 1096 731 «1.
1119 693 1262 731 Todos
1283 705 1327 731 se
1354 694 1672 733 confessarao...»
1698 695 1794 733 Des.
1823 703 1919 742 «15..

279 765 342 803 Na
361 765 596 803 abstinenza
616 765 669 802 da
689 770 807 803 sexta
828 765 925 802 seira
947 777 989 801 se
1010 764 1165 813 guarde
1186 777 1210 801 o
1231 769 1416 802 costume
1437 765 1489 802 da
1511 765 1765 814 Companhia
1785 777 1908 814 quan-

278 836 333 873 do
353 848 448 874 nam
470 837 584 873 ouier
603 841 721 873 outro
739 837 866 884 jejum
888 835 1073 883 naquella
1094 836 1413 873 semana.»—2.a
1432 848 1525 884 pars
1545 837 1622 874 inc.
1641 847 1701 874 «1.
1722 837 1913 875 Nenhum

278 908 437 945 entrara
458 919 551 944 nem
577 907 742 945 saira...»
769 908 865 944 Des.
898 918 1010 955 «34...
1041 907 1199 953 missaS,
1226 911 1449 956 pregacfies
1480 919 1502 944 e
1523 908 1717 956 negocios
1745 907 1832 946 fora
1859 908 1920 945 der

277 990 408 1016 casa.»
420 1001 457 1006 —
470 979 524 1028 35²¹
539 990 632 1027 pars
649 979 726 1015 inc.
777 988 807 1015 1.
825 977 1116 1014 Sentiendosse
1132 977 1268 1027 algum
1285 977 1530 1015 enfermo...»
1548 978 1644 1015 Des.
1667 995 1680 1009 1<
1694 979 1752 1016 16.
1768 977 1921 1016 Todos.

275 1050 424 1087 tenhao
444 1041 488 1087 as
513 1061 688 1099 regras...
716 1061 769 1086 ou
795 1048 999 1094 leudo-as,
1021 1060 1073 1085 ou
1095 1048 1358 1085 ouuindo-as.
1379 1048 1489 1085 Laus
1508 1049 1633 1086 Deo.»
1658 1049 1749 1086 Hae
1776 1054 1913 1086 autem

275 1121 439 1171 regulae
460 1131 700 1158 communes
721 1120 848 1156 multo
869 1119 1075 1168 longiores
1096 1124 1189 1156 sunt
1209 1124 1249 1156 et
1267 1119 1403 1167 plures
1418 1131 1588 1157 numero
1604 1120 1664 1166 iis,
1681 1131 1786 1167 quae
1802 1132 1918 1158 anno·

283 1192 380 1239 1568
401 1192 574 1240 Neapoli
596 1191 704 1239 apud
721 1191 941 1238 Iosephum
964 1189 1161 1227 Cachium
1190 1190 1324 1227 editae
1350 1190 1523 1236 fuerunt;
1550 1191 1626 1228 hae
1656 1202 1831 1239 namque
1857 1191 1910 1228 ad

274 1274 328 1310 40
346 1262 509 1314 (breves
529 1268 573 1300 ut
591 1261 823 1311 plurimum)
843 1262 1003 1311 regulas
1022 1262 1217 1299 reductae
1237 1267 1343 1308 sunt,
1364 1267 1404 1299 et
1422 1263 1462 1299 in
1482 1262 1584 1299 duas
1603 1267 1759 1300 tantum
1774 1268 1919 1311 partes.

276 1335 576 1383 dispescuntur‚
598 1345 768 1382 quarum
788 1334 897 1381 prior
916 1338 979 1370 est
998 1333 1050 1370 de
1071 1334 1131 1379 iis,
1154 1345 1285 1381 «quae
1306 1333 1357 1370 ad
1381 1334 1582 1382 priuatum
1609 1334 1807 1382 cuiusque
1832 1334 1911 1372 bo-

275 1419 372 1444 num
401 1410 626 1454 spectant».
647 1406 738 1442 Hae
767 1409 904 1442 autem
926 1405 1058 1442 solum
1084 1405 1110 1441 6
1138 1410 1410 1442 numerantur.
1442 1405 1644 1442 Posterior
1663 1417 1756 1454 pars
1776 1406 1828 1443 de
1847 1406 1916 1453 iis,

276 1489 406 1526 «quae
427 1478 478 1514 ad
499 1488 717 1514 commune
737 1476 892 1513 bonum
911 1477 1136 1524 pertinent»
1162 1476 1335 1522 disserit3
1356 1481 1396 1513 et
1418 1486 1516 1526 7—40
1540 1481 1814 1515 recensentur.
1842 1477 1911 1514 In-

273 1554 336 1586 ter
353 1549 491 1595 multa,
513 1560 618 1596 quae
638 1549 676 1584 in
699 1548 774 1584 hac
795 1547 975 1584 editione
1002 1552 1210 1595 expuncta
1237 1548 1410 1594 fuerunt,
1438 1549 1634 1596 reperitur
1661 1549 1762 1585 haec
1788 1560 1908 1598 regu·
1930 1556 1934 1560 '

272 1621 321 1666 la,
344 1620 399 1669 75³
419 1620 572 1668 primae
593 1620 729 1667 partis:
756 1617 816 1655 «O
838 1630 917 1666 que
938 1619 999 1655 lee
1020 1618 1043 1655 a
1064 1629 1188 1664 mesa,
1210 1618 1610 1656 oferecendosse-lhe
1630 1619 1791 1668 alguma
1811 1631 1908 1656 cosa

271 1691 351 1728 boa
373 1692 427 1728 do
447 1703 527 1739 que
547 1691 622 1736 lee,
643 1702 666 1727 a
685 1690 840 1738 podera
860 1690 1042 1727 declarat
1061 1701 1133 1726 aos
1154 1694 1305 1735 outros3
1327 1690 1511 1727 sdmente
1529 1690 1654 1727 tenha
1675 1694 1797 1727 conta
1813 1702 1906 1728 corn

273 1775 295 1800 a
316 1763 517 1806 modestia
538 1774 559 1799 6
580 1762 853 1799 humildade.»
876 1762 991 1807 Item,
1014 1771 1102 1814 «13.
1130 1761 1322 1798 Nenhum
1347 1756 1565 1799 sacerdote*
1587 1773 1639 1798 ne
1665 1761 1802 1811 leiguo
1829 1773 1906 1798 ex-

271 1835 434 1872 hortata
455 1846 549 1871 nem
570 1834 738 1870 mouera
756 1833 893 1882 algum
913 1838 1031 1870 outro
1051 1833 1104 1870 da
1125 1831 1382 1880 Companhia
1402 1844 1425 1869 a
1445 1844 1488 1869 se
1509 1833 1615 1870 fazer
1633 1829 1905 1881 professo,'ou

271 1906 498 1951 sacerdote,
519 1917 572 1941 ou
593 1904 844 1942 estudante.»

349 1977 497 2014 Postea
529 1988 641 2022 vero,
676 1976 752 2013 sub
782 1975 990 2012 Everardo
1019 1975 1293 2022 Mercuriano,
1323 1975 1398 2012 alia
1426 1976 1653 2012 accuratior
1680 1980 1722 2012 et
1749 1975 1916 2024 plenior

269 2048 395 2085 editio
417 2048 521 2085 facta
542 2052 614 2093 est,
635 2047 675 2084 in
695 2059 776 2094 qua
797 2059 872 2084 nec
898 2046 1111 2095 prolixitas
1132 2047 1310 2094 priorum
1326 2046 1567 2096 regularum,
1583 2058 1658 2083 nec
1674 2047 1795 2084 nimia
1811 2046 1913 2084 bre—

267 2120 372 2156 vitas
393 2119 555 2156 alterius
576 2118 782 2164 editionis,
803 2118 876 2155 sed
897 2118 1078 2155 medium
1105 2118 1316 2165 quoddam
1342 2122 1547 2155 servatum
1572 2118 1660 2164 fuit,
1686 2123 1727 2155 et
1752 2118 1803 2155 ad
1830 2130 1904 2155 nu-

210 2188 219 2200 ¹
269 2202 425 2228 merum
450 2190 501 2236 48
529 2189 692 2238 regulae
720 2201 960 2226 communes
986 2188 1176 2226 redactae
1203 2190 1375 2235 luerunt,
1395 2188 1544 2226 additis
1565 2189 1780 2235 nonnullis,
1800 2200 1915 2236 quae<

266 2264 306 2300 in
327 2261 506 2299 editione
527 2261 620 2297 anni
647 2261 744 2307 1568
766 2260 1118 2298 desiderabantur.

347 2333 433 2370 Fol.
462 2332 648 2378 88r-94v‚
677 2338 739 2368 est
763 2337 1062 2380 transumptum
1087 2331 1317 2380 regularum
1343 2331 1633 2377 communium,
1663 2342 1768 2378 quae
1798 2343 1914 2368 anno-

275 2405 371 2452 1561
396 2405 436 2441 in
457 2403 631 2452 collegio
651 2414 822 2439 romano
843 2402 1121 2449 servabantur,
1143 2406 1184 2439 et
1203 2402 1306 2439 forte
1323 2403 1406 2450 jam
1427 2413 1449 2439 a
1469 2407 1654 2450 tempore
1680 2401 1719 2439 S.
1747 2403 1914 2451 Ignatii„

265 2487 373 2513 anno
394 2475 546 2512 scilicet
572 2481 684 2520 1553,
706 2473 835 2510 Roma
855 2474 894 2510 in
916 2473 1169 2510 Lusitaniam
1189 2473 1335 2509 missae
1356 2477 1450 2510 sunt
1469 2470 1496 2510 2.
1516 2473 1740 2522 Sexaginta
1759 2484 1909 2510 nume-

263 2551 414 2592 rantur,
434 2556 605 2593 quarum
625 2544 761 2592 plures
781 2544 927 2593 longae
948 2544 1171 2581 admodum
1191 2549 1298 2603 sunt,
1315 2548 1356 2580 et
1375 2543 1426 2580 de
1446 2543 1568 2580 rebus
1582 2543 1703 2581 valde
1722 2544 1900 2582 minutis.

264 2618 310 2655 In
330 2616 523 2665 exemplo
543 2620 679 2653 autem
699 2615 886 2660 lusitano,
907 2615 958 2652 de
980 2627 1062 2662 quo
1083 2616 1150 2652 hic
1171 2619 1233 2652 est
1246 2626 1398 2661 sermo,
1418 2614 1532 2663 plura
1552 2615 1700 2652 menda
1729 2627 1752 2652 a
1780 2615 1910 2652 libra—

339 2718 349 2738 ¹
402 2715 444 2752 Si
462 2717 534 2751 hae
552 2715 712 2761 regulae
735 2725 823 2749 cum
848 2714 1105 2761 sequentibus
1129 2719 1416 2760 comparantur,
1442 2718 1482 2749 et
1505 2725 1667 2749 numero
1690 2714 1836 2760 plures,
1862 2719 1902 2748 et

263 2774 487 2822 provinciae
516 2773 708 2810 lusitanae
737 2777 893 2819 aptatae
918 2772 1040 2808 fuisse
1066 2772 1370 2819 conspiciuntur.
1399 2772 1498 2808 Cum
1524 2777 1656 2808 autem
1681 2783 1782 2808 anno
1810 2771 1911 2817 1553-

263 2835 307 2870 P.
328 2834 480 2870 Natalis
499 2844 549 2868 ex
567 2833 610 2868 P.
631 2833 800 2868 Polanco
817 2832 973 2877 regulas
993 2831 1032 2867 in
1050 2831 1251 2867 Lusitania
1267 2832 1475 2878 receperit,
1496 2831 1662 2878 auxerit,
1683 2836 1723 2867 et
1740 2831 1798 2867 illi
1814 2842 1902 2878 pro·

261 2893 414 2929 vinciae
432 2890 798 2937 accommodaverit,
817 2890 1059 2936 suspicamur
1076 2897 1283 2937 utrumque
1301 2891 1523 2937 exemplum
1543 2889 1672 2937 potius
1690 2890 1738 2926 ad
1756 2900 1906 2926 annum

266 2951 354 2997 1553
377 2963 492 2999 quam
517 2951 566 2986 ad
593 2951 679 2996 1561
707 2950 916 2997 pertinere3
936 2949 1115 2996 quamvis
1139 2949 1238 2985 forte
1261 2949 1390 2996 aliqua
1409 2949 1614 2985 emendata
1631 2950 1705 2985 hoc
1725 2960 1841 2996 anno,
1859 2954 1908 2984 et

259 3012 362 3047 inter
386 3016 638 3046 monumenta
662 3009 830 3045 lusitana
853 3020 903 3044 ex
923 3008 1053 3044 Natali
1076 3009 1256 3053 collecta,
1282 3009 1321 3044 in
1348 3020 1467 3044 unum
1491 3008 1665 3044 codicem
1690 3019 1906 3054 coagmen—

259 3075 340 3106 tata
358 3069 519 3105 suerint.
540 3069 602 3105 Cf.
627 3069 754 3114 Epist.
776 3069 826 3103 Ρ.
851 3067 1003 3108 Nadal,
1024 3068 1055 3114 1,
1078 3067 1158 3113 186,
1178 3066 1260 3112 317.

329 3130 344 3150 ³
396 3127 495 3163 Vide
516 3128 644 3174 Epist.
665 3127 715 3163 P.
737 3126 887 3168 Nadal,
906 3126 937 3173 Ι,
959 3125 1040 3170 186,
1059 3124 1147 3170 317.
