2098 3470
325 240 394 277 594
796 231 952 268 Pau-ms
977 233 1220 269 Hmnonvm
1246 232 1396 268 NADAL

366 379 446 422 609
971 391 1033 421 DE
1066 390 1209 420 'roms

367 488 440 531 Ad
479 494 611 531 tonos
646 489 800 533 nullus
836 497 926 542 eat,
967 488 1043 544 qui
1082 496 1331 544 occupatus
1368 489 1621 533 necessario
1653 489 1709 532 sit
1741 489 1788 532 in
1820 504 1904 533 suo

279 565 440 608 officiO.
485 565 750 610 Praefectus
787 572 997 609 tonorum
1036 564 1159 607 dabit
1198 566 1348 608 thema
1385 579 1466 621 pro
1502 565 1620 608 tonis
1656 565 1897 622 particula-

277 642 418 685 ribus.
1556 641 1569 655 ⁶

364 719 665 764 Coadiutores
688 721 955 776 temporales
972 733 1064 762 non
1081 718 1165 761 erit
1183 732 1421 763 necessum
1440 718 1562 762 tonis
1579 720 1755 773 adesse;
1775 726 1902 775 pote-

278 803 383 838 runt
406 803 557 841 tamen
579 797 752 849 adesse,
779 811 869 840 non
894 797 1040 839 facere
1064 803 1196 838 tonos
1217 796 1290 838 vel
1311 794 1589 840 concionari.

366 872 539 916 Nouitii
566 882 777 930 poterunt
806 875 963 918 adesse
1000 872 1119 915 tonis
1154 872 1352 928 collegii,
1392 872 1478 915 nisi
1503 873 1671 916 eadem
1708 875 1820 917 hora
1856 873 1901 916 in

281 949 472 1006 propriis
493 950 654 994 officiis
675 957 1022 1006 occuparentur.

365 1027 482 1071 Toni
503 1027 550 1070 in
571 1027 778 1084 collegiis
801 1042 859 1070 ne
886 1026 1244 1070 intermittantur
1272 1027 1428 1071 haberi
1456 1026 1617 1071 diebus
1645 1027 1901 1079 dominicis,

277 1104 464 1157 scilicet,
491 1111 536 1148 et
558 1103 684 1148 festis
705 1111 806 1160 post
827 1103 1119 1147 meridianam
1143 1103 1357 1158 quietem,
1390 1118 1468 1159 per
1496 1110 1701 1159 quartam
1730 1111 1903 1160 partem

277 1181 432 1234 horae;
457 1182 538 1224 sed
559 1187 710 1224 tamen
731 1194 918 1224 necesse
940 1195 1030 1222 non
1053 1187 1123 1222 est
1144 1187 1194 1222 vt
1215 1180 1261 1222 in
1283 1180 1382 1223 aliis
1410 1180 1656 1236 prouinciis
1683 1180 1758 1223 illa
1785 1180 1904 1224 actio

276 1259 348 1302 vel
371 1257 678 1314 pronuntiatio
699 1258 966 1308 adducatur,
992 1271 1108 1312 quae
1135 1258 1250 1301 solet
1279 1259 1449 1300 Romae
1471 1257 1584 1301 fieri.
1617 1258 1697 1302 Sat
1719 1264 1818 1302 esto
1846 1257 1900 1311 si,

276 1335 446 1379 eisdem
468 1333 620 1378 verbis
641 1334 938 1386 conseruatis,
965 1334 1010 1376 in
1032 1334 1103 1377 his
1121 1333 1254 1387 tonis,
1275 1349 1390 1390 quos
1406 1335 1598 1378 dicimus
1619 1348 1899 1387 communes,

274 1414 346 1456 vel
368 1411 465 1455 aliis
486 1411 637 1455 verbis
659 1411 871 1454 adhibitis
894 1412 950 1454 ad
977 1411 1270 1455 imitationem
1303 1409 1629 1464 communium,
1663 1412 1710 1454 in
1739 1411 1812 1455 his
1834 1419 1901 1455 to-

274 1489 358 1541 nis,
384 1503 499 1544 quos
521 1489 813 1544 particulares
835 1488 1041 1541 dicimus,
1068 1488 1278 1532 nostri'in
1302 1488 1421 1531 tonis
1447 1495 1759 1542 exerceantur3
1795 1503 1901 1545 pro—

273 1565 497 1608 nuntiatio
530 1580 638 1610 vero
667 1565 742 1609 610
771 1574 816 1609 et
846 1565 968 1608 vocis
996 1565 1354 1608 accommodatio
1376 1573 1420 1608 et
1442 1572 1537 1608 tota
1569 1565 1682 1609 ratio
1713 1565 1903 1609 actionis

273 1643 352 1686 fiat
381 1650 427 1685 vt
456 1642 702 1698 postulabit
729 1642 923 1686 nationis
960 1644 1031 1687 vel
1069 1642 1268 1698 regionis
1305 1637 1467 1686 natura
1503 1650 1549 1687 et
1586 1643 1890 1687 consuetudo.

273 1721 387 1762 Nam
427 1719 598 1776 primus
634 1726 772 1763 tonus
800 1727 817 1744 ³
844 1719 1068 1764 enuntiat.
1108 1720 1349 1763 Secundus
1386 1714 1537 1763 mouet
1571 1721 1769 1763 affectus·
1794 1734 1902 1763 sua·-

276 1796 407 1841 uiter.
435 1796 617 1839 Tertius
637 1797 849 1839 deterret.
1222 1848 1224 1850 γ

362 1875 464 1918 Hae
485 1874 626 1930 igitur
649 1881 740 1918 tres
763 1874 1004 1918 varietates
1032 1875 1143 1916 fiant
1174 1881 1219 1916 vt
1246 1874 1390 1930 exigit
1412 1874 1612 1930 regionis
1633 1873 1833 1916 conditio
1855 1880 1901 1920 et

274 1965 405 2004 Vsus3
431 1951 597 1994 faciant
618 1965 726 1994 vero
756 1958 887 1993 tonos
915 1952 1006 1994 duo
1035 1952 1106 1993 vel
1130 1959 1235 2002 tres,
1259 1936 1342 2007 pro
1371 1950 1662 1995 multitudine
1690 1951 1896 2003 fratrum3

276 2042 360 2071 nec
381 2027 738 2072 intermittantur
755 2041 1018 2070 communes
1036 2027 1146 2080 toni,
1169 2027 1347 2070 tametsi
1365 2027 1647 2082 frequentius
1668 2027 1780 2070 fiant
1796 2042 1902 2082 par·

273 2103 503 2147 'ticulares

852 2237 913 2265 DE
948 2236 1334 2267 PROBATIONIBUS

362 2335 414 2388 Ii,
435 2333 523 2389 'qui
552 2334 640 2377 iam
670 2342 776 2377 sunt
806 2333 849 2376 in
881 2336 1064 2377 domum
1087 2333 1281 2390 recepti,
1307 2333 1393 2378 nisi
1422 2334 1546 2376 omni
1577 2347 1632 2377 ex
1664 2341 1792 2390 parte
1813 2333 1901 2376 illis

272 2413 385 2455 fidat
420 2411 641 2468 superior,
681 2425 770 2453 non
810 2419 915 2454 eant
946 2411 1283 2467 peregrinatum
1314 2410 1332 2435 ¹³
1359 2411 1465 2463 soli,
1497 2410 1626 2466 quasi
1654 2414 1744 2468 pr'o*
1763 2425 1902 2467 expe-

271 2489 447 2532 rientia.
1397 2488 1399 2490 ’

360 2567 559 2621 Quando
586 2564 728 2608 nostri
757 2564 1121 2620 peregrinantur,
1153 2579 1244 2607 non
1272 2565 1440 2608 debent
1467 2564 1638 2608 diutius
1666 2564 1830 2607 morari
1851 2564 1898 2607 in

274 2642 586 2699 hospitalibus.
613 2640 808 2686 Visitare
832 2648 981 2684 tamen
1003 2641 1207 2684 infirmos
1229 2642 1447 2685 deberent
1465 2641 1833 2696 quandocunque
1851 2641 1900 2683 in

273 2719 371 2775 ipso
391 2727 519 2763 recto
542 2719 598 2763 6Ιί
622 2716 996 2774 peregrinationis
1019 2717 1179 2762 itinere
1207 2718 1488 2760 xenodochia
1511 2724 1816 2761 occurrerent.

360 2796 432 2838 Ad
454 2795 789 2854 inseruiendum
814 2794 1106 2836 xenodochiis
1123 2802 1169 2837 et
1185 2808 1284 2837 eam
1303 2794 1612 2850 probationem
1631 2794 1897 2850 explendam

272 2888 364 2916 non
393 2873 631 2929 negligant
662 2870 918 2927 superiores
949 2878 1128 2913 nostros
1166 2871 1359 2914 mittere:
1398 2885 1487 2926 qua
1522 2871 1570 2912 in
1608 2885 1656 2914 re
1687 2869 1798 2913 illud
1830 2878 1899 2913 est

341 3051 358 3066 a
383 3043 488 3075 totus
506 3050 577 3077 ms,
630 3039 696 3066 —b
717 3036 1023 3084 perigrinatmn
1042 3037 1105 3072 hic
1123 3043 1162 3072 et
1180 3037 1273 3073 alias
1293 3049 1363 3075 ms,
