2098 3470
309 229 381 265 626
781 231 935 268 PATms
962 233 1205 269 Huznonvm
1231 232 1383 270 NADAL

351 331 472 375 Idem
507 331 603 375 fieri
635 333 769 377 debet
801 334 877 377 ubi
915 333 1076 389 aliquis
1113 341 1181 377 est
1218 334 1441 377 creandus
1470 334 1776 390 prouincialis,
1821 335 1894 380 uel

265 414 428 460 rector,
454 409 526 452 uel
549 407 595 452 in
617 409 915 454 ministerium
938 418 1007 454 est
1030 410 1295 464 mittendus,
1321 418 1408 455 etc.

350 479 769 535 Complutensibus,
790 483 911 538 quod
935 496 1026 525 non
1048 481 1137 524 sint
1160 482 1398 525 emendata
1420 482 1649 536 exercitia,
1671 497 1787 538 quae
1805 482 1893 527 illis

266 555 442 612 reliqui.

353 632 405 675 In
434 633 659 690 collegiis,
685 634 763 678 ubi
792 635 934 679 nostri
963 650 1052 677 non
1086 642 1277 691 possunt
1308 635 1470 678 studiis
1503 635 1791 691 grauioribus
1823 636 1893 679 in-

262 710 495 764 cumbere,
522 711 686 754 nouitii
706 712 870 755 nutriri
893 719 1110 768 poterunt
1132 713 1387 758 commode.

350 787 455 842 Que
477 801 535 830 no
557 801 607 832 se
628 787 922 845 interroguen
947 789 1076 831 todos
1098 789 1154 831 de
1176 788 1247 831 Ios
1269 787 1541 844 superiores,
1561 788 1660 832 sino
1682 789 1804 833 solos
1826 789 1895 832 los

260 863 557 916 consultores,
583 879 613 920 y
633 865 701 908 los
723 872 849 908 otros
870 865 1018 907 omnia
1041 865 1158 909 bene
1178 864 1547 921 interpretentur3
1581 865 1703 921 quod
1735 865 1773 908 si
1797 880 1893 909 non

260 938 448 995 possint,
480 941 678 985 referant
706 942 763 984 ad
793 942 1075 984 consultores
1098 948 1143 985 et
1171 940 1255 997 ipsi
1287 948 1560 986 conseruent
1589 948 1607 967 ²
1640 943 1697 985 ad
1729 941 1895 986 mentis

261 1030 372 1060 suae
394 1024 564 1060 statum
587 1025 634 1062 et
656 1018 973 1061 humilitatem.

348 1095 411 1137 Vt
438 1094 596 1148 nostri,
627 1109 718 1138 non
748 1096 894 1138 solum
922 1096 1038 1138 bene
1066 1095 1311 1150 loquantur
1333 1096 1390 1139 de
1417 1102 1575 1139 sancto
1608 1094 1774 1148 officio,
1815 1096 1897 1140 sed

260 1178 423 1215 curent
445 1178 496 1214 ut
518 1172 780 1215 deferantur
803 1172 1035 1224 haeretici,
1063 1171 1326 1228 praesertim
1348 1171 1397 1214 in
1420 1172 1644 1228 Hispania
1665 1171 1699 1216 b.

347 1249 556 1292 Ordenar
585 1263 674 1304 que
702 1265 760 1292 no
789 1265 837 1294 se
868 1251 990 1306 haga
1019 1256 1225 1293 contrato
1254 1250 1461 1306 ninguno
1492 1250 1562 1293 sin
1594 1264 1810 1307 expressa
1841 1249 1897 1292 li-

261 1324 428 1368 centia.

350 1402 558 1446 Caueant
580 1403 722 1447 nostri
750 1419 808 1448 ne
837 1404 1106 1459 indulgeant
1134 1402 1423 1446 familiaritati
1446 1403 1702 1456 mulierum,
1732 1410 1778 1446 et
1805 1417 1897 1446 non

258 1486 479 1522 excusent
498 1480 619 1535 quod
639 1494 731 1523 non
747 1480 1037 1524 consentiunt
1054 1480 1267 1536 passioni,
1288 1480 1363 1523 uel
1381 1480 1504 1536 quod
1523 1494 1614 1523 non
1633 1486 1893 1537 peccarent,

261 1555 439 1599 etiamsi
461 1563 582 1601 esset
606 1556 887 1601 moriendum
910 1556 1071 1609 milies,
1097 1564 1184 1600 etc.

347 1631 440 1688 Qui
462 1646 614 1676 comes
636 1642 706 1688 est
728 1633 935 1685 alicuius,
956 1634 1067 1676 sciet
1086 1648 1176 1689 quo
1200 1640 1269 1676 est
1291 1633 1437 1676 iturus
1460 1648 1485 1676 a
1507 1632 1755 1690 superiore,
1776 1639 1823 1678 et
1841 1648 1898 1678 ne

260 1709 385 1753 illum
408 1709 495 1752 alio
519 1710 778 1764 comitetur3
811 1711 931 1766 quod
961 1710 997 1754 si
1026 1710 1202 1754 mulieri
1230 1717 1407 1755 secrete
1437 1711 1537 1754 uult
1563 1709 1705 1765 loqui,
1730 1709 1776 1752 id
1806 1724 1899 1753 non

261 1786 506 1842 permittat,
528 1787 602 1831 uel
623 1787 661 1830 si
684 1787 794 1842 quid
810 1788 1027 1842 loquitur,
1048 1787 1093 1830 id
1112 1787 1245 1830 faciat
1262 1802 1318 1830 eo
1337 1796 1574 1844 praesente
1590 1794 1637 1830 et
1653 1793 1898 1842 utrumque

262 1863 462 1909 uidente.
482 1863 754 1920 Intelligitur
777 1879 867 1907 non
891 1866 1091 1908 eundum
1115 1857 1218 1908 ci‘im
1241 1864 1380 1917 socio,
1401 1864 1439 1907 si
1456 1863 1543 1908 alio
1560 1864 1660 1907 uult
1676 1863 1740 1907 ire
1761 1878 1897 1919 quam

260 1939 439 1996 accepit
471 1940 717 1994 licentiam,
743 1940 828 1983 nisi
860 1941 1112 1997 periculum
1148 1947 1268 1985 esset
1300 1948 1524 1997 apertum,
1565 1955 1622 1984 ne
1660 1941 1787 1984 solus
1825 1940 1899 1983 ille

259 2016 420 2071 abiret3
446 2018 526 2062 sed
550 2017 729 2062 rediens
751 2018 795 2060 id
818 2018 969 2061 statim
992 2018 1269 2061 renuntiabit
1291 2018 1527 2074 superiori.

351 2095 745 2150 Quemadmodum
777 2095 834 2138 d'e
865 2094 1138 2151 imaginibus
1176 2095 1272 2139 fieri
1308 2095 1424 2139 solet
1461 2102 1477 2121 0
1514 2087 1716 2147 Romae,¹
1741 2094 1803 2137 ita
1841 2095 1899 2139 de

259 2170 487 2227 spherulis
509 2170 760 2215 benedictis
783 2178 827 2214 et
850 2173 905 2214 de
928 2171 1059 2227 agnis
1080 2171 1182 2224 Dei,
1216 2172 1396 2216 rosariis
1424 2179 1468 2215 et
1499 2171 1714 2228 reliquiis,
1747 2171 1900 2227 siquas

265 2248 438 2291 habent
461 2247 620 2300 nostri,
649 2247 747 2292 fieri
769 2255 923 2304 posset
945 2247 980 2300 d,
1001 2255 1049 2290 vt
1070 2248 1306 2291 mittantur
1327 2259 1471 2292 sortes
1494 2258 1540 2293 et
1556 2254 1788 2291 mutentur
1804 2256 1836 2290 θ.

352 2326 526 2370 Omnes
555 2324 841 2368 coadiutores
869 2325 1073 2381 germani
1101 2325 1377 2381 pedetentim
1406 2326 1621 2370 studeant
1647 2332 1693 2368 et
1721 2324 1899 2367 discant

262 2401 476 2455 scribere,
502 2409 553 2445 ut
575 2402 758 2446 tandem
782 2403 855 2446 uel
877 2403 966 2445 sint
988 2402 1214 2458 simplices
1236 2403 1510 2455 sacerdotes,
1535 2403 1608 2445 vel
1630 2402 1788 2445 iuuare
1815 2402 1899 2443 do·-

264 2480 411 2524 cendo
429 2479 474 2522 in
497 2478 662 2521 infimis
684 2478 903 2522 classibus
925 2479 1113 2535 possint,
1138 2486 1184 2523 et
1205 2479 1451 2523 identidem
1469 2478 1760 2535 recipiantur;
1782 2491 1899 2534 quae

263 2557 444 2600 videtur
467 2556 562 2600 fore
582 2554 597 2581 f
618 2555 880 2611 piscationis
901 2555 945 2598 in
973 2556 1218 2599 Germania
1241 2555 1363 2599 utilis
1387 2556 1516 2600 ratio.

354 2633 640 2676 Traditiones
663 2631 904 2677 Societatis
927 2634 1228 2677 obseruentur
1257 2639 1303 2676 et
1330 2641 1348 2665 g
1370 2632 1725 2677 consuetudines
1754 2646 1899 2689 gene-

258 2835 260 2838 ,
337 2803 354 2821 a
405 2792 664 2828 Emendatum
683 2803 704 2827 a
725 2792 814 2827 Nat.
839 2803 887 2826 ex
906 2793 1091 2829 uideant.
1146 2794 1213 2820 —b
1240 2793 1349 2828 Haec
1368 2793 1442 2828 tria
1459 2793 1580 2827 verba
1598 2791 1728 2827 addita
1746 2796 1837 2827 sunt
1853 2792 1902 2827 ab

266 2853 352 2899 ipso
367 2852 458 2888 Nat.
512 2861 574 2879 —c
591 2850 850 2887 Emendatum
865 2862 912 2886 ex
926 2851 1059 2897 fiebat.
1103 2854 1170 2879 ——d
1189 2851 1446 2887 Emendatum
1463 2862 1511 2887 ex
1521 2851 1659 2898 possit.
1713 2860 1774 2878 -e
1792 2850 1900 2886 Haec

269 2912 399 2948 omnia
418 2923 439 2946 a
459 2912 580 2947 verbo
605 2910 788 2954 rosariis,
817 2916 982 2957 excepto
1000 2912 1120 2946 verbo
1138 2914 1262 2947 sortes
1285 2911 1375 2946 Nat.
1397 2922 1513 2945 manu
1531 2914 1689 2945 exarata
1706 2914 1747 2945 et
1769 2908 1899 2945 addita
1953 2920 1960 2923 ”

268 2977 359 3007 sunt
378 2972 418 3007 in
438 2970 626 3017 margine..
673 2970 732 2996 -f
747 2969 1004 3004 Emendatum
1021 2982 1041 3005 a
1057 2970 1147 3007 Nat.
1165 2981 1213 3006 ex
1227 2970 1317 3006 erit.
1366 2991 1382 2995 -
1410 2980 1427 3004 g
1445 2970 1554 3004 Haec
1568 2968 1756 3015 particula
1769 2967 1899 3004 addita

269 3037 331 3066 est
350 3042 371 3065 a
391 3030 480 3066 Nat.
