2098 3470
289 261 355 307 158
755 263 912 301 Partus
937 265 1180 302 Hmnoxwm
1206 266 1356 302 NADAL

241 362 469 408 uidentur.
502 363 721 407 Districte
748 364 867 408 enim
896 366 1169 422 praecipitur
1203 369 1298 421 14.'lb
1326 375 1372 412 et
1406 370 1500 423 15.a
1528 370 1687 426 regula
1713 383 1770 413 ex
1798 370 1869 424 iis,

243 455 359 496 quae
382 440 533 483 statim
557 441 603 483 in
626 440 753 484 initio
774 441 913 486 libelli
937 444 1191 495 traduntur,
1217 444 1390 487 nullum
1418 460 1518 489 esse
1548 445 1873 500 inducendum,

243 531 328 562 nec
350 518 407 560 ad
430 525 652 571 nostrum,
678 532 764 563 nec
786 520 843 562 ad
865 520 987 563 aliud
1009 521 1271 577 religiosum
1295 521 1569 575 institutum,
1606 523 1750 567 donec
1771 538 1876 567 uer—

203 595 208 599 '
241 601 367 638 satur
388 593 435 636 in
457 594 700 638 exercitiis.
732 597 808 639 Ad
839 598 953 640 haec
982 597 1212 650 statuitur,
1250 598 1318 653 3.⁰
1347 598 1545 654 capitulo
1574 600 1810 654 examinis,
1840 599 1878 643 si

243 670 344 727 quis
367 685 417 714 se
440 672 635 716 fateatur
656 686 756 717 esse
773 674 830 716 ab
848 673 998 728 aliquo
1015 681 1219 717 nostrum
1238 675 1311 718 uel
1329 690 1593 731 persuasum
1613 676 1687 720 uel
1706 683 1876 719 motum

242 749 300 791 ad
322 747 614 803 Societatem,
639 757 689 792 vt
710 749 836 793 illurn
860 765 950 793 non
974 750 1259 807 recipiamus,
1293 753 1439 795 donec
1470 752 1532 795 ita
1564 767 1614 796 se
1645 767 1877 810 compara-

243 825 361 870 uerit
383 841 462 882 per
483 826 732 869 orationem
755 834 800 871 et
818 827 903 870 alia
921 827 1103 883 spiritus
1125 829 1364 884 praesidia,
1386 829 1514 884 quasi
1533 844 1558 873 a
1576 831 1700 872 nullo
1719 829 1878 874 fuisset

244 911 500 947 nostrorum
523 903 738 947 incitatus
766 906 791 947 ¹.
816 905 1040 948 Volumus
1062 907 1287 962 (optamus
1309 908 1490 962 quidem
1513 907 1650 962 certe)
1679 907 1877 950 nouitios

243 988 426 1024 nostros
449 980 734 1024 uocationem
765 982 992 1025 adducere
1024 982 1245 1036 diuinam,
1280 998 1398 1039 quae
1430 984 1467 1027 si
1500 998 1589 1026 non
1624 983 1878 1040 contingat,

242 1057 340 1101 eius
359 1065 525 1110 tamen,
540 1072 675 1112 quam
694 1058 947 1110 adducunt,
963 1058 1232 1115 principium
1252 1060 1325 1104 uel
1342 1075 1524 1104 causam
1543 1061 1600 1104 ad
1618 1075 1701 1103 nos
1722 1061 1882 1105 referri

244 1149 392 1191 posse,
424 1134 549 1176 nullo
577 1142 712 1190 pacto
742 1135 828 1179 269
863 1136 1091 1178 uolumus.
1124 1137 1297 1191 Itaque,
1331 1138 1452 1192 quod
1475 1137 1642 1193 alioqui
1671 1137 1793 1191 licet,
1835 1144 1881 1182 et

246 1211 458 1254 audimus
481 1212 537 1254 ab
560 1211 658 1254 aliis
680 1211 794 1264 fieri,
819 1211 864 1254 id
887 1212 1018 1278 nobis
1046 1220 1115 1256 est
1142 1212 1448 1268 interdictum.
1485 1215 1623 1271 Quod
1653 1214 1795 1271 igitur
1825 1214 1883 1258 de

250 1288 381 1331 nobis
418 1288 607 1332 relatum
638 1296 723 1342 est,
756 1289 967 1344 pellicere
995 1281 1079 1333 nos
1107 1291 1165 1333 ad
1192 1290 1467 1335 Societatem
1505 1291 1720 1343 nouitios,
1755 1291 1800 1333 id
1837 1298 1883 1334 et

246 1364 528 1422 grauissimis
559 1365 711 1408 verbis
743 1366 1079 1422 prohibuimus,
1125 1375 1187 1423 et,
1234 1369 1351 1424 Xpo.
1394 1367 1597 1421 iuuante,
1640 1368 1885 1424 diligenter

245 1443 559 1486 obseruamus.
580 1445 681 1500 Jam
707 1457 833 1495 uero,
861 1458 997 1498 quam
1021 1444 1274 1500 improbare
1297 1444 1526 1498 uidentur,
1558 1445 1778 1501 rationem
1801 1445 1883 1489 eli.-

246 1519 386 1575 gendi
412 1534 494 1575 per
522 1519 931 1564 considerationem
955 1521 1296 1564 commodorum
1327 1529 1373 1564 et
1404 1521 1809 1574 incommodorum,
1844 1520 1882 1564 si

247 1596 368 1638 illam
407 1595 687 1652 intelligant,
729 1610 846 1652 quae
882 1597 927 1640 in
964 1598 1190 1643 exercitiis
1233 1598 1398 1642 nostris
1425 1594 1651 1651 ‘traditur,
1690 1612 1791 1642 eam
1830 1598 1884 1654 (si

250 1672 469 1729 nesciant)
494 1673 686 1716 dicimus
708 1688 807 1717 esse
825 1689 851 1717 a
868 1675 976 1719 sede
993 1675 1240 1730 apostolica
1258 1676 1586 1728 confirmatam,
1607 1675 1681 1718 cui
1699 1675 1886 1719 uideant

246 1765 382 1806 quam
405 1750 635 1806 integrum
658 1750 716 1793 sit
738 1751 1064 1796 contradicere.
1091 1751 1234 1796 Nobis
1257 1752 1376 1796 enim
1401 1752 1485 1796 erit
1512 1766 1689 1808 semper
1716 1751 1878 1808 gratis-

246 1827 413 1871 simum
451 1827 778 1872 authoritatem
810 1828 930 1871 sedis
966 1828 1239 1885 apostolicae
1276 1844 1587 1886 propugnare:
1628 1828 1762 1872 simul
1798 1827 1885 1871 erit

248 1904 511 1947 facillimum
539 1919 621 1960 pro
649 1920 698 1949 re
728 1913 818 1948 tam
847 1906 1087 1962 perspicua
1123 1921 1175 1949 ac
1209 1914 1299 1950 tam
1333 1913 1564 1962 comperta
1597 1905 1762 1949 dicere.
1801 1905 1884 1955 Sin

246 1981 378 2024 aliam
402 1981 622 2024 rationem
646 1986 1031 2037 commententur,
1057 1998 1192 2039 quam
1215 1998 1270 2027 ex
1293 1982 1519 2028 exercitiis
1542 1997 1632 2026 non
1655 1982 1884 2038 acceperi-

247 2073 365 2111 mus,-
391 2073 489 2102 eam
513 2073 597 2102 nos
619 2073 711 2102 non
733 2060 1046 2116 agnoscimus

339 2140 585 2178 obiectio.
637 2137 707 2181 De
728 2137 1072 2192 importunitate
1094 2152 1205 2194 erga
1227 2137 1408 2190 diuites,
1435 2137 1637 2180 dicentes
1659 2137 1782 2192 quod
1804 2136 1883 2179 ali-

250 2220 318 2257 ter
340 2212 506 2256 saluari
530 2228 622 2256 non
644 2221 851 2270 possunt.

339 2296 650 2353 Ιζειμοηείο.
708 2291 892 2334 Vtinam
931 2298 1189 2348 opportune
1226 2298 1362 2346 atque
1398 2290 1656 2346 importune
1692 2290 1883 2332 salutem

247 2367 498 2411 animarum
523 2382 883 2424 procuraremus:
909 2368 1081 2412 vtinam
1103 2368 1149 2411 in
1173 2367 1378 2411 oratione
1395 2378 1599 2411 essemus
1616 2366 1881 2422 importuni:

248 2446 365 2487 hanc
387 2443 774 2500 importunitatem
803 2444 1127 2499 desideramus3
1159 2447 1278 2488 hanc
1306 2444 1574 2500 expetimus:
1606 2443 1726 2486 illam
1756 2443 1877 2499 cupi·

250 2523 352 2564 dam
382 2530 519 2577 atque
557 2537 756 2575 auream,
787 2524 844 2566 de
874 2537 964 2578 qua
994 2522 1288 2574 traducimur,
1314 2536 1406 2565 non
1429 2520 1736 2578 agnoscimus,
1762 2521 1881 2575 Xpo.

322 2659 332 2679 ¹
385 2659 451 2694 «Si
469 2665 632 2703 negaret
650 2671 693 2695 se
710 2671 732 2695 a
749 2671 943 2706 quoquam
962 2659 1011 2695 de
1030 2659 1226 2695 Societate
1243 2664 1389 2694 motum
1407 2657 1542 2703 fuisse,
1559 2655 1886 2704 progrediendum

251 2718 326 2753 erit
343 2718 522 2756 ulterius:
543 2719 576 2754 si
595 2718 808 2754 affirmaret
824 2730 867 2754 se
885 2719 1007 2754 fuisse
1033 2724 1180 2754 motum
1205 2717 1399 2765 (quamvis
1422 2716 1545 2762 licite,
1570 2722 1610 2751 et
1633 2727 1722 2751 cum
1746 2715 1886 2750 merito

251 2777 401 2812 moveri
418 2779 640 2825 potuisset)3
662 2778 711 2814 ad
729 2777 913 2824 majorem
934 2783 1064 2813 tamen
1082 2777 1204 2824 ipsius
1232 2777 1442 2813 utilitatem
1466 2775 1707 2822 spiritualem
1731 2773 1814 2809 fore
1831 2773 1886 2808 vi-

250 2836 379 2883 detur,
400 2837 433 2873 si
452 2843 607 2884 tempus
627 2838 664 2872 ei
683 2837 839 2885 aliquod
857 2838 1158 2884 praescribatur,
1177 2842 1234 2883 ut,
1260 2848 1307 2872 ea
1329 2835 1379 2871 de
1402 2847 1444 2870 re
1463 2834 1684 2881 cogitando,
1711 2832 1886 2869 Creatori

252 2901 292 2931 et
315 2896 485 2932 Domino
508 2908 578 2932 suo
603 2909 645 2933 se
676 2903 802 2932 totum
831 2896 1094 2942 commendet,
1122 2895 1283 2943 perinde
1314 2906 1359 2930 ac
1389 2895 1422 2930 si
1453 2895 1581 2930 nullus
1611 2893 1660 2928 de
1690 2891 1886 2929 Societate

251 2956 379 3002 ipsum
399 2957 599 3004 movisset3
621 2963 664 2992 ut
688 2956 823 3002 maJ'ori
847 2967 934 2991 cum
961 2957 1101 2991 robore
1125 2955 1286 3002 spiritus
1311 2953 1523 3001 procedere
1547 2953 1596 2988 ad
1621 2951 1744 2998 majus
1773 2952 1884 2986 obse-

250 3015 382 3062 quium
402 3021 442 3051 et
458 3015 620 3062 gloriam
640 3015 797 3051 divinae
814 3015 1030 3060 Majestatis
1049 3015 1210 3061 possit.=›
1233 3013 1544 3049 constitutiones
1562 3011 1771 3047 Societatis
1784 3010 1888 3056 Jesu

251 3074 406 3110 latinae
423 3078 461 3111 et
477 3076 724 3122 hispanicae,
745 3085 859 3121 pagg.
885 3083 940 3118 14,
964 3074 1019 3109 16.
