2098 3470
305 257 376 294 838
882 262 1017 298 EPIST.
1046 261 1088 297 P.
1119 261 1269 298 NAnAr.

253 359 331 416 qui
353 361 500 404 bonae
521 361 617 417 spei
640 362 800 418 plenus
822 363 878 406 ad
900 363 1087 406 consilia
1109 362 1183 407 Χ.ἰ
1198 365 1307 421 Jesu
1330 364 1514 420 aspirat,
1546 373 1608 417 et,
1640 366 1890 411 diuenditis

257 451 374 492 quae
398 437 612 494 possidet,
645 453 817 495 pauper
845 454 1089 496 pauperem
1123 440 1292 496 Xpum.
1328 439 1456 496 sequi
1488 441 1734 486 desiderat?
1764 442 1887 487 Nihil

257 513 423 557 minus.
450 515 525 558 Ad
553 529 687 570 quem
719 515 881 572 igitur?
908 517 983 560 Ad
1011 516 1203 569 nullum,
1235 517 1306 560 vel
1334 517 1411 574 qui
1450 517 1523 561 X.i
1553 519 1662 574 Jesu
1700 519 1888 564 consilia

254 591 537 647 amplexatus
565 599 649 643 est,
683 592 754 636 vel
783 592 860 648 qui
889 593 1116 636 desiderat
1145 593 1404 650 amplexari.
1447 595 1637 638 Constat
1671 610 1783 652 ergo
1814 594 1887 642 187

253 666 340 710 illis
369 667 615 712 conuenire
644 669 790 712 solum
820 669 1071 714 orationem
1104 669 1250 723 illam,
1285 670 1362 727 qui
1394 678 1561 714 statum
1594 672 1888 728 perfectionis

255 758 339 788 nec
361 752 633 800 sequuntur,
659 759 744 790 nec
766 746 894 802 sequi
918 747 1092 789 volunt.
1121 746 1345 791 Breuiter:
1372 747 1476 800 illis,
1503 748 1578 803 qui
1608 748 1654 792 in
1676 748 1887 806 imperfe-

253 821 403 864 ctione
446 828 594 865 status
629 822 903 872 consistunt,
945 837 996 866 ac
1035 831 1276 879 praecepta
1307 825 1452 867 solum
1488 824 1758 881 suscipiunt,
1793 840 1884 869 non

253 898 390 941 etiam
409 898 614 942 consilia.
643 900 718 942 Ab
740 899 813 943 his
834 899 909 944 illa
930 899 1074 943 oratio
1096 914 1188 943 non
1210 907 1280 943 est
1309 901 1470 946 aliena:
1503 902 1560 944 ab
1587 901 1686 945 aliis
1715 909 1784 946 est
1811 903 1884 946 vel

254 975 466 1022 maxime.
492 977 555 1019 At
578 991 663 1019 nos
685 976 785 1020 illos
807 992 900 1020 non
919 976 1201 1031 instruimus,
1221 978 1279 1020 ad
1299 977 1399 1021 illos
1421 993 1512 1021 non
1536 978 1778 1035 loquimur,
1806 981 1886 1023 sed

254 1053 311 1095 ad
332 1066 411 1096 eos
432 1053 595 1105 solum,
626 1053 720 1108 qui,
753 1053 928 1098 etiamsi
960 1060 1129 1096 statum
1159 1053 1451 1109 perfectionis
1479 1069 1562 1114 nec
1591 1039 1883 1112 acceperunt,

253 1143 340 1174 nec
363 1129 641 1182 desiderant,
666 1129 730 1173 ita
752 1138 902 1174 tamen
925 1145 974 1174 se
1002 1138 1282 1187 comparant,
1315 1138 1362 1173 vt
1392 1131 1477 1175 Dei
1508 1132 1788 1175 voluntatem
1813 1132 1886 1176 in-

254 1206 504 1263 uestigent,
530 1214 579 1249 vt
601 1215 881 1263 compertam
905 1215 949 1252 et
972 1206 1079 1250 boni
1107 1208 1362 1260 consulant,
1387 1216 1433 1251 et
1454 1208 1751 1252 libentissime
1772 1223 1858 1254 exe
1878 1235 1885 1240 ·

254 1290 476 1340 quantur,
507 1283 514 1341 Ι
542 1297 833 1339 quocumque
874 1291 1023 1336 vocet,
1064 1297 1398 1340 quamcumque
1439 1284 1624 1330 viuendi
1660 1285 1885 1330 rationem

253 1359 550 1416 praescribat.
577 1360 701 1404 Nihil
722 1360 864 1417 igitur
886 1362 943 1405 ad
973 1375 1054 1404 nos
1076 1360 1271 1417 pertinet
1292 1361 1366 1406 ille
1388 1362 1534 1414 locus,
1565 1361 1676 1405 nihil
1705 1369 1883 1419 pugnat

252 1437 476 1482 aduersus
504 1444 703 1481 nostram
727 1438 1098 1494 propositionem.
1126 1438 1211 1481 His
1242 1439 1498 1481 consultum
1522 1446 1591 1483 est
1622 1438 1885 1483 indifferen-

253 1514 376 1557 tibus
408 1522 426 1539 ³
458 1528 573 1558 esse.
610 1514 676 1567 Illi
707 1522 900 1570 possunt
921 1514 1018 1558 sine
1050 1514 1352 1559 indifferentia
1374 1528 1558 1559 seruare
1586 1516 1814 1568 mandata,
1841 1523 1887 1560 et

254 1605 332 1648 per
354 1591 432 1634 illa
454 1592 511 1634 ad
533 1590 672 1634 vitam
695 1591 869 1648 ingredi
892 1591 936 1634 in
961 1592 1062 1635 X.⁰.
1089 1593 1190 1635 Hoc
1214 1599 1367 1635 tamen
1390 1591 1508 1636 vide:
1535 1592 1708 1637 etiamsi
1731 1592 1778 1634 hi
1799 1592 1886 1649 ipsi

253 1668 431 1726 possint
453 1668 515 1711 ita
542 1682 689 1722 orare,
715 1667 876 1712 melius
900 1675 1050 1712 tamen
1072 1682 1176 1710 curn
1205 1668 1291 1711 illis
1314 1677 1543 1725 ageretur,
1568 1668 1605 1712 si
1627 1670 1684 1712 ad
1707 1668 1861 1714 indiffe

251 1745 443 1788 rentiam
481 1744 602 1787 illam
639 1751 960 1787 conuerterent
997 1743 1262 1788 orationem.
1304 1745 1444 1800 Quod
1482 1745 1609 1788 addis
1637 1759 1693 1788 ex
1722 1745 1882 1796 Paulo,

254 1822 391 1865 miror
413 1823 535 1877 quod
558 1836 648 1864 non
681 1820 814 1865 etiam
839 1829 997 1864 contra
1026 1836 1109 1864 nos
1136 1821 1250 1864 cites
1278 1830 1374 1876 4.³¹¹¹
1395 1822 1648 1866 dominicae
1670 1821 1888 1866 orationis

253 1899 518 1956 petitionem
541 1897 574 1952 b;
600 1914 704 1941 nam
736 1897 949 1941 alimenta
977 1905 1022 1941 et
1045 1898 1210 1953 quibus
1240 1906 1466 1955 tegamur,
1491 1898 1621 1955 panis
1645 1905 1714 1943 est
1736 1897 1862 1954 quoti

251 1976 430 2028 dianus,
455 1990 591 2031 quem
616 1974 812 2031 petimus
834 1989 1009 2028 omnes,
1035 1977 1123 2018 hoc
1146 1982 1215 2020 est
1238 1975 1378 2018 victui
1400 1982 1446 2018 et
1476 1975 1670 2018 naturali
1699 1988 1886 2018 conser-

252 2053 425 2096 uationi
453 2051 723 2105 necessaria;
749 2066 866 2107 quae
888 2051 1047 2107 petitio
1069 2065 1173 2094 cum
1205 2052 1279 2096 illa
1301 2051 1604 2096 indifferentia
1625 2053 1684 2095 ad
1705 2051 1886 2094 diuitias

255 2137 301 2175 et
324 2135 635 2187 paupertatem
665 2136 843 2172 constat
865 2130 1013 2184 plane;
1039 2143 1130 2172 non
1152 2128 1273 2172 enim
1303 2137 1545 2185 paupertas
1573 2128 1786 2186 religiosa
1812 2127 1887 2172 illa

254 2206 539 2263 intelligitur,
564 2206 685 2250 vnde
716 2206 849 2261 plane
872 2205 1136 2260 quotidiano
1158 2215 1292 2262 pane,
1317 2205 1542 2249 alimentis
1565 2213 1610 2250 et
1632 2205 1796 2260 quibus
1819 2211 1887 2247 te-

255 2299 434 2340 gamur,
460 2284 549 2326 hoc
571 2290 641 2327 est
664 2282 860 2325 naturali
883 2289 929 2325 et
951 2282 1207 2327 necessaria
1229 2283 1575 2335 sustentatione,
1596 2283 1887 2339 profiteamur

255 2376 339 2404 nos
361 2375 461 2405 esse
483 2360 745 2416 priuandos3
771 2360 851 2402 sed
874 2374 963 2414 qua
990 2359 1264 2415 proprietate
1297 2374 1447 2402 rerum
1481 2374 1564 2402 nos
1596 2359 1878 2419 abdicamus.

255 2438 430 2494 Itaque,
451 2444 692 2480 constante
709 2435 909 2492 perfecta
927 2450 1078 2480 rerum
1096 2435 1395 2488 abdicatione,
1416 2436 1612 2492 petimus
1628 2450 1789 2492 panem
1807 2450 1887 2478 no-

255 2523 399 2558 strum
422 2513 736 2569 quotidianum
759 2519 805 2556 et
826 2512 1039 2556 alimenta
1058 2527 1111 2556 ac
1129 2513 1295 2568 quibus
1318 2520 1542 2570 tegamur3
1567 2513 1614 2556 in
1637 2527 1727 2568 quo
1749 2526 1886 2557 sensu

257 2592 367 2635 illud
396 2591 530 2634 etiarn
561 2589 818 2635 Selomonis
855 2589 1143 2646 interpretari
1176 2604 1432 2646 possumus:
1469 2596 1806 2646 «paupertatem
1829 2602 1886 2632 ne

255 2652 434 2714 dede-ris
462 2667 599 2710 mihi»
627 2681 711 2711 nec
734 2666 850 2710 desit
872 2666 981 2708 mihi
1005 2666 1170 2720 victus,
1190 2666 1316 2709 iuxta
1338 2681 1484 2711 meam
1506 2662 1627 2711 vitae
1647 2666 1719 2710 vel
1741 2671 1888 2709 status

256 2748 498 2798 rationem3
524 2753 570 2789 et
600 2746 688 2787 hoc
717 2742 900 2798 quidem
930 2750 1015 2795 est,
1042 2743 1163 2798 quod
1186 2743 1396 2788 hebraice
1425 2742 1690 2800 exprimitur
1720 2757 1886 2788 *mma-r

255 2839 325 2881 *pn
345 2825 445 2869 :ir-1¹7:
477 2823 760 2877 «Excerpere
790 2819 901 2862 mihi
930 2821 1154 2863 concede»
1176 2820 1222 2862 id
1243 2827 1328 2873 est,
1352 2819 1565 2874 «victum,
1585 2834 1750 2876 panem
1773 2818 1882 2862 mihi

326 2958 344 2975 a
370 2946 628 2982 Emendaturn
646 2951 707 2981 est
725 2945 791 2992 ita,
811 2950 856 2980 ut
881 2955 959 2980 non
982 2944 1153 2980 discerni
1172 2945 1296 2991 possit
1313 2956 1362 2980 an
1381 2943 1718 2991 indifferentibus
1742 2945 1805 2980 vel
1828 2945 1888 2980 in·

253 3006 495 3054 differentes
519 3004 676 3041 tandem
699 3003 878 3039 relictum
906 3003 1035 3043 fuerit.
1063 3004 1183 3042 Verb.
1203 3015 1282 3040 esse
1306 3004 1489 3039 iteratum
1512 3009 1587 3040 est.
1637 3005 1705 3031 —b
1731 3003 1797 3039 Bis
1814 3004 1887 3039 hoe

253 3069 365 3104 verb.
385 3073 446 3103 est
463 3065 503 3100 in
522 3075 594 3101 ms.
