2098 3470
337 251 407 297 738
914 255 1052 291 EPJST.
1081 254 1123 292 P.
1154 254 1187 288 N
1191 263 1302 290 ADAL

289 353 493 405 Castilla,
519 369 575 397 en
599 354 641 397 el
664 355 919 398 Cafiaueral
953 357 962 376 ¹
988 360 1013 398 3
1041 355 1152 398 siete
1185 355 1345 411 leguas
1367 356 1424 399 de
1448 356 1705 408 placencia,
1740 358 1858 402 halle
1879 359 1921 402 al

288 432 506 473 hermano
529 432 657 474 Tello
679 432 735 475 de
758 432 966 488 Aguilar,
994 446 1082 488 que
1104 446 1176 474 me
1194 438 1321 488 traya
1341 447 1400 475 un
1420 433 1613 476 treslado
1630 434 1686 476 de
1709 449 1799 477 vna
1816 449 1918 491 pro-

288 507 434 550 313103
457 507 529 550 (161
551 509 737 564 consejo
759 510 868 561 real,
895 523 982 564 que
1005 523 1053 551 se
1076 512 1179 551 auia
1201 508 1445 551 notificado
1468 510 1565 552 dias
1587 513 1690 553 auia
1712 512 1753 554 al
1771 518 1920 556 rector

286 600 315 640 y
337 584 600 640 collegiales
637 586 694 629 de
733 574 970 629 Plasencia
988 600 1073 628 con
1098 586 1139 627 13
1177 585 1457 629 solemnidad
1484 601 1514 642 y
1549 586 1807 642 publicidad
1831 601 1919 644 que

235 679 246 689 ·
285 662 411 705 suele
433 675 542 704 auer
563 662 620 705 de
658 661 883 705 ordinario
905 677 961 705 en
1000 662 1272 717 semejantes
1305 670 1446 706 actos.
1475 664 1542 706 En
1565 668 1662 706 esta
1683 663 1917 720 prouision

285 738 332 781 S.
359 739 422 781 M.
448 738 677 781 ordenaua
693 752 782 794 que
804 740 1133 794 guardasemos
1156 739 1222 780 133
1251 739 1519 794 psamaticas
1549 740 1703 783 destos
1732 755 1915 796 reynos,

284 828 365 869 por
386 815 453 857 133
475 815 632 870 quales
654 829 704 859 se
726 817 890 858 manda
913 830 1001 871 que
1019 830 1078 858 no
1100 830 1148 858 se
1165 829 1339 870 saquen
1358 815 1538 859 dineros
1556 820 1763 876 atreynos
1778 824 1916 860 estra-

284 897 383 943 303,
410 891 455 933 31
480 898 690 948 tampoco
711 893 779 935 los
802 893 1030 935 naturales
1052 892 1205 934 destos
1234 907 1401 948 reynos
1423 907 1570 948 vayan
1598 896 1624 935 3
1645 899 1768 936 0303
1796 898 1822 936 3
1843 908 1917 938 es·

284 967 432 1011 tudiar
454 963 481 1011 ὁ
503 973 528 1012 3
550 975 759 1021 6336331,
787 983 917 1012 como
938 983 1123 1024 paresce
1145 983 1204 1012 en
1227 970 1268 1011 el
1291 970 1486 1012 traslado
1509 969 1772 1013 authentico
1794 971 1851 1015 de
1874 971 1916 1014 la
1958 964 1961 967 ¹

282 1044 421 1087 dicha
444 1044 674 1100 prouisic'm
698 1059 786 1100 que
807 1059 866 1100 yo
891 1052 1030 1100 tengo
1053 1045 1084 1088 ⁴².
1760 1040 1774 1047 ’

371 1121 705 1178 Prosiguiendo
728 1122 934 1166 adelante
953 1123 994 1164 13
1011 1122 1220 1176 jornada,
1246 1135 1361 1177 poco
1383 1129 1512 1165 antes
1530 1122 1586 1165 de
1603 1122 1748 1179 llegar
1764 1127 1790 1166 3
1810 1124 1914 1167 Pla-

281 1198 450 1250 363613,
477 1190 694 1242 6360333
717 1200 759 1242 31
782 1201 998 1242 hermano
1017 1198 1274 1242 Auendafio
1290 1199 1346 1242 de
1364 1199 1650 1251 Salamanca,
1676 1213 1764 1255 que
1781 1204 1914 1244 venia

280 1289 337 1318 63
360 1276 502 1318 busca
539 1278 628 1318 mia
656 1291 685 1331 y
715 1291 784 1319 me
823 1284 945 1331 traya
986 1289 1098 1317 vnas
1135 1283 1282 1318 cartas
1319 1276 1392 1318 del
1430 1277 1483 1318 P.
1509 1277 1590 1319 Dr.
1616 1275 1764 1320 Araoz
1787 1293 1816 1334 y
1838 1278 1913 1321 del

279 1352 331 1394 P.
359 1353 416 1395 D.
445 1353 650 1395 Antonio
673 1354 704 1405 ⁵,
730 1368 759 1409 y
784 1352 982 1395 tambien
1005 1352 1077 1396 (161
1100 1353 1180 1395 Dr.
1207 1353 1414 1408 Vergara
1436 1353 1451 1373 ‘²
1474 1368 1504 1408 y
1526 1354 1599 1398 del
1618 1355 1668 1397 P.
1693 1355 1877 1398 Manuel
1897 1356 1911 1377 ⁵

279 1437 429 1472 rector
447 1429 505 1472 (16
526 1429 702 1482 Α16313,
728 1445 784 1473 63
818 1431 884 1472 133
911 1430 1066 1484 quales
1093 1444 1166 1473 me
1198 1429 1497 1486 significauan
1521 1430 1564 1474 13
1591 1430 1801 1475 auersion
1822 1445 1912 1487 que

278 1509 498 1549 conocian
536 1522 593 1550 en
625 1508 668 1550 61
706 1507 889 1562 consejo
927 1507 1019 1551 real
1062 1521 1170 1563 para
1208 1521 1293 1549 603
1336 1515 1565 1559 3030303,
1602 1522 1685 1564 por
1721 1510 1911 1551 muchas

277 1597 407 1626 cosas
430 1598 518 1639 que
542 1591 759 1628 entonces
795 1588 930 1626 anian
962 1583 1215 1636 occurrido,
1241 1583 1612 1639 principalmente
1633 1585 1830 1641 despues
1853 1585 1910 1627 de

276 1661 319 1703 13
340 1660 413 1703 1(13
434 1661 509 1703 (161
533 1663 583 1704 Ρ.
612 1661 853 1704 Francisco
875 1662 890 1683 ⁰
915 1665 940 1703 3
963 1663 1119 1704 Roma.
1147 1661 1384 1704 Dabanme
1406 1660 1604 1704 tambien
1632 1665 1659 1704 3
1689 1662 1909 1706 entender

275 1739 316 1782 61
340 1745 484 1782 temor
502 1739 719 1794 probable
742 1753 830 1793 que
854 1742 1007 1781 tenian
1025 1739 1081 1781 de
1099 1739 1267 1794 alguna
1285 1737 1488 1793 quiebra,
1507 1753 1536 1794 y
1553 1752 1641 1794 que
1659 1753 1719 1781 no
1742 1753 1790 1782 36
1807 1753 1907 1795 pro-

276 1830 444 1871 ueyese
467 1816 636 1872 alguna
660 1829 769 1858 6033
798 1830 854 1858 63
893 1815 1166 1858 detrimento
1187 1830 1217 1870 y
1239 1822 1346 1858 nota
1369 1815 1425 1858 de
1453 1815 1496 1858 13
1526 1816 1795 1871 Compafiia.
1819 1817 1909 1859 Del

273 1893 506 1948 despacho
529 1893 584 1936 de
606 1893 672 1934 133
689 1892 971 1948 prouisiones
989 1907 1077 1935 aun
1095 1907 1154 1934 30
1172 1893 1329 1935 sabian
1347 1906 1453 1935 cosa
1471 1893 1654 1948 alguna.
1682 1893 1908 1948 Allegado

273 1974 299 2012 3
323 1968 576 2020 Ρ13363613,
602 1968 961 2012 informandome
994 1970 1035 2013 61
1058 1976 1206 2012 rector
1231 1971 1243 1990 ⁷
1267 1969 1325 2013 de
1346 1969 1390 2011 lo
1418 1984 1506 2024 que
1537 1972 1639 2013 auia
1660 1970 1828 2026 pasado
1850 1985 1907 2014 63

272 2047 315 2089 13
353 2046 639 2089 notificacion
674 2046 731 2088 (16
754 2047 794 2088 13
817 2046 1063 2101 1110313103,
1105 2061 1176 2089 136
1214 2045 1320 2088 (11Χο
1341 2060 1430 2101 que
1452 2047 1494 2089 61
1524 2046 1631 2102 juez
1668 2046 1796 2089 dezia
1819 2060 1907 2102 que

273 2127 394 2168 tenia
411 2122 551 2166 cierta
574 2131 592 2148 ³
614 2137 720 2165 cosa
741 2135 770 2178 y
792 2123 1025 2178 despacho
1043 2130 1220 2166 secreto
1243 2137 1350 2179 para
1373 2126 1449 2174 mi,
1475 2123 1516 2166 61
1538 2123 1644 2179 qual
1661 2123 1720 2165 30
1752 2126 1907 2178 queria

342 2259 360 2275 a
385 2251 494 2283 certa
515 2259 589 2282 ms.

341 2347 351 2369 ¹
404 2348 644 2384 «Cafiaveral
661 2346 710 2382 de
732 2347 952 2383 Alconetar:
981 2348 1092 2392 lugar
1108 2358 1183 2382 con
1207 2346 1515 2393 ayuntamiento,
1534 2346 1583 2382 de
1610 2347 1646 2382 la
1664 2346 1862 2393 provincia
1879 2358 1906 2393 y

268 2407 473 2443 audiencia
492 2406 699 2442 territoria}
719 2406 767 2441 de
785 2405 953 2443 Caceres
971 2408 1008 2451 (7
1029 2407 1139 2451 leg.)‚
1159 2405 1311 2452 partido
1325 2406 1487 2451 judicial
1505 2406 1554 2441 de
1578 2406 1817 2442 Garrovillas
1835 2405 1904 2451 (3),

269 2466 438 2502 diocesis
456 2466 505 2501 de
532 2465 649 2501 Coria
679 2467 744 2511 (4),
778 2465 973 2511 capitania
1001 2466 1162 2510 general
1181 2464 1230 2500 de
1261 2464 1536 2500 Estremadura
1560 2464 1743 2510 (Badajoz
1773 2473 1814 2499 21
1822 2466 1904 2509 )...»

268 2526 438 2569 MADOZ,
464 2524 732 2560 'Diccionario
759 2523 1443 2570 geogrcifico—estadz'stico-histdrico
1466 2525 1514 2559 de
1538 2523 1718 2570 Espafia,
1745 2523 1794 2569 V,
1818 2523 1906 2568 487-

268 2584 351 2629 488.

338 2646 352 2666 2
404 2643 479 2679 Hic
498 2654 627 2678 sermo
645 2648 706 2677 est
724 2641 773 2676 de
792 2643 1029 2688 pragmatica
1047 2642 1170 2689 regni,
1192 2654 1267 2690 qua
1286 2642 1471 2688 pecunias
1490 2642 1552 2677 vel
1573 2632 1750 2677 homine's
1768 2653 1817 2677 ex
1835 2641 1903 2676 Hi-

266 2702 402 2749 spania
419 2702 533 2738 educi
552 2701 847 2748 prohibebatur,
866 2712 942 2735 non
960 2700 1009 2736 de
1028 2701 1195 2748 epistola
1213 2701 1332 2747 regis,
1353 2700 1451 2736 infra
1470 2702 1544 2736 sub
1558 2713 1596 2738 n.
1615 2701 1638 2734 6
1656 2700 1794 2747 posi-ta.

338 2763 352 2783 ⁵
405 2762 446 2798 P.
468 2759 664 2796 Antonius
681 2759 731 2794 de
746 2759 944 2794 Cordoba.

336 2823 350 2842 ⁴
403 2822 471 2856 Dr.
501 2820 726 2866 Alphonsus
758 2817 938 2853 Ramirez
967 2818 1015 2853 de
1044 2819 1230 2864 Vergara,
1264 2818 1472 2854 Societatis
1497 2818 1646 2854 amicus
1677 2822 1717 2853 et
1744 2817 1903 2863 collegii

264 2880 548 2927 complutensis
563 2877 748 2923 egregius
766 2876 908 2914 fautor.
1019 2883 1023 2886 ”

335 2941 349 2961 ⁵
401 2939 444 2974 P.
464 2940 694 2974 Emmanuel
720 2938 863 2984 Lopez.
1311 2937 1325 2958 Β
1376 2935 1422 2971 S.
1446 2935 1676 2971 Franciscus
1694 2934 1850 2981 Borgia.

334 3002 347 3021 ⁷
398 2999 441 3037 P.
458 2998 723 3044 Hieronymus
739 2996 931 3043 Jimenez,
948 2996 1182 3031 vice-rector
1196 3006 1218 3030 a
1235 3003 1249 3030 1
1267 2996 1347 3041 Jul.
1367 2993 1470 3039 1561.
1488 2994 1706 3038 ALCAZAR‚
1724 2993 1899 3030 Chrono-

261 3059 448 3102 historia,
466 3058 512 3102 11,
529 3057 569 3093 in
588 3058 768 3102 catalogo
786 3055 834 3091 ad
852 3056 998 3090 calcem
1020 3054 1230 3090 voluminis
1249 3055 1394 3101 posito.
