2098 3470
283 247 354 283 668
757 249 910 287 PATms
938 251 1182 287 Humonvmi
1210 250 1359 286 NADAL

232 365 313 394 nes
345 357 449 405 post
471 349 684 393 exercitia
721 351 834 394 adeo
857 359 1072 402 mutatos,
1099 352 1211 394 adeo
1235 352 1290 394 ad
1314 351 1526 407 pietatem
1549 353 1790 404 excitatos,
1818 362 1866 396 vt

231 433 445 470 moueant
467 425 677 470 omnibus
695 426 1054 479 admirationem,
1077 427 1281 470 nonnulli
1298 427 1432 470 etiam
1452 427 1556 471 inde
1575 429 1862 473 occasionem

230 502 473 559 accipiant,
505 503 579 548 uel
610 504 901 557 detrahendi,
936 505 1007 547 uel
1044 504 1365 557 calumniandi,
1397 505 1525 560 quasi
1561 506 1677 549 mala
1717 506 1865 563 aliqua

231 587 327 624 arte
349 586 546 624 Vtamur.
575 581 675 637 Ego
697 580 878 636 quidem
903 582 1043 623 multa
1064 596 1241 637 possem
1265 581 1414 625 dicere
1438 584 1555 625 vnde
1577 582 1651 626 illa
1677 583 1863 626 videan-

236 664 309 700 tur
330 672 431 701 esse
468 657 667 701 efficacia
704 665 750 701 et
787 658 875 700 vim
914 658 1118 713 accipere
1146 658 1379 701 exercitia.
1423 658 1616 702 Animus
1652 659 1764 711 eius,
1787 661 1864 715 qui

229 741 488 786 exercetur,
514 733 646 778 vnice
667 736 724 778 ad
741 735 946 791 spiritum
967 734 1231 790 applicatus,
1253 741 1298 779 et
1316 735 1443 790 quasi
1461 736 1740 791 compulsus,
1761 751 1865 792 spes

230 817 469 866 concepta,
514 824 737 863 secessus,
790 810 1044 865 frequentia
1087 810 1326 862 orationis,
1375 811 1614 854 methodus
1658 812 1865 855 tradendi

228 886 443 930 exercitia
465 912 522 918 —
545 913 599 918 —
625 913 680 920 —
703 887 975 944 [prud]entia
996 886 1298 939 instructoris,
1324 894 1368 930 et
1391 887 1649 931 obseruatio
1673 902 1865 932 accura-

230 970 291 1015 ta,
317 964 590 1020 gubernatio
627 964 830 1007 omnium
870 963 1206 1015 exercitiorum,
1239 963 1529 1019 praesidium,
1561 965 1682 1019 quod
1711 965 1862 1017 datur,

230 1039 381 1096 siquid
417 1041 770 1097 perturbationis
808 1040 986 1084 accidit.
1028 1041 1118 1084 Sed
1156 1042 1269 1084 haec
1306 1042 1503 1084 humana
1540 1050 1647 1084 sunt
1692 1042 1860 1085 omnia.

231 1118 345 1160 Illud
366 1126 385 1143 ⁸
406 1117 546 1174 igitur
566 1133 657 1175 ego
679 1119 803 1163 soleo
826 1118 1084 1174 praedicare
1114 1117 1306 1174 gratiam
1336 1132 1436 1162 esse
1459 1118 1544 1162 Dei
1566 1119 1859 1174 peculiarem,

229 1201 276 1239 et
293 1194 478 1250 quidem
501 1195 790 1238 coniunctam
814 1209 916 1237 curn
941 1201 1122 1239 nostrae
1144 1194 1392 1238 vocationis
1415 1202 1460 1239 et
1482 1195 1678 1238 instituti
1699 1195 1861 1252 gratia,

230 1286 320 1328 qua
336 1272 393 1316 de
415 1287 498 1315 sua
513 1272 796 1328 benignitate
812 1274 939 1315 Deus
957 1273 1033 1314 dat
1051 1279 1100 1314 vt
1117 1279 1162 1314 et
1179 1286 1262 1314 nos
1280 1272 1474 1327 primurn
1492 1272 1698 1328 spiritum
1718 1287 1862 1316 euan-

229 1348 337 1405 gelii
358 1348 459 1392 Filii
481 1348 580 1392 eius
601 1348 875 1391 imbibamus
897 1348 1055 1390 intimo
1078 1349 1232 1399 corde,
1257 1355 1302 1391 et
1326 1348 1414 1390 vim
1434 1348 1713 1404 accipiamus
1736 1349 1862 1391 illum

230 1425 329 1469 aliis
350 1425 651 1482 imprimendi.
673 1427 764 1468 Dat
785 1425 903 1468 enim
923 1425 998 1468 illa
1019 1425 1166 1481 gratia
1183 1427 1319 1468 rebus
1341 1433 1385 1470 et
1410 1414 1574 1468 rationi
1593 1426 1676 1469 toti
1697 1425 1715 1451 b
1732 1441 1862 1470 exer-

229 1502 440 1546 citiorum
462 1502 736 1559 peculiarem
760 1502 992 1558 energiam
1015 1509 1060 1546 et
1088 1502 1356 1554 efficaciam,
1388 1517 1477 1558 qua
1499 1503 1555 1545 ad
1584 1502 1795 1558 pietatem
1820 1511 1865 1544 et

232 1579 522 1624 deuotionem
544 1579 702 1623 intime
725 1578 862 1622 animi
886 1586 1174 1631 moueantur,
1200 1586 1262 1632 et,
1289 1587 1336 1620 vt
1365 1579 1425 1622 ita
1447 1578 1620 1650 glicam,
1646 1593 1726 1634 per
1748 1580 1864 1621 hanc

230 1657 451 1700 rationem
489 1656 835 1700 meditationum
874 1657 972 1698 vult
1008 1658 1158 1708 Deus,
1194 1658 1317 1711 quod
1349 1671 1452 1699 cum
1482 1670 1660 1699 summo
1687 1655 1863 1711 piorum

227 1734 383 1778 dolore
404 1734 682 1790 deploratur,
702 1732 894 1776 restitui.
917 1734 1102 1788 Quotus
1120 1733 1239 1777 enim
1260 1733 1453 1788 quisque
1471 1748 1624 1777 veram
1643 1732 1863 1775 rationem

229 1810 444 1854 orationis
467 1810 740 1866 assequitur,
766 1810 866 1865 quis
890 1825 1042 1853 veram
1065 1823 1214 1853 rerum
1238 1809 1535 1867 spiritualium
1555 1808 1862 1866 cognitionem

228 1895 275 1936 et
297 1875 502 1933 sensum?
539 1887 640 1943 quis
676 1888 925 1930 efficaciam
963 1887 1091 1930 verbi
1128 1887 1231 1939 Dei,
1271 1886 1373 1943 quis
1395 1887 1451 1929 ad
1490 1886 1703 1942 mysteria
1726 1886 1861 1937 vitae,

230 1964 467 2021 passionis,
493 1964 665 2016 mortis,
691 1964 1035 2008 resurrectionis
1063 1963 1138 2009 Χ.ὶ
1164 1978 1272 2008 vero
1301 1964 1437 2006 corde
1469 1971 1515 2007 et
1537 1962 1697 2019 spiritu
1726 1977 1864 2019 pene-

231 2048 335 2094 trat,
361 2040 462 2095 quis
491 2040 579 2083 illis
615 2039 840 2083 excitatur
877 2041 933 2082 ad
970 2039 1267 2083 imitationem
1300 2046 1346 2083 et
1383 2040 1439 2082 ad
1460 2039 1599 2082 vitam
1637 2038 1682 2081 in
1705 2038 1865 2083 melius

228 2116 620 2160 commutandam?
643 2116 867 2159 Breuiter:
890 2116 1097 2159 videmus
1126 2117 1219 2158 fere
1248 2116 1395 2160 iacere
1425 2115 1692 2168 orationem,
1718 2116 1864 2159 deuo-

232 2194 401 2238 tionem
439 2193 605 2250 periise
614 2227 627 2245 „
673 2193 1102 2249 contemplationem
1141 2193 1365 2249 ignorari,
1407 2207 1569 2237 sensus
1606 2192 1867 2248 ¹spirituales

231 2272 433 2322 exulare,
460 2285 560 2315 esse
582 2271 676 2315 fere
698 2270 924 2325 xpianos.,
950 2270 1085 2313 etiarn
1103 2269 1181 2324 qui
1197 2270 1303 2312 boni
1322 2270 1564 2322 habentur,
1590 2269 1868 2325 speculatiue

231 2348 332 2404 pios
354 2355 399 2392 et
421 2349 600 2392 effoete.
627 2346 784 2391 Voluit
807 2346 949 2402 igitur
970 2349 1097 2390 Deus
1120 2361 1200 2403 per
1215 2346 1444 2389 exercitia
1465 2345 1716 2402 spiritualia
1737 2360 1866 2401 prae-

229 2425 393 2468 sidium
416 2426 577 2473 afferre
598 2423 706 2466 huic
731 2424 845 2480 parti
869 2439 979 2468 suae
1001 2423 1220 2468 ecclesiae
1242 2431 1259 2449 ⁰
1281 2423 1518 2466 laboranti.

318 2501 471 2546 Dicas:
497 2501 684 2544 nimium
708 2502 796 2543 hoc
813 2501 897 2544 erit
919 2515 1155 2557 arrogans,
1175 2500 1212 2543 si
1237 2500 1548 2556 praedicamus
1573 2515 1660 2543 nos
1682 2514 1762 2555 per
1784 2514 1869 2542 no-

230 2586 324 2622 stra
345 2578 561 2622 exercitia
584 2578 744 2624 fulcire
761 2578 988 2621 labantem
1005 2577 1270 2621 orationem.
1293 2579 1395 2620 Hoc
1412 2578 1544 2620 nobis
1565 2591 1656 2619 non
1679 2590 1868 2633 arroga-

230 2670 348 2709 mus3
374 2655 572 2699 diximus
593 2654 730 2708 enim,
755 2668 846 2697 non
870 2661 1045 2698 tantum
1068 2661 1223 2697 nostra
1245 2653 1460 2698 exercitia
1481 2653 1739 2709 intelligere
1761 2667 1864 2703 nOS,

233 2733 313 2775 sed
333 2734 445 2776 haec
469 2731 708 2788 praecipue
730 2745 813 2774 nos
835 2730 1079 2786 amplexari
1101 2738 1146 2775 et
1174 2745 1408 2786 vsurpare,
1441 2744 1590 2785 neque
1617 2730 1674 2772 de
1701 2729 1867 2772 nostris

230 2809 369 2861 aliud,
395 2823 529 2865 quam
552 2821 788 2852 narramus
810 2805 1061 2852 historiam.
1087 2808 1123 2850 F
1125 2806 1218 2851 axit
1240 2808 1366 2850 Deus
1388 2813 1436 2848 vt
1464 2805 1539 2850 alii
1561 2804 1866 2862 praestantio-

303 3004 320 3021 a
369 2994 455 3029 Hoc
479 2994 602 3029 verbo
620 2992 696 3028 inc.
721 2991 927 3040 quaternio
945 3002 1019 3037 9³¹⁵
1071 2993 1136 3019 ——b
1164 2991 1343 3028 Obseure
1362 2991 1564 3038 scriptum.
1617 2999 1680 3017 -c
1707 2991 1748 3025 in
1772 3001 1868 3024 suae

230 3053 415 3091 ecclesiae
435 3064 505 3089 ms.
1771 3055 1774 3057 ’
