2098 3470
780 236 1117 273 Ius-raucnonsss
1122 235 1188 270 —6
1195 244 1209 270 1
1698 238 1767 281 565
1777 258 1780 261 ,

173 345 367 383 ceantur
388 339 677 394 quandoque,
702 345 749 381 et
771 339 937 390 habeat
959 352 1114 381 curam
1138 337 1318 380 illorum
1348 338 1606 393 praefectus
1635 338 1814 382 studio-

179 429 295 469 rum,
315 429 401 471 neq
409 430 464 459 ue
481 414 690 472 publicae
706 415 890 459 lectioni
906 413 1161 460 destinetur
1178 413 1419 470 quispiam,
1433 414 1543 470 quin
1561 414 1703 471 prius,
1718 431 1813 459 non

178 492 324 535 solum
346 492 534 548 probata
555 491 614 534 sit
641 492 740 535 eius
768 491 989 544 doctrina,
1021 491 1103 534 sed
1132 491 1295 534 modus
1322 490 1458 534 etiam
1487 492 1726 535 enarrandi
1754 492 1813 535 sit

174 569 454 626 experientia
477 570 800 625 comprobatus
820 577 866 612 et
888 575 1092 626 spectata
1113 567 1274 611 virtus.

264 645 453 689 Faciant
479 646 631 702 aliqua
658 646 875 690 exercitia
909 644 1159 702 spiritualia
1195 644 1275 699 illi,
1310 644 1389 701 qui
1421 658 1608 688 cursum
1645 646 1808 689 artium

177 729 285 766 sunt
305 722 531 779 incepturi
549 737 776 766 enarrare.
798 722 895 766 Erit
911 730 1146 779 praeterea
1161 720 1287 775 vtile,
1307 721 1362 775 si,
1382 722 1591 764 absoluto
1608 729 1626 746 ³
1643 723 1808 766 artium

171 799 419 853 curriculo,
448 801 663 844 secedant
691 799 835 843 nostri
852 799 978 844 'item
1012 799 1168 855 paucis
1196 798 1360 842 diebus
1388 799 1445 842 ad
1474 798 1561 843 533
1594 799 1808 843 exercitia

170 876 324 933 aliqua
343 876 611 933 spiritualia.

239 985 244 988 <
261 953 355 1009 Qui
377 953 520 998 literis
541 968 723 1010 operam
740 955 848 997 dare
869 953 1054 1006 debent,
1075 960 1182 996 vota
1203 952 1399 1009 primum
1418 952 1644 1005 emittant,
1669 953 1805 997 etiam

170 1037 279 1075 ante
305 1030 477 1074 biennii
513 1030 734 1087 spacium3
774 1038 819 1075 et
854 1030 893 1074 si
928 1030 1066 1086 aliqui
1094 1031 1282 1073 student
1309 1029 1408 1074 sine
1442 1029 1579 1083 votis,
1619 1031 1807 1074 redeant

170 1107 228 1150 ad
250 1106 522 1150 nouitiatum
546 1122 783 1163 quovsque
803 1107 878 1151 illa
894 1107 1142 1160 emiserint,
1163 1114 1208 1150 et
1226 1107 1433 1163 superior
1450 1106 1551 1149 illos
1573 1107 1631 1150 ad
1653 1108 1804 1151 studia

167 1183 416 1227 'mittendos
442 1183 668 1237 iudicarit;
698 1184 761 1228 ita
788 1184 908 1228 enim
946 1183 1054 1227 fecit
1085 1186 1138 1228 Ρ.
1178 1183 1400 1241 Ignatius3
1436 1184 1617 1227 tametsi
1649 1185 1803 1227 nullus

173 1260 436 1318 simpliciter
458 1269 563 1304 ante
591 1261 825 1306 biennium
853 1261 1082 1319 obligatur
1114 1262 1171 1304 ad
1200 1262 1378 1305 edenda
1404 1268 1528 1314 vota,
1560 1275 1646 1305 nec
1667 1261 1725 1304 sit
1747 1263 1804 1305 ad

170 1345 277 1381 vota
297 1338 476 1382 edenda
499 1337 801 1395 instigandus.

259 1414 349 1458 Vbi
370 1414 515 1458 nostri
537 1423 648 1458 eunt
669 1422 795 1459 extra
817 1415 1060 1472 collegium
1081 1415 1137 1458 ad
1154 1414 1374 1459 lectiones
1392 1415 1660 1468 audiendas,
1681 1431 1802 1459 vnus

174 1505 231 1534 ex
251 1490 339 1534 illis
359 1491 418 1534 sit
440 1492 629 1535 aliorum
646 1492 1041 1548 superintendens,
1061 1491 1135 1536 cui
1152 1492 1368 1536 obediant
1383 1506 1542 1536 omnes
1559 1492 1634 1535 alii
1650 1493 1804 1536 eundo

164 1575 214 1612 et
234 1568 467 1628 redeundo
489 1584 545 1612 ex
567 1569 750 1621 scholis,
775 1576 821 1612 et
836 1569 1019 1624 quando
1035 1569 1126 1612 illic
1144 1576 1268 1622 sunt;
1290 1576 1335 1613 et
1352 1568 1426 1611 hic
1443 1568 1622 1612 illorum
1642 1570 1801 1613 reddet

166 1644 405 1698 rationem,
429 1652 476 1689 et
496 1645 663 1702 poterit
685 1646 851 1688 mutari
871 1645 1065 1702 singulis
1087 1645 1335 1698 mensibus,
1360 1646 1433 1689 vel
1456 1646 1592 1690 etiam
1615 1647 1797 1699 durare,

163 1722 236 1766 vel
257 1722 378 1779 plus,
403 1723 475 1765 vel
492 1722 658 1775 minus,
684 1730 820 1779 prout
837 1723 1058 1780 superiori
1079 1723 1316 1780 placuerit.

251 1797 449 1854 Dialogi‚
469 1798 745 1851 comoediae,
767 1798 1017 1855 tragediae,
1036 1813 1212 1852 versus,
1232 1799 1461 1843 orationes
1477 1801 1551 1844 vel
1569 1814 1796 1856 quaecun-

114 1919 122 1923 ,
159 1888 252 1930 que
283 1874 637 1931 compositiones
666 1874 966 1932 publicandae
1001 1876 1107 1928 sint,
1138 1876 1318 1920 curabit
1346 1884 1495 1920 rector
1520 1884 1571 1920 vt
1602 1878 1798 1934 primum

162 1950 480 1995 examinentur
495 1955 580 1998 534
597 1967 623 1994 a
641 1952 856 2008 theologo
873 1951 1023 2007 aliquo
1042 1952 1308 2006 domestico,
1327 1953 1406 2009 qui
1422 1954 1590 2010 polleat
1607 1954 1791 2007 iudicio;

162 2033 257 2070 tum
279 2027 338 2070 ab
358 2027 462 2080 alio,
488 2027 565 2084 qui
587 2027 787 2072 iudicare
808 2028 952 2085 possit
974 2028 1342 2086 compositiones,
1366 2031 1489 2086 quod
1511 2031 1569 2073 ad
1596 2030 1796 2075 latinita-

159 2110 250 2147 tem
271 2110 318 2147 et
337 2104 643 2160 eloquentiam
667 2105 844 2149 attinet.
873 2106 1002 2150 Haec
1022 2119 1163 2161 quum
1180 2106 1271 2150 sint
1288 2107 1563 2161 necessaria,
1585 2123 1793 2151 nonnun-

154 2194 293 2236 quam
315 2187 468 2224 tamen
490 2188 639 2225 rector
660 2181 756 2238 ipse
778 2181 996 2224 iudicabit
1023 2197 1132 2225 num
1158 2182 1397 2238 pauciores
1426 2185 1500 2228 vel
1531 2184 1668 2227 etiam
1692 2185 1795 2241 plu-

159 2246 231 2300 res
251 2257 496 2300 adhibendi
518 2265 626 2300 sunt
647 2272 876 2311 censores,
908 2258 1173 2314 praesertim
1205 2260 1243 2302 si
1275 2275 1348 2304 res
1379 2269 1450 2304 est
1481 2261 1686 2317 grauior,
1723 2264 1793 2305 vel

157 2332 290 2377 cuius
309 2333 370 2376 sit
390 2334 590 2377 dandum
611 2335 870 2390 exemplum
893 2335 1108 2379 externis.
1140 2336 1385 2381 Orationes
1410 2345 1561 2381 tamen
1591 2340 1664 2382 vel
1696 2353 1791 2382 car-

157 2408 300 2462 mina,
335 2423 452 2466 quae
484 2410 736 2454 recitantur
772 2418 937 2454 octauo
974 2425 1157 2467 quoque
1193 2412 1267 2458 die
1299 2413 1347 2456 in
1383 2415 1538 2458 schola
1552 2449 1561 2467 ,
1603 2423 1672 2458 sat
1706 2415 1790 2459 erit

155 2485 387 2530 emendari
408 2501 435 2530 a
455 2486 613 2530 classis
634 2494 944 2544 praeceptore,
976 2495 1022 2532 et
1049 2489 1106 2532 ab
1135 2503 1189 2532 eo
1220 2490 1378 2534 referri
1411 2492 1467 2534 ad
1501 2493 1785 2547 theologum,

154 2562 212 2605 ad
245 2563 360 2606 haec
387 2563 629 2607 iudicanda
656 2564 962 2621 designatum,
992 2565 1030 2608 si
1066 2566 1124 2610 de
1161 2582 1226 2620 re,
1267 2582 1384 2623 quae
1422 2568 1584 2612 attinet
1623 2569 1787 2624 quouis

152 2645 287 2695 pacto
308 2640 366 2683 ad
387 2639 671 2697 religionem,
695 2649 873 2697 agatur.

241 2717 304 2760 Vt
324 2716 463 2761 latine
483 2718 729 2774 loquantur
751 2719 928 2773 fratres,
962 2719 1232 2764 adhibeatur
1260 2722 1512 2778 diligentia,
1550 2724 1607 2765 ad
1635 2721 1784 2765 minus

152 2797 356 2848 tempore
378 2794 670 2838 recreationis
689 2802 791 2851 post
813 2795 1051 2851 prandium
1074 2797 1147 2840 vel
1173 2811 1378 2850 coenam,
1412 2807 1462 2841 ut
1491 2798 1679 2854 possint,
1706 2799 1784 2854 qui

151 2868 375 2922 nesciunt,
394 2869 597 2927 linguam
614 2871 850 2928 vulgarem
868 2872 1118 2926 addiscere;
1138 2875 1228 2928 vel,
1250 2875 1326 2930 qui
1344 2875 1509 2927 sciunt,
1531 2882 1782 2918 maternam

218 3044 237 3062 a
285 3035 484 3073 absolutio
502 3049 576 3073 ms.
