2098 3470
325 257 396 302 870
902 259 1042 296 Emsr.
1069 259 1113 295 P.
1141 260 1292 297 NADAL

279 358 459 415 priuato
483 366 633 402 tamen
659 360 877 417 theologo
899 361 1071 415 vtilem,
1103 376 1196 405 non
1225 362 1362 405 etiam
1391 364 1710 410 necessariam.
1735 367 1910 424 Vulga*

276 444 367 478 tarn
402 435 649 480 editionem
692 450 776 492 pro
808 446 1106 482 sacrosancta
1135 438 1292 483 haberi
1321 447 1546 496 oportere.
1572 441 1619 486 Si
1648 442 1757 497 quid
1778 458 1909 500 prae-

275 523 397 557 terea
425 512 556 566 lucis,
590 512 668 568 qui
698 513 914 558 hebraice
942 515 1095 558 sciunt
1123 523 1168 560 et
1198 530 1388 572 graece,
1421 532 1477 561 ex
1509 518 1628 562 veris
1656 520 1910 576 prototypis

274 590 612 643 nanciscantur,
637 589 684 633 id
707 598 755 634 vt
794 592 998 635 conferat
1022 594 1079 635 ad
1108 592 1420 637 illustrandam
1453 595 1701 651 vulgatam,
1733 610 1823 639 non
1852 598 1908 642 ad

278 682 442 711 novam
461 667 717 711 versionem
734 670 1146 712 commentandam.
1175 669 1397 714 Breuiter:
1419 670 1589 727 linguis
1611 672 1684 712 241
1701 679 1904 727 vtantur,

270 753 485 800 tanquam
514 744 854 800 interpretibus,
881 746 937 788 ad
969 745 1304 791 ecclesiasticae
1326 761 1378 790 ac
1416 748 1669 791 communis
1695 749 1906 793 editionis

268 821 614 878 expositionem.
643 821 767 877 Quid
789 821 949 878 igitur?
974 822 1102 866 Dico:
1130 838 1220 867 non
1243 830 1313 868 est
1334 824 1526 868 verbum
1548 825 1708 881 hiphil,
1738 841 1904 884 cogno-

267 900 330 951 ιιί,
348 900 435 941 hoc
465 899 583 952 loco3
616 907 661 941 et
691 906 842 943 tamen
874 901 1063 943 verbum
1094 903 1154 959 &p
1186 900 1473 958 interpretari
1501 903 1558 944 ad
1582 902 1801 948 rationem
1831 903 1903 946 Izi—

257 975 371 1031 phil,
404 983 461 1037 vt·
483 975 594 1019 alias
623 977 738 1020 solet
767 976 812 1019 in
841 977 1093 1033 scripturis.
1134 977 1277 1021 Simul
1307 985 1352 1023 et
1380 978 1492 1021 illud
1519 979 1659 1022 addo:
1692 979 1902 1036 simplici-

265 1061 333 1097 ter
353 1052 568 1108 explicari
592 1067 726 1108 posse
754 1068 878 1096 nunc
906 1055 1010 1107 scio,
1034 1063 1084 1097 ut
1113 1054 1170 1097 sit
1199 1054 1480 1099 aeternitatis
1509 1055 1621 1099 illud
1649 1071 1772 1099 nunc
1799 1072 1902 1113 per-

265 1139 468 1186 petuum.
490 1131 628 1186 Quod
646 1130 683 1173 si
704 1145 824 1174 nunc
846 1131 1062 1187 temporis
1084 1147 1183 1176 esse
1207 1131 1348 1175 instas
1370 1141 1404 1187 ³,
1424 1133 1704 1190 coniungere
1726 1141 1901 1177 vtrum-

261 1221 350 1262 que
380 1221 503 1250 nunc
531 1222 796 1263 possumus:
823 1208 868 1250 in
900 1223 1017 1261 meo,
1050 1208 1212 1264 inquit,
1238 1209 1368 1252 hodie
1396 1217 1581 1254 aeterno
1610 1209 1720 1264 scio;
1747 1218 1899 1254 tamen

261 1284 324 1327 illi
347 1284 476 1327 lzodz‘e
505 1286 593 1327 hoc
622 1299 745 1326 nunc
775 1291 1116 1341 temporaneum
1146 1286 1393 1342 coniungo,
1419 1301 1500 1342 pro
1522 1289 1609 1330 hoc
1631 1287 1752 1330 enim
1776 1302 1900 1331 nunc

259 1363 382 1417 quod
405 1361 565 1405 timeas
587 1361 833 1405 Dominum
855 1361 902 1404 in
925 1377 1025 1405 mea
1052 1362 1059 1412 Ι
1087 1362 1355 1407 aeternitate
1373 1371 1593 1419 perpetuo
1615 1365 1896 1421 contempla-

258 1448 333 1482 tus
364 1453 490 1491 sum3
515 1446 574 1494 χαὶ
603 1451 708 1480 ταῦτα
735 1446 796 1491 μὲν
820 1442 873 1487 ὃή
902 1452 1021 1481 ταῦτα.
1045 1426 1269 1494 Αᾶ-Ι5ΡΠ]
1308 1454 1545 1484 censuram
1570 1441 1807 1495 adeamus,
1837 1442 1894 1485 ad

256 1531 392 1571 quam
420 1515 644 1560 desiderio
673 1516 926 1561 desideraui
950 1517 1205 1573 peruenire,
1242 1524 1288 1558 vt
1320 1531 1400 1573 pro
1432 1525 1724 1560 sacrosancta
1752 1524 1895 1562 matre

255 1593 341 1637 Dei
366 1593 510 1637 Maria
532 1593 703 1650 aliquid
725 1594 878 1637 conari
901 1594 1078 1649 possim.
1101 1595 1247 1649 Euge,
1275 1595 1425 1646 Pater,
1456 1593 1566 1649 quid
1595 1594 1803 1638 adducis?

882 1672 980 1714 Fol.
1002 1684 1096 1728 93„
1117 1671 1176 1714 fa.
1202 1669 1274 1726 pf

348 1749 580 1792 «Primum
604 1748 814 1805 apparuit
837 1748 1060 1790 Dominus
1083 1748 1214 1791 matri
1237 1763 1394 1802 suae»,
1419 1756 1507 1791 etc.
1539 1754 1565 1790 ¹.

344 1826 450 1871 Scio
488 1840 577 1882 ego
615 1833 660 1868 te
697 1827 784 1868 hoc
814 1824 1030 1881 quicquid
1053 1824 1362 1868 cen242surae
1386 1825 1645 1870 verecunde
1666 1825 1890 1881 proloqui,

253 1903 461 1955 veritate,
487 1903 676 1956 scilicet,
709 1911 914 1954 coactus,
934 1910 980 1945 et
1002 1902 1179 1946 fortiter
1209 1902 1337 1959 vulgi
1369 1902 1626 1958 opinionem
1650 1902 1889 1955 sustinere,

251 1981 287 2023 si
320 1980 397 2036 qui
427 1979 632 2023 fortassis
662 1979 860 2023 dixerint
897 1994 988 2022 non
1023 1979 1232 2023 decuisse
1261 1979 1380 2022 illius
1410 1978 1580 2022 ordinis
1618 1980 1893 2022 monachum

251 2065 591 2114 praesentatum
615 2057 913 2100 intemeratae
939 2056 1130 2112 virginis
1153 2056 1308 2099 diuina
1337 2056 1574 2112 priuilegia
1603 2057 1802 2108 eleuare;
1826 2062 1892 2098 at-

253 2150 342 2190 que
364 2136 478 2178 adeo
500 2149 588 2190 ego
611 2148 702 2176 non
724 2134 984 2176 verecunde
1008 2148 1061 2176 ac
1095 2133 1271 2176 fortiter
1293 2134 1438 2176 solum
1472 2134 1560 2176 hoc
1590 2140 1632 2176 te
1669 2131 1818 2177 facere
1846 2139 1892 2176 et

252 2213 390 2256 credo
412 2219 457 2254 et
480 2211 712 2267 profiteor,
738 2211 818 2254 sed
841 2210 913 2266 pie
931 2210 1066 2253 etiam
1090 2224 1142 2253 ac
1165 2210 1377 2266 religiose
1399 2224 1479 2266 per
1496 2211 1658 2261 zelum,
1679 2223 1770 2264 quo
1791 2208 1889 2251 vin-

251 2289 404 2332 dicare
428 2283 660 2332 existimas
684 2289 740 2330 ab
759 2287 901 2330 atroci
925 2287 1088 2330 iniuria
1111 2301 1262 2330 sacras
1283 2286 1472 2331 litteras.
1498 2287 1669 2330 Verum
1687 2285 1734 2327 in
1753 2285 1890 2328 huius

251 2380 473 2410 censurae
496 2365 706 2421 apologia
736 2364 833 2420 ipse
857 2364 938 2406 tibi
967 2364 1258 2420 priuilegium
1283 2362 1498 2406 constitui
1527 2363 1691 2414 facere,
1722 2363 1729 2420 Ι
1756 2376 1888 2418 prae—

251 2451 319 2486 ter
341 2456 641 2486 communem*
665 2441 904 2497 apologiae
933 2442 1100 2496 legem;
1127 2448 1250 2483 certe
1282 2440 1402 2483 enim
1435 2439 1545 2495 scio,
1581 2439 1618 2482 si
1646 2446 1691 2482 te
1713 2439 1786 2482 illa
1811 2446 1887 2482 tua

250 2519 462 2575 opinione
485 2518 747 2570 exemerim,
782 2525 831 2560 vt
869 2517 1010 2561 libere
1046 2517 1194 2573 possis
1230 2517 1526 2573 proclamare,
1567 2531 1623 2560 ex
1660 2515 1796 2558 animi
1820 2515 1886 2561 tui

248 2595 476 2640 sententia
495 2606 551 2638 ac
567 2595 829 2646 deuotione,
850 2594 1044 2650 primum
1065 2593 1349 2646 Mariae,Dei
1371 2592 1519 2644 matri,
1539 2592 1785 2635 Dominum
1803 2607 1885 2647 ap·
1937 2607 1941 2611 ·

248 2674 457 2730 paruisse
479 2680 585 2730 post
610 2671 1004 2724 resurrectionem,
1032 2686 1122 2714 non
1146 2672 1290 2714 solum
1315 2685 1397 2726 pro
1420 2668 1677 2725 priuilegio,
1702 2669 1781 2712 sed
1803 2683 1882 2724 pro

248 2750 471 2808 singulari
494 2750 630 2794 etiam
654 2748 880 2794 beneficio
904 2747 938 2802 ¹³3
961 2756 1004 2792 te
1027 2762 1172 2792 meam
1196 2746 1453 2803 apologiam
1477 2760 1577 2790 esse
1599 2745 1881 2802 amplexatu-

315 2898 333 2915 a
384 2887 589 2923 Emendat.
610 2898 631 2922 a
650 2886 741 2924 Nat.
762 2897 810 2921 ex
836 2886 935 2921 velis
953 2885 1143 2932 temporis
1161 2895 1257 2931 esse;
1273 2883 1341 2919 sed
1365 2883 1510 2919 oblitus
1534 2887 1594 2918 est
1617 2881 1772 2918 delendi
1796 2892 1866 2919 vet·

226 2949 336 2999 'bum
357 2947 467 2984 velis.
521 2949 587 2975 ——b
614 2946 794 2993 benificio
813 2957 884 2980 ms.

317 3075 324 3093 ¹
379 3073 480 3109 Vide
499 3083 704 3109 censuram
724 3070 945 3113 Pedrochii,
966 3069 1207 3114 POLANCUS,
1225 3068 1390 3111 Chron„
1404 3066 1474 3112 111,
1489 3074 1570 3112 519.

2095 1487 2098 1560 ἐ

2094 1567 2098 1649 ἰ

2096 1654 2098 1683 Ι
