2098 3470
305 279 375 326 384
786 282 939 320 PATms
966 284 1209 320 HiERoNvm
1232 285 1381 320 NADAL

256 382 577 438 probationum
601 397 763 440 capere
785 399 876 427 non
898 384 1071 441 possint
1093 392 1183 429 tarn
1208 386 1389 439 multos,
1410 387 1466 430 ad
1483 402 1560 430 eos
1579 388 1765 432 alendos
1782 403 1898 433 con-

260 459 461 502 tribuant
478 459 564 503 alia
581 461 788 517 collegia.
813 463 1034 506 Poterant
1050 462 1185 505 etiam
1204 462 1411 506 distribui
1429 464 1589 507 nouitii
1612 464 1896 521 antiquiores

259 536 304 578 in
328 537 491 580 domus
513 539 755 592 professas,
779 539 852 583 vel
880 538 926 581 in
953 539 1012 583 47
1043 539 1253 596 collegia,
1285 554 1401 595 quae
1428 541 1601 597 possint
1629 541 1727 585 illos
1756 542 1892 597 alere;

260 619 474 669 poterunt
496 614 631 657 etiam
654 614 772 657 mitti
793 614 839 658 in
862 616 971 659 alias
993 616 1266 672 prouincias,
1299 617 1433 661 etiam
1464 620 1653 661 Romam
1681 634 1738 663 ex
1764 634 1896 676 prae-

258 690 428 747 scripto
458 691 683 747 generalis
710 692 967 749 praepositi.
1002 694 1129 737 Haec
1162 701 1398 750 propterea
1429 694 1533 738 dico
1572 703 1661 738 tam
1699 696 1891 750 solicite3

258 767 484 812 deerimus
512 768 631 811 enim
659 768 744 813 Dei
773 769 962 826 gratiae,
994 769 1030 812 si
1054 784 1167 824 quos
1188 770 1394 815 videmus
1415 779 1601 816 vocatos
1623 787 1723 816 esse
1746 789 1772 817 a
1794 774 1897 816 Deo

259 846 317 887 ad
340 844 634 898 Societatem,
661 859 754 898 eos,
780 860 858 902 per
880 846 1138 902 angustiam
1163 847 1313 900 animi,
1339 849 1411 891 vel
1438 848 1717 901 diffident-iam
1749 863 1898 904 quan-

260 923 380 975 dam,
407 937 500 965 non
525 923 773 966 audeamus
792 922 1008 979 recipere.

349 999 604 1056 Diligenter
625 999 955 1043 animaduertat
976 1001 1285 1056 prouincialis,
1310 1002 1387 1044 vbi
1407 1017 1461 1045 ea
1483 1003 1539 1045 ad
1557 1017 1605 1046 se
1622 1003 1895 1056 referantur,

260 1091 378 1132 quae
400 1076 581 1133 proprie
603 1078 660 1119 ad
678 1076 881 1130 rectoris,
901 1078 970 1120 vel
991 1077 1173 1121 omnino
1192 1079 1248 1121 ad
1265 1078 1547 1134 superiorum
1566 1079 1895 1124 ordinariorum

261 1153 459 1197 officium
482 1153 690 1207 attinent,
715 1161 764 1196 vt
786 1153 877 1207 illa,
902 1154 939 1197 si
961 1154 1057 1196 fieri
1078 1155 1237 1210 possit,
1261 1155 1412 1211 perse
1435 1171 1528 1199 non
1557 1163 1679 1213 agat,
1706 1157 1786 1200 sed
1813 1172 1893 1213 per

261 1230 527 1274 ordinarios.
555 1231 803 1287 Continget
832 1231 950 1275 enim
981 1245 1307 1287 nonnunquam
1337 1232 1374 1275 si
1402 1247 1534 1277 secus
1565 1233 1715 1286 faciat,
1747 1233 1895 1290 ipsum

260 1322 426 1352 errare:
452 1307 579 1351 verbi
603 1307 764 1364 gratia:
790 1308 828 1350 si
849 1308 950 1363 quis
968 1323 994 1351 a
1008 1308 1273 1364 prouinciali
1290 1316 1464 1365 peteret
1482 1311 1741 1354 facultatem
1761 1311 1898 1354 domo
1918 1294 1927 1304 ⁸

260 1385 472 1437 exeundi,
493 1394 538 1428 et
555 1385 652 1440 ipse
674 1385 959 1437 concederet,
980 1385 1237 1428 inconsulto
1260 1393 1432 1430 rectore
1455 1387 1527 1430 vel
1545 1386 1766 1440 ministro,
1787 1402 1895 1443 pos·-

260 1468 329 1505 set
350 1476 476 1505 error
499 1462 781 1518 contingere,
807 1468 852 1506 et
874 1462 1145 1518 periculum,
1170 1463 1379 1518 quamuis
1401 1463 1566 1520 alioqui
1588 1479 1644 1507 ex
1666 1463 1755 1517 his,
1781 1478 1898 1519 quae

261 1525 324 1582 ad*
341 1539 530 1582 aliorum
553 1539 703 1583 officia
718 1539 1122 1595 proprie‘attinent,
1144 1554 1470 1595 nonnunquam
1487 1539 1731 1584 conueniet
1747 1540 1899 1596 aliqua

261 1631 399 1672 agere
420 1615 481 1660 48
503 1623 786 1672 praesentem
809 1615 1134 1673 prouincialem
1157 1631 1237 1672 per
1258 1631 1307 1659 se
1329 1617 1401 1659 vel
1424 1616 1511 1659 alio
1533 1616 1732 1670 nomine,
1756 1618 1830 1661 vel
1850 1624 1902 1660 vt

262 1693 538 1749 praescribat
566 1693 753 1746 rectori,
778 1694 1159 1748 quemadmodum
1190 1693 1247 1735 sit
1276 1693 1476 1736 officium
1505 1707 1638 1736 suum
1668 1694 1900 1750 guberna—

262 1778 407 1822 turus,
438 1777 484 1813 et
511 1785 565 1813 ea
600 1770 833 1814 functione
867 1772 1080 1814 reformet
1112 1770 1370 1826 collegium.
1408 1770 1535 1814 Alias
1567 1770 1682 1813 nihil
1714 1777 1822 1827 aget
1854 1770 1902 1813 in

261 1847 412 1903 aliquo
444 1847 652 1904 collegio,
686 1848 759 1892 vel
791 1862 964 1900 eorum,
1002 1862 1118 1902 quae
1150 1847 1306 1891 ordine
1339 1854 1578 1903 geruntur,
1612 1847 1685 1891 vel
1724 1862 1904 1900 eorum,

197 1980 199 1982 Ι
263 1939 379 1980 quae
401 1914 529 1969 extra
551 1925 770 1977 ordinem,
797 1925 868 1967 vel
891 1939 1105 1980 praesens
1123 1926 1194 1967 vel
1213 1926 1393 1977 absens,
1414 1925 1522 1979 quin
1541 1939 1594 1968 ea
1610 1930 1810 1980 exponat
1827 1938 1901 1967 re-

263 2002 398 2055 ctori,
418 2009 464 2044 et
485 2017 565 2058 per
587 2016 690 2046 eum
714 2009 859 2058 gerat,
881 2003 1031 2057 quoad
1047 2017 1119 2045 res
1135 2002 1331 2058 patietur
1349 2001 1462 2057 ipsa,
1482 2015 1540 2044 ne
1558 2001 1704 2044 minor
1720 2001 1779 2044 sit
1795 2001 1906 2044 vnio

263 2086 310 2122 et
332 2079 646 2122 subordinatio
668 2080 725 2122 ad
742 2086 979 2132 rectorem,
1005 2086 1050 2122 et
1068 2080 1179 2121 fiant
1195 2078 1242 2121 in
1259 2078 1345 2121 illis
1363 2080 1499 2122 rebus
1517 2077 1828 2134 exemptiones
1845 2079 1907 2121 ab

263 2155 528 2200 immediato
551 2156 797 2212 superiore,
824 2171 939 2212 quae
961 2170 1061 2200 esse
1083 2156 1232 2199 solent
1254 2156 1442 2198 vulnera
1466 2153 1900 2211 congregationum3

266 2233 405 2276 huius
427 2233 492 2277 rei
515 2240 667 2277 tamen
689 2233 896 2289 exceptio
919 2233 1069 2288 aliqua
1090 2233 1187 2277 fieri
1209 2239 1374 2288 potest.

354 2309 447 2354 Vbi
471 2311 630 2355 reddet
651 2309 812 2365 aliquis
834 2309 1141 2363 conscientiae
1163 2324 1272 2353 suae
1301 2309 1537 2362 rationem,
1569 2310 1643 2352 vel
1671 2307 1903 2365 generali-

267 2394 334 2431 ter
361 2394 547 2444 peccata
571 2402 653 2430 sua
676 2386 982 2439 confitebitur,
1007 2387 1080 2430 vel
1102 2393 1275 2442 repetet
1304 2385 1445 2443 (iuxta
1475 2385 1698 2442 regulam)
1721 2385 1904 2429 confes-

268 2464 459 2518 sionem,
486 2479 621 2520 quam
644 2464 719 2508 alii
741 2463 1019 2506 confessario
1042 2464 1214 2506 secerit:
1240 2470 1487 2519 quaeratur
1503 2463 1560 2506 ab
1578 2477 1632 2506 eo
1653 2461 1700 2504 in
1723 2461 1904 2504 confes-

267 2541 396 2586 sione
420 2556 477 2584 an
501 2556 660 2586 reuera
682 2540 791 2584 velit
813 2555 865 2584 ea
896 2541 1047 2583 omnia
1076 2539 1283 2584 confiteri
1307 2547 1352 2584 et
1379 2540 1585 2596 regulam
1615 2545 1815 2581 nostram
1847 2538 1905 2581 de

269 2618 505 2675 apertione
532 2617 853 2670 conscientiae,
895 2618 950 2661 de
983 2618 1042 2662 49
1075 2617 1361 2661 confessione
1398 2616 1618 2673 generali,
1649 2617 1706 2660 de
1737 2614 1902 2671 repeti-

267 2696 389 2739 tione
412 2704 430 2722 ³
453 2695 752 2740 confessionis
773 2696 1035 2739 obseruare.
1063 2695 1111 2739 Si
1134 2695 1205 2739 vel
1228 2709 1319 2737 non
1348 2693 1649 2750 responderit,
1674 2692 1746 2736 vel
1768 2690 1904 2734 dubi-

270 2773 450 2825 tauerit,
475 2774 548 2816 vel
571 2774 703 2829 plane
725 2772 886 2816 dixerit
915 2786 964 2815 se
991 2772 1130 2825 nolle3
1156 2771 1276 2814 illius
1305 2785 1389 2815 nec
1418 2769 1642 2814 confessio
1671 2767 1900 2819 audietur,

268 2864 353 2894 nec
377 2850 492 2893 ratio
515 2848 825 2894 conscientiae
841 2848 1105 2905 accipietur,
1126 2862 1273 2903 neque
1298 2849 1386 2890 hoc
1409 2847 1502 2899 fiet,
1522 2852 1760 2903 propterea
1781 2844 1903 2900 quod

268 2926 395 2969 illum
419 2926 625 2972 Societas
653 2926 826 2983 obliget
854 2926 910 2969 ad
942 2933 1183 2981 peccatum
1216 2925 1424 2976 mortale,
1465 2922 1550 2966 nisi
1589 2922 1772 2979 regulas
1805 2920 1903 2964 illas
1938 2933 1943 2939 ·

339 3104 356 3121 a
407 3094 638 3140 repititione
657 3105 729 3129 ms.
