2098 3470
271 244 341 288 604
747 245 901 282 Purus
927 246 1091 283 Hrssnon
1099 254 1170 282 Ym
1196 247 1348 283 NADAL

226 345 441 388 uitiorum
464 360 563 389 eam
584 347 719 391 dicet.
747 348 795 392 Si
819 355 969 392 autem
995 348 1068 390 hic
1097 347 1230 399 desit,
1257 354 1366 391 tunc
1393 350 1621 402 sacerdos,
1654 350 1731 406 qui
1760 351 1855 408 pri-

225 437 349 465 mum
367 423 517 466 locum
539 424 724 469 dextrae
748 425 886 481 partis
910 424 1135 468 refectorii
1160 431 1300 478 tenet,
1326 425 1687 471 benedictionem
1711 427 1855 473 dabit.

316 500 408 544 634
439 486 601 553 Nemo,-
627 509 804 557 praeter
831 501 1124 558 superiorem,
1151 500 1196 543 in
1230 515 1386 544 mensa
1417 502 1644 557 loquatur,
1670 502 1755 547 nisi
1780 503 1858 559 qui

224 583 275 619 vt
297 576 514 621 lectorem
536 578 735 634 corrigat
757 579 813 622 sit
837 578 1087 630 institutus,
1113 593 1139 621 a
1163 591 1252 632 quo
1280 578 1421 622 lector
1442 586 1677 623 correctus
1693 579 1764 624 bis
1786 594 1859 624 re·-

227 661 367 709 petet,
393 661 496 708 etc.;
522 655 729 712 superior
762 664 910 700 tamen
940 671 1029 698 non
1068 654 1197 698 facile
1226 665 1499 710 quemquam
1532 657 1790 712 alloquatur
1811 657 1858 700 in

225 745 402 775 mensa.

865 859 991 887 ORDO
1014 857 1225 887 CULINAE

316 962 417 1007 Fiat
439 963 597 1006 fornax
619 977 760 1018 parua
783 977 835 1005 ac
858 969 1087 1017 cooperta,
1108 961 1274 1017 apertis
1296 962 1608 1015 foraminibus,
1635 977 1750 1019 quae
1778 979 1861 1007 ex-

226 1039 379 1096 cipere
407 1040 549 1096 possit
582 1040 695 1083 ollas
726 1054 899 1090 omnes,
925 1053 1042 1094 quae
1069 1037 1166 1094 igni
1194 1047 1302 1082 sunt
1329 1040 1641 1095 apponendae,
1672 1041 1731 1083 ad
1757 1055 1858 1084 eam

227 1117 441 1173 speciem,
466 1132 583 1172 quae
606 1119 750 1161 Roma
773 1117 862 1173 peti
886 1131 939 1159 ac
958 1116 1073 1159 mitti
1098 1123 1262 1172 potest,
1282 1115 1414 1160 facile
1435 1116 1678 1173 descripta;
1699 1116 1762 1162 ita
1782 1118 1861 1162 fiet

227 1201 276 1236 vt
299 1207 417 1250 quae
448 1194 495 1237 in
517 1194 604 1237 olla
637 1194 873 1248 coquenda
895 1200 1002 1235 sunt
1025 1207 1105 1248 pro
1126 1192 1404 1244 domesticis,
1429 1193 1592 1236 minori
1613 1194 1752 1250 longe
1772 1193 1860 1236 im·-

227 1285 371 1327 pensa
393 1278 626 1327 parentur.

321 1350 508 1394 Praeter
535 1350 669 1400 hanc,
698 1349 857 1390 furnus
886 1348 964 1390 fiat
1001 1361 1186 1402 paruus,
1212 1345 1288 1388 vbi
1315 1360 1422 1389 caro
1451 1346 1590 1389 assari
1616 1354 1783 1403 potest,
1815 1354 1862 1390 et

231 1440 287 1468 ex
309 1423 426 1476 ouis,
451 1424 605 1469 herbis
622 1431 668 1469 et
690 1439 824 1468 caseo
849 1424 1082 1466 confectae
1105 1423 1356 1479 placentae,
1386 1422 1478 1467 635
1502 1437 1618 1478 quae
1645 1423 1792 1467 solent
1814 1422 1858 1466 in

234 1501 362 1545 Italia
384 1501 546 1545 diebus
573 1501 823 1544 sabbatinis
851 1502 907 1543 ad
936 1500 1173 1556 prandium
1196 1500 1268 1543 vel
1304 1513 1507 1551 coenam,
1532 1507 1582 1542 vt
1609 1500 1755 1543 minor
1782 1501 1861 1544 fiat

227 1578 447 1634 impensa,
474 1579 638 1634 parari.

319 1658 429 1698 Post
450 1655 688 1711 prandium
711 1662 757 1697 et
779 1669 982 1707 coenam,
1011 1661 1237 1698 transacta
1260 1653 1407 1697 media
1429 1655 1539 1697 hora
1556 1654 1717 1710 prioris
1733 1654 1860 1710 quie-—

228 1732 301 1784 tis,
326 1747 444 1775 Vnus
466 1733 539 1777 vel
561 1733 653 1775 duo
675 1733 747 1775 vel
769 1733 920 1788 plures
943 1732 1119 1783 fratres,
1146 1738 1279 1786 prout
1301 1745 1416 1787 opus
1433 1730 1569 1774 fuerit
1585 1738 1632 1774 et
1650 1731 1861 1786 frequen-

228 1810 291 1852 tia
309 1809 490 1865 collegii
508 1809 719 1865 patietur,
741 1800 890 1852 vestiti
907 1808 1050 1852 saccis
1066 1823 1122 1851 ex
1139 1808 1232 1851 lino
1250 1822 1401 1851 crasso
1420 1809 1476 1851 ab
1494 1808 1710 1852 anteriori
1731 1817 1860 1865 parte

228 1901 333 1929 cum
362 1886 567 1941 manicis,
591 1886 876 1929 destinentur
905 1887 960 1929 ad
988 1886 1200 1941 scutellas
1229 1885 1477 1928 abluendas
1505 1891 1550 1928 et
1572 1885 1857 1938 discos,vetc.

230 1969 369 2018 atque
390 1962 438 2005 hi
459 1969 691 2007 mutentur
713 1965 807 2006 suis
829 1963 1005 2007 diebus.
1190 2020 1192 2022 -

317 2040 772 2096 Comprehendantur
802 2047 953 2083 autem
985 2039 1028 2081 in
1064 2039 1135 2082 his
1171 2053 1252 2095 per
1282 2038 1406 2082 vices
1437 2053 1558 2092 suas,
1591 2053 1682 2081 non
1715 2039 1860 2082 solum

233 2117 508 2169 sacerdotes,
534 2117 614 2160 sed
635 2132 793 2160 omnes
817 2116 950 2161 etiam
975 2116 1247 2172 superiores,
1273 2130 1422 2172 neque
1444 2116 1561 2158 vllus
1577 2116 1859 2168 excludatur,

232 2193 318 2236 nisi
340 2193 413 2236 cui
436 2192 634 2237 notabile
651 2193 865 2236 damnum
890 2195 1047 2237 afferet
1069 2192 1180 2235 illud
1202 2191 1485 2246 exercitium,
1506 2207 1563 2236 ex
1585 2190 1862 2249 praescripto

231 2269 410 2324 medici3
437 2272 524 2313 hoc
546 2284 653 2314 vero
676 2269 841 2313 facient
864 2269 1049 2313 dimidia
1070 2271 1195 2312 hora.
1222 2270 1338 2312 Nam
1367 2267 1554 2311 nimium
1578 2267 1761 2325 grauari
1792 2267 1861 2310 vi-

232 2348 396 2391 dentur
418 2348 596 2400 fratres,
611 2346 659 2390 si
676 2353 820 2389 totam
843 2348 1000 2389 horam
1025 2346 1189 2402 quietis
1211 2347 1320 2388 dent
1342 2345 1405 2387 illi
1427 2344 1756 2397 exercitationi,
1777 2345 1861 2388 etsi

233 2423 473 2467 confestim
498 2437 523 2466 a
545 2419 734 2479 prandio
757 2423 827 2465 vel
850 2437 1006 2466 coena.

230 2547 311 2588 636
842 2555 902 2583 DE
939 2554 1239 2584 Rssrsscromo

322 2656 371 2697 In
395 2661 590 2709 quatuor
612 2652 860 2710 parietibus
889 2652 1114 2696 refectorii
1143 2660 1371 2709 ponantur
1398 2652 1592 2709 optimae
1620 2650 1859 2707 imagines,

233 2732 350 2775 inter
373 2745 486 2786 quas
514 2745 603 2774 non
637 2729 753 2774 desit
781 2744 928 2773 coena
961 2729 1162 2783 Domini,
1198 2736 1244 2772 et
1276 2731 1389 2772 haec
1423 2728 1603 2784 quidem
1637 2728 1684 2770 in
1715 2727 1862 2784 capite

230 2809 349 2852 solet
371 2807 511 2864 affigi.

322 2885 519 2940 Quando
540 2884 591 2927 fit
613 2883 772 2927 concio
795 2882 841 2924 in
864 2885 1129 2937 coenaculo,
1149 2883 1207 2926 sit
1224 2897 1404 2939 semper
1420 2882 1581 2937 aliquis
1599 2882 1858 2938 theologus,

232 2962 406 3018 pollens
436 2960 620 3013 iudicio,
649 2959 725 3017 qui
759 2961 971 3004 obseruet
1003 2960 1343 3011 concionantes,
1375 2974 1484 3002 num
1513 2958 1681 3014 aliquid
1710 2957 1862 3001 dicant

233 3038 583 3094 reprehensione
603 3038 813 3092 dignum,
839 3039 960 3092 quod
984 3038 1038 3079 ad
1068 3037 1319 3080 doctrinam
1343 3036 1580 3092 pertineat,
1612 3050 1703 3077 non
1726 3035 1861 3077 debet
