2098 3470
572 281 846 319 Montium-A
873 288 1131 318 psovmcmss
1155 280 1470 326 Amnum-47
1724 280 1795 338 ,²⁶9

203 383 268 428 ris
287 383 457 429 diserte
482 383 793 440 interrogetur
818 397 975 428 caesar
1009 383 1020 404 ¹
1044 396 1125 440 per
1152 383 1207 426 P.
1241 381 1528 426 Victoriam'
1554 383 1627 425 uel
1655 384 1843 426 Patrem

204 460 533 518 prouincialem
554 462 589 514 ³,
613 459 724 516 quid
744 474 882 504 curae
902 459 1035 503 nobis
1061 459 1122 503 sit
1148 458 1382 511 traditum,
1406 466 1453 503 et
1475 459 1521 502 id
1548 473 1653 502 cum
1679 460 1840 503 uolun—

206 545 302 583 tate
322 538 520 582 caesaris
539 537 788 593 minuatur,
813 537 964 593 quoad
985 536 1166 594 poterit.

293 603 640 658 Distribuantur
658 613 805 658 sancti
822 613 1017 670 singulis
1038 612 1288 666 mensibus,
1313 620 1364 656 ut
1384 613 1437 656 fit
1465 611 1602 657 etiam
1625 612 1671 655 in
1703 613 1847 656 colle—

207 689 288 748 gio
302 706 510 735 romano,

297 768 395 813 Suo
418 775 622 824 tempore
642 768 835 812 comode
856 767 994 824 (quod
1016 769 1070 811 Ρ.
1095 767 1272 811 Natalis
1298 765 1482 822 reliquit
1511 765 1559 809 in
1581 766 1851 809 instructio—

210 845 347 889 nibus
366 845 476 900 suis)
493 845 606 888 fiant
626 844 838 888 cubicula
858 843 1064 897 inferius,
1089 844 1217 887 iuxta
1242 843 1427 887 ianuam
1453 842 1638 900 collegii
1660 842 1846 887 inferio-

213 936 327 975 rem,
355 923 565 974 honesta,
589 921 668 965 ubi
700 921 976 978 recipiantur
1010 921 1204 975 externi,
1237 920 1315 977 qui
1349 921 1544 964 ueniunt
1575 920 1847 963 collocuturi

210 1012 318 1042 cum
339 998 523 1052 nostris;
546 999 636 1053 uel,
660 998 700 1042 si
720 998 880 1051 malint
895 999 1189 1043 deambulare
1209 997 1258 1041 in
1279 1013 1402 1051 area,
1427 998 1539 1040 illud
1559 996 1731 1041 licebit.
1758 997 1847 1039 Ita-

210 1089 317 1132 que,
335 1076 487 1131 quoad
507 1076 607 1119 eius
627 1075 726 1119 fieri
746 1076 928 1132 poterit,
954 1075 1126 1120 uitetur
1142 1090 1200 1118 ne
1217 1074 1404 1118 ueniant
1420 1074 1599 1119 externi
1616 1073 1737 1117 intra
1754 1075 1851 1116 col-

212 1152 403 1210 legium:
433 1154 556 1209 quod
584 1152 622 1197 si
649 1153 855 1206 ueniant,
884 1141 1036 1196 tamen
1065 1152 1267 1197 detineat
1293 1160 1423 1196 extra
1452 1152 1635 1195 ianuam
1666 1151 1848 1208 collegii

217 1229 416 1274 famulos
450 1229 630 1274 ianitor.
661 1231 765 1274 Hoc
800 1215 936 1274 etiam
964 1229 1236 1286 intelligitur
1261 1230 1320 1272 de
1351 1230 1544 1273 Occhoa
1571 1229 1605 1281 ⁴,
1638 1236 1684 1271 et
1712 1228 1851 1271 debet

217 1306 391 1352 seruari
411 1307 470 1350 ab
490 1306 703 1350 omnibus
723 1306 992 1361 incomodis‚
1016 1314 1063 1351 et
1084 1314 1236 1350 tamen
1258 1321 1363 1350 cum
1387 1305 1731 1351 edificatione...

302 1383 459 1428 Nostri
481 1385 689 1428 rhetores
709 1385 796 1427 hoc
818 1383 955 1428 etiam
976 1383 1132 1427 futuro
1154 1398 1274 1427 anno
1295 1383 1618 1435 contineantur
1639 1382 1687 1425 in
1705 1383 1854 1427 classe

217 1460 486 1513 rhetoriceS,
511 1467 827 1518 praeterquam
855 1459 1095 1505 Winzerer
1118 1461 1150 1513 ⁵,
1180 1460 1258 1517 qui
1286 1468 1332 1505 et
1358 1460 1477 1504 satis
1496 1460 1575 1503 diu
1603 1458 1782 1503 audiuit
1806 1466 1856 1502 et

218 1536 403 1582 uidetur
429 1552 523 1581 non
549 1551 650 1582 esse
677 1538 791 1582 adeo
819 1545 969 1594 aptuS,
999 1537 1077 1594 qui
1107 1551 1213 1581 cum
1241 1538 1359 1594 Spes
1396 1539 1412 1560 ⁶
1444 1537 1609 1594 poterit
1639 1536 1861 1580 inchoare

218 1627 404 1658 cursum
425 1614 471 1657 in
488 1615 575 1658 hac
588 1615 710 1671 lege,
728 1629 821 1657 non
839 1622 889 1658 ut
905 1610 1039 1671 Spe's,
1057 1622 1104 1658 et
1120 1615 1276 1658 audiat
1296 1614 1608 1658 confessiones
1627 1621 1678 1657 ut
1699 1621 1861 1665 antea,

218 1698 267 1735 et
292 1690 593 1735 concionetur
617 1690 752 1744 italis,
783 1693 859 1735 uel
889 1692 1014 1748 legat
1040 1688 1292 1735 doctrinam
1329 1691 1646 1743 christianam,
1677 1690 1855 1734 etiamsi
1922 1722 1928 1726 .

218 1767 439 1812 iacturam
455 1768 515 1811 sit
531 1768 735 1812 facturus
750 1761 942 1812 alicuius
957 1769 1165 1812 lectionis
1180 1776 1260 1813 aut
1274 1768 1430 1823 studii,
1447 1769 1523 1812 uel
1540 1767 1861 1825 philosophiae

224 1845 299 1891 uel
314 1845 588 1902 theologiae.

310 1922 444 1978 Quae
460 1929 568 1965 sunt
588 1921 636 1966 in
657 1923 798 1966 choro
818 1923 987 1975 sacelli,
1012 1924 1135 1979 quod
1156 1930 1227 1968 est
1247 1922 1294 1966 in
1322 1923 1512 1978 ambitu,
1539 1929 1822 1979 reponantur
1844 1929 1865 1948 ἃ

293 2078 313 2096 ⁸
335 2070 375 2104 et
391 2071 644 2116 reponantur
657 2080 746 2116 ms.;
765 2067 837 2104 sed
853 2068 1091 2116 superfluum
1109 2068 1265 2108 videtur
1278 2072 1328 2105 et.
1345 2069 1535 2105 Similiter
1549 2061 1789 2116 superfluum
1807 2069 1867 2104 vi-

222 2126 340 2164 detur
354 2128 521 2164 alterum
538 2131 576 2164 et
591 2129 707 2176 paulo
724 2127 887 2164 inferius
904 2133 996 2164 ante
1013 2140 1299 2176 quaecumque.

226 2263 330 2295 tus.»
346 2259 391 2294 In
408 2260 532 2295 altero
549 2265 681 2295 autem
703 2259 883 2306 catalogo
905 2260 1003 2295 haee
1025 2258 1076 2294 de
1100 2258 1239 2295 eodem
1263 2260 1471 2296 habentur:
1498 2261 1575 2297 «M.
1600 2259 1869 2306 XVolfgangus

224 2317 452 2365 Pijrringer,
470 2318 703 2365 labacensis,
722 2319 806 2365 agit
822 2324 1116 2366 praeceptorem
1133 2320 1363 2366 rhetorices,
1380 2321 1487 2366 leget
1500 2331 1655 2366 graeca.
1671 2320 1742 2355 Est
1757 2330 1868 2364 prae—

226 2377 355 2414 fectus
377 2375 522 2414 chori.»
548 2377 611 2414 cf.
638 2378 971 2423 SoumznvOGEL,
998 2378 1069 2414 Les
1083 2378 1256 2425 je'sm'tes
1280 2380 1329 2415 de
1354 2380 1480 2415 Rome
1508 2382 1545 2415 et
1570 2380 1618 2415 de
1654 2380 1865 2419 Vienne...‚

226 2448 318 2484 pag.
335 2438 401 2482 1.⁸,
419 2439 495 2474 col.
514 2438 570 2472 2.⁸
584 2438 753 2484 catalogi
766 2438 1007 2485 viennensis,
1024 2438 1093 2474 ubi
1108 2444 1258 2474 tantum
1271 2439 1370 2475 haec
1382 2439 1578 2476 dicuntur:
1595 2439 1662 2476 «P.
1680 2437 1870 2484 Volfgan-

226 2507 303 2542 gus
328 2496 508 2543 Pirigner
525 2497 613 2543 [sic]
629 2497 895 2543 concionator,
915 2497 1185 2535 Austriaeus.»

300 2557 312 2575 ¹
362 2554 634 2592 Ferdinandus
649 2556 686 2592 1.

298 2617 315 2638 ²
363 2615 408 2652 P.
422 2617 595 2662 Joannes
612 2615 801 2662 Victoria,
818 2615 886 2663 qui
908 2616 1169 2664 procuratoris
1195 2616 1420 2664 provinciae
1445 2628 1605 2651 munere
1629 2615 1870 2661 fungebatur

230 2674 502 2714 Vindobonae.

300 2734 318 2755 ⁸
365 2734 410 2771 P.
429 2733 613 2770 Nicolaus
631 2733 801 2770 Lanoius
819 2735 1043 2782 (Delanoy).

299 2794 317 2815 ⁴
365 2793 426 2828 De
443 2804 491 2828 eo
506 2792 559 2830 cf.
579 2793 710 2840 Epist.
729 2794 779 2829 P.
795 2793 947 2834 Nadal,
965 2794 1019 2839 11,
1036 2794 1212 2839 474-476.

303 2853 320 2874 ⁵
367 2850 414 2888 In
429 2853 608 2898 catalogo
626 2852 911 2888 vindobonensi
934 2852 1026 2888 anni
1048 2852 1134 2897 1561
1154 2853 1321 2888 habetur
1338 2852 1440 2887 inter
1455 2851 1631 2886 rhetores
1650 2856 1689 2885 et
1706 2861 1869 2895 graecos

232 2910 423 2947 &Ioannes
437 2911 656 2957 Winzerer,
675 2913 882 2947 bauarus.»
901 2913 1038 2947 Est-ne
1056 2911 1160 2946 idem
1173 2911 1240 2958 qui
1256 2911 1319 2946 hic
1338 2923 1359 2945 a
1378 2909 1507 2944 Natali
1525 2908 1873 2944 commemoratur?-

232 2969 294 3004 Ita
309 2969 466 3005 videtur
480 2969 563 3005 erui
581 2981 698 3017 posse
716 2982 766 3005 ex
783 2981 843 3014 e0,
862 2970 965 3017 quod
982 2970 1038 3006 ait
1055 2970 1206 3006 Natalis
1225 2970 1343 3005 «satis
1363 2969 1430 3003 diu
1448 2968 1635 3003 audiuitn.
1657 2967 1771 3004 Unde
1785 2979 1869 3003 cre-

231 3027 404 3064 dendum
421 3034 482 3064 est
498 3029 611 3065 annis
632 3030 718 3073 1561
740 3034 781 3065 et
801 3030 892 3073 1562
909 3029 1127 3064 rhetoricae
1145 3040 1302 3076 operam
1323 3039 1502 3063 navasse.

305 3088 321 3109 ⁸
369 3086 533 3123 Michael
553 3087 666 3134 Spes,
683 3087 733 3122 de
750 3098 827 3134 quo
845 3086 935 3122 vide
957 3087 1084 3134 Epist.
1107 3088 1154 3122 P.
1176 3087 1326 3127 Naclal‚
1347 3086 1397 3130 11,
1417 3087 1500 3130 460,
1523 3083 1607 3128 523.
