2098 3470
290 266 359 313 434
761 269 916 307 PATffls
941 269 1186 306 HmRoNYm
1211 269 1363 304 NADAL

246 383 327 424 pro
348 368 529 412 leuibus
550 369 820 422 defectibus,
839 369 1235 423 extraordinarias,
1256 370 1327 412 vel
1345 377 1527 426 propter
1543 371 1779 427 grauiores
1794 374 1872 418 de-

243 446 407 497 fectus,
434 459 526 488 non
547 445 712 501 poterit
734 446 994 490 inconsulto
1015 454 1192 491 rectore
1213 446 1336 490 dare.

331 522 540 565 Minister
571 530 807 579 reputatur
843 524 1049 580 superior
1084 537 1183 567 esse
1215 523 1260 565 in
1293 523 1503 580 collegio,
1543 531 1589 567 et
1621 539 1778 570 omnes
1810 526 1874 569 illi

242 600 518 652 subduntur,
539 599 674 643 etiarn
697 601 955 644 sacerdotes
976 608 1021 643 et
1043 600 1248 656 professi.

332 677 625 729 Procurator,
661 678 917 733 praefectus
946 677 1216 729 studiorum,
1251 677 1530 730 confessarii,
1571 679 1871 734 professores»,

242 753 587 798 concionatores
608 762 742 796 erunt
765 753 946 810 quidem
969 754 1015 796 in
1035 753 1289 808 obedientia
1306 754 1515 808 ministri,
1537 762 1585 797 vt
1601 755 1750 799 vnitas
1766 757 1874 801 obe·
1935 811 1937 813 ι

241 830 438 874 dientiae
477 831 762 884 obseruetur;
803 833 884 874 sed
915 831 1141 887 intelligat
1173 830 1378 875 minister
1413 830 1500 874 illis
1537 847 1586 875 se
1617 846 1710 875 non
1741 847 1874 888 posse

242 907 485 963 quicquam
507 907 818 964 praescribere
839 909 885 950 in
908 908 994 960 his,
1020 923 1135 964 quae
1157 908 1338 964 proprie
1355 910 1412 951 ad
1429 923 1586 953 eorum
1605 909 1757 952 officia
1773 923 1871 966 spe-

240 990 382 1036 ctant,
410 984 465 1029 ΙῚΙ
489 984 576 1028 nisi
604 1000 660 1028 ex
689 985 870 1028 nomine
898 993 943 1028 et
971 999 1185 1040 expressa
1213 984 1484 1028 comissione
1511 971 1772 1043 superioris.
1803 986 1871 1030 Illi

242 1068 394 1103 autem
423 1076 582 1106 omnes
602 1062 786 1106 obedire
817 1063 1066 1114 debebunt3
1099 1061 1137 1104 si
1165 1061 1274 1117 quid
1303 1070 1454 1106 tamen
1478 1062 1733 1106 iudicarent
1754 1064 1870 1107 refe-

240 1139 432 1181 rendum
453 1139 511 1181 ad
533 1139 827 1196 superiorem,
848 1139 893 1182 id
915 1139 1055 1183 libere
1077 1136 1306 1194 poterunt.

330 1215 541 1260 Minister
561 1216 714 1272 itaque
735 1217 909 1259 nullum
933 1223 1101 1259 statum
1129 1223 1175 1259 et
1203 1223 1377 1260 certum
1406 1217 1608 1260 officium
1636 1216 1759 1260 aliud
1787 1218 1871 1262 ha-

242 1293 383 1346 bebit,
409 1307 544 1348 quam
567 1300 616 1335 vt
638 1309 687 1338 se
709 1294 932 1350 intelligat
956 1308 1056 1337 esse
1078 1293 1269 1337 rectoris
1283 1295 1539 1350 organum,
1573 1295 1631 1336 ad
1653 1309 1722 1346 ea,
1753 1309 1871 1350 quae

242 1370 530 1426 peculiariter
553 1370 615 1412 illi
637 1370 904 1426 praescribit
926 1378 1089 1422 rector,
1117 1371 1188 1415 vel
1210 1370 1345 1415 etiam
1368 1370 1406 1412 si
1434 1371 1554 1413 volet
1582 1370 1871 1427 superinten-

238 1448 365 1490 dens.
395 1447 613 1491 Officium
635 1463 744 1491 vero
766 1448 959 1503 accipiat
981 1462 1115 1490 suurn
1138 1447 1289 1504 quiuis
1310 1447 1516 1492 minister
1537 1463 1563 1491 a
1584 1462 1668 1492 suo
1695 1455 1874 1513 rectore⁸

237 1526 309 1568 vel
331 1525 437 1567 viua
459 1539 587 1578 voce,
614 1526 685 1568 vel
707 1524 841 1569 etiam
861 1525 1047 1581 script03
1067 1526 1149 1569 sed
1166 1526 1291 1580 quod
1307 1540 1425 1568 vnus
1441 1525 1645 1568 minister
1660 1514 1877 1582 accipiet,¹

237 1617 328 1645 non
349 1602 605 1646 subseruiet
627 1602 879 1646 successori
902 1602 1125 1655 ministro,
1146 1602 1231 1645 nisi
1249 1617 1276 1645 a
1292 1611 1471 1646 rectore
1493 1603 1805 1656 confirmetur,
1824 1611 1870 1647 et

235 1679 365 1735 quasi
388 1694 560 1722 nouum
585 1681 804 1732 tradatur,
830 1679 1058 1722 adiunctis
1080 1693 1132 1723 ac
1154 1680 1371 1724 detractis
1393 1694 1510 1734 quae
1530 1680 1668 1723 volet.

324 1840 397 1884 172
759 1854 877 1884 vsus
901 1854 1080 1885 OFFICII
1106 1854 1418 1884 SUBMINISTRI

324 1988 630 2034 Subminister
652 1995 890 2044 propterea
912 1995 998 2040 est,
1031 1995 1077 2032 et
1106 1987 1287 2040 dicitur,
1319 1988 1445 2043 quod
1471 1987 1530 2030 sit
1557 1987 1867 2032 immediatum

233 2067 587 2109 instrumentum
609 2065 804 2108 ministri
826 2066 883 2107 ad
905 2079 978 2108 res
1000 2064 1297 2121 particulares
1318 2064 1569 2116 obeundas,
1600 2071 1736 2120 atque
1762 2077 1867 2108 exe-

233 2144 405 2187 cutioni
429 2144 724 2187 mandandas.

321 2220 626 2266 Subminister
649 2220 790 2276 igitur
812 2219 873 2263 nil
896 2234 976 2275 per
999 2234 1048 2262 se
1070 2219 1264 2271 ordinat,
1284 2220 1365 2262 sed
1382 2225 1558 2266 tantum
1575 2226 1866 2275 est-exequu-

234 2306 303 2342 tor
318 2313 486 2350 rerum,
512 2312 628 2353 quae
650 2296 734 2353 ipsi
751 2304 859 2339 sunt
881 2296 1174 2352 praescripta,
1195 2297 1268 2339 vel
1285 2296 1332 2338 in
1348 2310 1518 2352 genere
1538 2297 1612 2339 vel
1627 2296 1675 2338 in
1695 2296 1863 2352 specie,

230 2382 276 2419 et
287 2382 472 2418 exactor
489 2373 719 2417 actionum
733 2373 1099 2426 domesticarum,
1113 2372 1372 2427 iuxtaquod
1389 2372 1475 2415 scit
1491 2387 1591 2415 esse
1609 2371 1867 2416 ordinatum

233 2468 259 2495 a
280 2452 375 2495 suis
396 2450 722 2508 superioribus.

321 2530 402 2572 Est
425 2528 524 2573 eius
545 2526 791 2584 praecipua
813 2540 937 2579 cura,
963 2533 1027 2579 vt,
1059 2541 1177 2582 quae
1198 2526 1393 2569 attinent
1421 2526 1478 2568 ad
1499 2525 1714 2578 culinam,
1748 2526 1864 2570 refe·

231 2605 443 2658 ctorium,
461 2619 600 2661 penu,
620 2603 779 2648 cellam
798 2602 1034 2655 vinariam,
1056 2603 1215 2646 cellam
1233 2602 1480 2657 aquariam,
1500 2603 1619 2646 bene
1639 2608 1686 2645 et
1707 2592 1866 2645 ordine

231 2691 276 2725 et
300 2691 503 2740 tempore
524 2696 608 2725 suo
634 2680 726 2724 sint
754 2688 925 2736 parata,
959 2687 1007 2722 vt
1034 2680 1246 2723 cubicula
1276 2679 1368 2722 sint
1395 2680 1612 2723 decenter
1639 2678 1862 2731 ordinata,

229 2767 278 2802 vt
300 2775 358 2803 ne
380 2766 608 2815 vagentur
630 2772 709 2814 per
731 2757 975 2813 collegium
996 2759 1176 2810 fratres,
1202 2757 1274 2801 vel
1305 2757 1621 2811 colloquantur
1641 2755 1866 2812 intempe-

229 2836 364 2881 stiue.
393 2836 618 2880 Breuiter:
643 2843 692 2877 vt
715 2834 1027 2889 vnusquisque
1050 2841 1257 2878 versetur
1279 2833 1326 2876 in
1348 2847 1433 2876 suo
1454 2833 1625 2876 officio.

321 2914 394 2958 173
416 2914 601 2958 Referet
622 2913 679 2957 de
701 2911 912 2954 omnibus
933 2912 1072 2954 rebus
1093 2912 1149 2954 ad
1173 2910 1429 2963 ministrum
1446 2910 1684 2953 ordinarie.

317 2992 500 3035 Nullam
522 2989 648 3033 dabit
670 2987 996 3045 poenitentiam
1021 3003 1077 3032 ex
1100 2987 1269 3040 officio,
1290 2988 1370 3031 sed
1392 2989 1449 3031 de
1471 2986 1727 3032 defectibus
1744 2988 1864 3032 refe-

235 3075 302 3112 ret
322 3069 379 3111 ad
403 3067 676 3110 ministrum.
1631 3070 1635 3072 ’
1662 3072 1671 3077 ’Χ
