2098 3470
344 292 416 329 770
921 287 1058 324 EPJST.
1085 287 1130 323 P.
1158 287 1309 323 NADAL

301 401 384 442 por
405 387 615 431 instituto
641 387 851 444 primero,
875 404 904 445 y
926 404 976 433 es
998 390 1040 433 13
1063 389 1257 446 primera
1278 391 1461 446 palabra
1483 406 1572 447 que
1594 407 1643 436 se
1665 392 1760 437 dise
1789 408 1844 437 en
1868 395 1932 438 las

301 463 448 506 bullas
465 479 493 520 y
510 465 552 506 la
570 465 910 510 confirmacion:
932 481 1021 522 que
1042 481 1090 509 es
1110 466 1392 522 potissimum
1416 467 1673 512 institutum
1694 470 1933 515 Societatis

308 541 391 583 «ad
414 541 727 584 defensionem
750 542 880 586 fidei»
907 551 994 587 etc.
1021 559 1049 598 y
1072 558 1128 587 en
1152 552 1252 587 esto
1275 559 1358 587 nos
1388 549 1516 588 terna
1545 547 1602 590 V.
1636 547 1686 592 S.
1721 548 1829 590 ΚΜ
1857 562 1938 604 por

304 632 414 673 muy
436 618 731 662 afficionados
753 618 940 672 siervos‚
967 634 1097 663 como
1121 620 1313 677 siempre
1336 636 1518 666 avernos
1540 622 1655 675 sido,
1682 638 1811 667 como
1834 639 1892 680 yo
1909 639 1935 668 e

304 695 546 738 declarado
569 699 593 738 a
616 697 673 739 V.
700 697 748 741 S.
777 698 884 740 R.¹¹¹‘²
905 712 961 740 en
987 698 1159 740 Toledo
1187 695 1212 740 ¹.

392 773 432 814 A
483 776 631 829 tergo,
676 774 862 817 Natalis
911 790 1076 818 mmm.
1115 780 1164 814 Τὰ
1198 787 1257 824 τῆς
1298 781 1445 825 Σπανὶας
1481 783 1665 830 πράγματα
1695 785 1767 830 περὶ
1800 784 1927 831 Πατρὸς

303 848 523 895 Φρανκὶσκου
547 849 705 897 Βοργῐου.

1085 946 1165 989 ἰο

622 1007 626 1011 “
665 1024 716 1065 Ρ.
759 1012 1227 1067 H1ERoNYM'Us
1267 1024 1578 1068 NATALIS

956 1112 1114 1146 PATRI
1141 1111 1193 1146 N.
1227 1112 1280 1148 N.

837 1197 970 1235 ROMA,
988 1197 1009 1233 7
1029 1196 1238 1224 ocrossms
1259 1189 1349 1234 1568
1367 1190 1394 1224 ².

357 1271 415 1306 De
432 1273 626 1306 conventu
645 1274 875 1318 augustano
893 1275 929 1307 et
949 1271 1095 1306 ultima
1114 1271 1276 1307 Natalis
1291 1273 1597 1317 provinciarum
1616 1272 1879 1318 Germaniae,

744 1330 968 1366 Flandriae
987 1333 1023 1366 et
1045 1330 1208 1366 Galliae
1227 1330 1485 1367 lustratione.

1054 1415 1189 1507 Jhiis.

391 1545 481 1587 Por
505 1544 687 1588 ocasiOn
710 1546 766 1588 de
788 1546 831 1587 10
854 1559 942 1600 que
972 1547 1032 1588 V.
1072 1547 1126 1589 R.
1161 1560 1232 1589 me
1260 1545 1363 1601 pide
1391 1546 1433 1588 le
1465 1545 1669 1589 escreuia
1696 1554 1714 1571 ὃ
1743 1546 1938 1602 algunas

299 1636 476 1666 nueuas
497 1623 554 1665 de
577 1623 618 1665 la
640 1622 761 1666 dieta
777 1623 834 1664 de
858 1624 1072 1678 Augusta
1089 1638 1118 1678 y
1136 1623 1192 1666 de
1209 1623 1251 1664 13
1268 1622 1458 1678 religion
1478 1636 1535 1665 en
1552 1622 1807 1675 Alemania‚
1829 1624 1937 1666 hare

299 1702 403 1754 aqui
429 1714 485 1741 vn
511 1699 718 1742 discurso
740 1700 868 1742 desta
891 1699 950 1741 mi
973 1699 1130 1742 Vltima
1158 1698 1502 1755 peregrinacion
1526 1703 1550 1742 a
1579 1699 1724 1756 gloria
1752 1699 1827 1743 del
1856 1700 1937 1744 Se-

299 1782 399 1828 fior,
424 1777 651 1832 creyendo
670 1790 757 1831 que
779 1776 979 1819 tambien
1002 1780 1101 1820 sera
1124 1790 1229 1819 cosa
1252 1782 1382 1831 grata
1405 1780 1430 1818 a
1453 1777 1509 1819 V.
1532 1777 1587 1820 R.
1607 1790 1637 1831 y
1654 1776 1765 1819 alos
1783 1777 1939 1818 demas

302 1854 476 1897 Padres
498 1868 527 1909 y
549 1854 809 1898 hermanos.

387 1929 603 1973 Acabada
635 1930 677 1973 la
708 1929 865 1972 vltima
896 1930 1234 1986 congregaciOn
1267 1931 1450 1986 general
1482 1945 1511 1986 y
1549 1929 1728 1986 partido
1762 1931 1820 1974 V.
1859 1931 1934 1981 R„

298 2008 540 2063 quedando
568 2022 628 2062 yo
658 2006 728 2050 sin
757 2006 1005 2063 ocupacion
1029 2008 1086 2051 de
1114 2007 1263 2050 officio
1291 2007 1480 2062 algun0‚
1511 2021 1583 2051 me
1612 2010 1714 2050 auia
1742 2006 1936 2050 retirado

368 2154 385 2171 a
436 2143 502 2178 Sic
522 2154 591 2190 pro
609 2143 773 2179 escriba.

370 2263 379 2283 ¹
433 2262 534 2298 Vide
555 2262 683 2309 Epist.
705 2262 755 2296 P.
775 2260 926 2301 Nadab,
948 2261 977 2304 I,
995 2270 1078 2305 424.

366 2325 380 2344 ‘²
432 2322 491 2357 Ex
511 2327 770 2368 transumpto,
788 2319 836 2355 ad
855 2332 924 2355 nos
942 2320 1064 2355 Roma
1083 2331 1105 2355 a
1129 2321 1177 2356 P.
1207 2319 1563 2364 Tacchi·Venturi‚
1582 2319 1623 2357 S.
1645 2320 1699 2366 J.‚
1719 2319 1851 2356 misso.
1877 2320 1939 2356 In-

297 2386 459 2417 ventum
480 2386 540 2415 est
559 2381 631 2415 hoe
650 2384 945 2415 monumentum
964 2390 1052 2413 cum
1071 2378 1411 2425 praecedentibus,
1427 2379 1501 2414 sub
1519 2378 1692 2414 numeris
1705 2389 1768 2423 4-9
1781 2378 1934 2425 positis,

296 2453 319 2477 a
343 2442 388 2478 P.
413 2440 661 2476 Ferdinando
683 2440 888 2485 Tournier,
915 2439 955 2475 S.
976 2440 1012 2484 J.
1039 2439 1078 2475 in
1103 2450 1261 2475 romano
1285 2440 1443 2475 archivo
1468 2445 1593 2475 status
1613 2439 1754 2475 «Carte
1779 2439 1935 2475 Gesuit.

295 2500 479 2546 Collegii.
500 2501 626 2535 Pacco
644 2500 727 2535 208.
748 2499 903 2546 Spagna
923 2510 943 2533 e
963 2499 1102 2534 Nuova
1121 2499 1316 2546 Spagna.»
1335 2499 1393 2534 Ex
1412 2498 1685 2545 frequentibus
1699 2497 1937 2534 emendatio-

296 2559 428 2604 nibus,
448 2571 548 2606 quae
567 2559 607 2594 in
624 2569 782 2594 romano
801 2558 982 2603 exemplo
1001 2557 1308 2604 conspiciuntur,
1327 2557 1598 2592 existimamus
1616 2558 1692 2592 hoc
1705 2556 1800 2592 nihil
1815 2555 1934 2607 aliud,

298 2632 414 2668 quam
434 2619 557 2667 prima
574 2619 796 2655 adversaria
815 2631 917 2662 esse,
937 2631 985 2654 ex
1004 2619 1145 2666 quibus
1163 2620 1433 2665 archetypum,
1454 2617 1493 2653 in
1511 2617 1738 2664 Hispaniam
1758 2629 1780 2652 a
1805 2616 1936 2652 Natali

296 2679 553 2726 probabiliter
571 2678 749 2723 missum,
767 2677 1017 2724 desumptum
1036 2678 1125 2716 fuit.
1145 2678 1254 2713 Haec
1271 2683 1402 2712 autern
1417 2676 1640 2712 adversaria
1658 2684 1678 2721 5
1693 2675 1797 2712 foliis
1810 2676 1935 2711 coale-

295 2744 422 2783 scunt,
451 2739 616 2774 etrhanc
646 2749 668 2773 a
698 2743 809 2783 tergo
835 2736 1126 2784 inscriptionem
1152 2737 1317 2772 habent:
1352 2735 1508 2772 Ultima
1528 2735 1841 2782 peregrinacidn
1871 2735 1936 2770 del

297 2798 351 2833 P.
375 2797 527 2833 Nadal.
556 2798 669 2844 Quae
694 2795 758 2832 hic
784 2807 806 2831 a
831 2796 959 2831 Natali
986 2801 1213 2831 enarrantur
1244 2806 1383 2841 magna
1409 2806 1458 2830 ex
1488 2799 1596 2841 parte
1622 2793 1869 2841 reperiuntur
1894 2793 1935 2828 in

295 2856 474 2904 epistolis
494 2855 670 2902 ejusdem
697 2856 744 2891 P.
769 2855 931 2901 Natalis,
962 2857 1039 2891 vol.
1067 2855 1136 2901 ΙΙΙ,
1163 2865 1279 2901 pagg.
1311 2854 1432 2899 1-640.
1460 2851 1624 2890 Cuinar'n
1650 2853 1747 2888 haec
1770 2852 1935 2899 epistola

295 2915 385 2951 data
410 2915 543 2962 fuerit,
563 2926 640 2950 non
658 2919 825 2950 constat.
846 2914 947 2949 Illud
973 2920 1124 2950 tanturn
1151 2913 1190 2949 in
1217 2913 1320 2949 illius
1346 2912 1458 2948 initio
1483 2911 1672 2958 innuitur,
1699 2911 1868 2957 Patrem,
1885 2911 1935 2946 ad

293 2986 411 3023 quem
431 2975 550 3010 missa
567 2974 656 3021 fuit,
681 2974 828 3009 Romae
847 2973 1042 3009 secundae
1059 2972 1353 3019 congregationi
1377 2971 1553 3018 generali
1577 2970 1814 3007 interfuisse.
1834 2969 1934 3006 Cum

296 3038 427 3069 autern
446 3033 647 3080 hispanice
667 3033 811 3079 scripta
829 3032 894 3078 sit,
914 3032 1152 3067 credendum
1170 3038 1231 3067 est
1254 3030 1370 3067 alicui
1388 3042 1438 3066 ex
1463 3030 1675 3077 Hispaniae
1699 3029 1934 3065 electoribus

294 3093 520 3139 inscriptam
538 3092 675 3138 fuisse,
695 3091 775 3139 qui,
796 3092 975 3127 absoluta
994 3090 1315 3137 congregatione,
1334 3090 1373 3126 in
1392 3089 1621 3136 Hispaniam
1637 3087 1807 3135 regressi
1825 3093 1931 3125 sunt.
