2098 3470
281 243 353 289 646
754 244 909 281 PATms
935 238 1179 281 HIERONYMl
1204 245 1356 281 NADAL

326 347 422 389 Rex
454 345 593 388 habet
624 346 739 389 duos
765 345 897 389 filios:
933 360 1074 388 vnum
1107 345 1244 389 mittit
1277 347 1333 389 ad
1366 361 1541 389 summa
1574 347 1774 403 negotia,
1811 349 1868 392 ad

236 422 356 467 bella
377 420 639 476 difficillima,
664 422 800 466 alium
823 423 962 466 habet
992 436 1150 466 secum
1180 421 1225 464 in
1255 437 1427 467 mensa:
1460 423 1534 467 ille
1557 422 1703 466 maius
1730 424 1868 467 habet

239 498 486 554 repositum
510 498 774 554 praemium.
806 501 872 542 Ita
899 507 967 543 est
997 498 1073 554 qui
1103 498 1360 542 actionibus
1392 507 1601 543 uersatur
1633 499 1869 543 charitatis

238 589 291 618 ac
313 574 483 627 arduis,
507 589 614 631 prae
647 575 1026 631 contemplatiuis.
1065 575 1203 618 Visus
1230 582 1299 618 est
1334 578 1419 618 hoc
1448 576 1615 619 dixisse
1644 592 1700 621 ex
1731 592 1869 622 sensu

238 651 461 703 interiori,
487 652 567 696 sed
589 666 678 708 ego
699 653 785 695 hoc
815 652 917 694 loco
946 651 1152 708 intelligo
1180 651 1375 695 actiuam
1408 652 1544 695 uitam
1574 653 1867 708 superiorem,

239 730 296 772 de
319 743 406 785 qua
430 728 541 772 alias
561 737 580 755 ⁸
605 731 631 775 ¹,

330 810 442 853 272v
464 806 629 850 Nullus
651 813 719 849 est
741 805 786 848 in
810 808 895 849 hac
916 807 1068 857 domo,
1093 805 1139 848 in
1161 821 1254 862 quo
1282 806 1562 851 considerem
1586 813 1656 850 tot
1688 816 1873 863 peccata

242 889 355 938 quot
378 882 425 925 in
446 896 519 925 me
539 881 575 927 b.

335 960 585 1004 Poenitens
607 966 676 1004 est
698 959 998 1012 inducendus,
1027 966 1075 1002 ut
1098 974 1147 1004 se
1168 967 1213 1002 et
1235 975 1318 1003 sua
1346 960 1497 1003 omnia
1526 961 1626 1003 Deo
1654 960 1870 1016 resignet,

244 1044 290 1081 et
313 1051 363 1081 se
384 1036 611 1081 existimet
633 1036 762 1092 quasi
784 1044 903 1081 esset
925 1038 1121 1079 frustum
1143 1036 1263 1080 niuis
1283 1052 1308 1080 e
1330 1038 1457 1080 coelo
1485 1037 1727 1090 deiectum;
1755 1038 1875 1092 quod

246 1113 283 1157 si
306 1113 365 1158 sit
387 1113 614 1170 princeps,
638 1121 684 1157 et
706 1128 917 1170 magnam
939 1114 1103 1158 habeat
1128 1113 1359 1168 familiam,
1379 1115 1516 1158 debet
1531 1115 1698 1158 habere
1715 1128 1876 1158 censo-

246 1204 359 1242 rem,
381 1190 459 1246 qui
475 1205 581 1235 eum
600 1191 758 1233 reddat
777 1189 1015 1234 certiorem
1032 1190 1089 1233 de
1112 1190 1248 1233 rebus
1265 1190 1492 1243 omnibus,
1513 1191 1646 1234 etiam
1671 1190 1880 1244 minutis,

247 1275 298 1311 ut
323 1267 498 1310 nullum
522 1267 643 1310 domi
666 1268 848 1320 habeat,
873 1267 950 1322 qui
971 1266 1216 1310 Dominum
1242 1269 1459 1312 offendat.

335 1349 445 1391 273¹·
466 1345 599 1387 Daua
622 1359 684 1386 un
706 1343 914 1399 exemplo
935 1347 960 1385 a
988 1358 1078 1386 vno
1101 1358 1189 1399 que
1217 1345 1399 1387 dudaua
1427 1345 1623 1400 despues
1649 1344 1706 1387 de
1734 1346 1876 1388 hauer

249 1422 438 1465 entrado
461 1436 517 1466 en
539 1421 584 1464 13
605 1421 855 1476 Compafiia
876 1436 904 1477 y
926 1421 1297 1476 aprouechadose
1319 1436 1374 1465 en
1398 1422 1500 1474 ella,
1532 1421 1570 1464 si
1599 1424 1794 1465 entraria
1821 1435 1878 1465 en

249 1506 362 1552 otra3
389 1512 478 1554 que
500 1497 539 1540 si
559 1496 763 1554 supiesse
786 1511 878 1540 uno
899 1511 988 1552 que
1011 1498 1159 1553 puede
1187 1498 1330 1540 1131131
1359 1510 1408 1540 10
1431 1499 1556 1541 balas
1577 1498 1634 1540 de
1656 1504 1673 1523 ⁰
1694 1511 1789 1549 oro,
1815 1498 1880 1540 las

250 1575 410 1631 quales
430 1578 561 1618 estan
583 1573 852 1617 escondidas
880 1574 1056 1618 debaxo
1089 1573 1240 1626 tierra,
1274 1573 1311 1617 si
1344 1575 1411 1617 las
1443 1575 1635 1619 buscare
1666 1588 1754 1617 con
1782 1573 1886 1616 dili-

253 1650 432 1709 gencia,
462 1665 492 1707 y
520 1657 617 1695 este
649 1650 865 1694 huuiesse
887 1651 1079 1695 entrado
1101 1665 1159 1694 en
1188 1665 1281 1693 vna
1303 1650 1493 1704 stanzia,
1529 1666 1557 1706 y
1588 1651 1822 1694 buscando
1853 1666 1883 1706 y

255 1728 492 1785 fatigando
514 1743 572 1772 en
594 1728 680 1771 ella
701 1727 915 1771 huuiesse
937 1728 1118 1780 hallado
1146 1742 1203 1771 en
1236 1729 1369 1783 aquel
1401 1728 1533 1784 lugat
1565 1727 1679 1772 siete
1711 1731 1739 1770 ό
1770 1729 1893 1770 ocho*

257 1806 413 1854 dellas,
438 1805 609 1861 gd6nde
630 1806 787 1847 habria
808 1805 864 1847 de
893 1818 1048 1860 sperar
1069 1806 1125 1848 de
1148 1805 1260 1848 allar
1280 1805 1347 1847 las
1369 1812 1490 1848 otras
1513 1819 1601 1860 que
1622 1805 1666 1848 le
1687 1805 1884 1860 quedan,

258 1882 400 1926 meior
422 1896 511 1938 que
533 1882 683 1924 donde
705 1883 763 1925 ha
786 1882 965 1924 hallado
987 1875 1052 1925 las
1074 1883 1215 1926 otras?
1237 1888 1326 1925 etc.
1352 1880 1372 1907 ‘¹

259 2001 311 2037 sit
336 2001 559 2037 necessario
582 2001 745 2042 unione,
771 2001 813 2035 in
839 2000 911 2035 illa
933 2002 1062 2046 potest
1086 2001 1285 2047 coniungi
1306 2011 1438 2041 error,
1464 2000 1526 2036 uel
1551 2000 1715 2036 omnino
1729 1999 1893 2046 falsam·

262 2073 343 2098 esse
368 2060 486 2096 illam
512 2059 682 2107 contigit
706 2063 782 2106 per
806 2059 1211 2106 transformationem
1236 2062 1422 2102 satanae;
1447 2059 1522 2101 vel,
1547 2058 1583 2094 si
1607 2069 1688 2094 non
1708 2057 1841 2105 falsa,
1867 2070 1893 2092 a

265 2121 346 2156 Deo
364 2132 444 2156 non
469 2130 561 2160 esse,
581 2122 618 2154 et
642 2119 907 2154 nihilominus
933 2120 1103 2154 excitari
1127 2130 1322 2160 amorem,
1342 2119 1386 2153 in
1412 2130 1487 2164 quo
1513 2130 1592 2153 non
1618 2120 1674 2153 est
1698 2128 1829 2158 error,
1851 2120 1895 2152 ut

260 2180 336 2216 sibi
358 2178 539 2215 arbitror
562 2177 749 2226 contigit,
776 2178 842 2213 cui
857 2177 949 2224 fuit
972 2179 1016 2214 in
1040 2179 1223 2225 imagine
1256 2177 1440 2224 Virginis
1458 2178 1527 2212 lux
1551 2177 1723 2224 copiosa,
1749 2188 1797 2212 ex
1813 2188 1894 2222 qua

262 2238 416 2275 uisione
435 2241 491 2274 tot
509 2238 723 2284 lacrymae,
743 2239 859 2272 tanta
870 2237 961 2283 fuit
986 2237 1220 2273 humiliatio
1245 2237 1462 2280 subsecuta,
1486 2240 1523 2272 et
1549 2239 1685 2271 tamen
1707 2238 1798 2283 post
1814 2238 1895 2270 tres

260 2302 334 2336 aut
356 2301 530 2345 quatuor
553 2298 638 2332 dies
658 2296 845 2345 cognouit
871 2297 1100 2332 illusionem
1119 2296 1266 2344 fuisse.
1292 2297 1402 2332 Haec
1427 2296 1556 2331 omnia
1582 2294 1788 2331 obliterata
1806 2300 1898 2330 sunt

262 2371 284 2394 a
315 2359 424 2404 Nat.‚
454 2362 497 2393 ut
526 2356 694 2394 videtur.
748 2366 812 2383 —a
839 2356 1063 2403 Sequuntur
1093 2355 1133 2391 in
1157 2355 1293 2391 codice
1319 2355 1539 2391 sententiae
1565 2356 1611 2391 B.
1639 2353 1768 2399 Fabri,
1796 2364 1898 2401 quae

263 2417 363 2454 infra
381 2417 532 2461 damus3
551 2416 615 2451 hic
633 2420 763 2450 autem
782 2414 896 2450 simul
921 2415 1064 2460 omnia,
1088 2426 1188 2462 quae
1213 2414 1260 2450 ad
1285 2414 1327 2450 S.
1355 2414 1548 2460 Ignatium
1574 2418 1765 2460 spectant,
1792 2413 1904 2448 colli--

262 2489 357 2524 gere
383 2476 523 2512 melius
547 2475 675 2510 visum
699 2480 774 2519 est,
795 2480 837 2509 ut
861 2485 910 2509 ex
931 2473 1108 2509 foliorum
1132 2474 1333 2510 notatione
1352 2479 1526 2520 apparet.
1578 2474 1645 2500 —b
1670 2473 1775 2508 Ante
1799 2473 1898 2507 hane

263 2537 548 2584 paragraphum
567 2535 663 2570 haec
680 2533 788 2580 prius
806 2533 949 2580 scripta
966 2533 1107 2580 fuerat,
1133 2545 1247 2581 quarn
1274 2534 1364 2571 Nat.
1390 2532 1630 2568 obliteravit:
1656 2532 1714 2567 Ne
1738 2542 1899 2567 moneas

264 2608 340 2638 me,
365 2596 499 2639 Ponti,
516 2594 561 2630 in
579 2593 752 2629 articulo
771 2594 913 2628 mortis
931 2595 978 2629 de
996 2593 1259 2641 vanagloria,
1278 2594 1345 2628 sed
1359 2593 1462 2638 quod
1475 2592 1639 2639 gratias
1652 2594 1688 2627 et
1701 2592 1808 2626 dona
1821 2590 1901 2626 Dei

265 2655 600 2692 conculcauerim.
621 2653 759 2689 Sermo
775 2658 906 2687 autern
925 2652 1067 2698 Ignatii
1085 2652 1134 2688 ad
1151 2653 1196 2687 P.
1217 2652 1400 2687 Pontium
1418 2650 1692 2697 Cogordanum
1716 2654 1812 2685 erat.
1837 2649 1905 2684 Ti·

267 2717 373 2752 tulus
392 2715 431 2750 in
451 2713 639 2760 margine,
660 2712 708 2748 ad
727 2717 847 2748 totam
872 2713 971 2747 hanc
997 2712 1138 2751 seriem
1163 2717 1361 2758 spectans,
1386 2711 1537 2746 Natalis
1562 2721 1678 2746 manu
1701 2714 1901 2754 exaratus,

268 2777 322 2812 ita
345 2776 479 2811 habet:
508 2775 557 2809 P.
583 2775 717 2809 noster
739 2771 940 2820 Ignatius.
993 2782 1055 2799 —c
1081 2773 1191 2808 Haec
1214 2771 1402 2817 particula
1425 2783 1446 2806 a
1472 2771 1563 2807 Nat.
1583 2769 1713 2806 addita
1731 2775 1805 2805 est.
1856 2787 1903 2795 —

270 2837 289 2863 d
315 2836 425 2870 Haec
455 2833 592 2870 ultima
616 2832 878 2879 paragraphus
901 2832 976 2867 alia
1007 2843 1122 2867 manu
1152 2837 1310 2866 exarata
1340 2836 1416 2877 est;
1442 2830 1511 2866 sed
1541 2830 1579 2865 in
1610 2828 1784 2875 margine
1810 2828 1904 2865 Nat.

272 2907 388 2930 manu
406 2895 503 2929 haec
526 2897 715 2928 consueta
741 2895 833 2926 nota
856 2891 1034 2926 habetur:
1055 2891 1140 2931 1.·⁴·=,
1161 2890 1199 2926 id
1218 2896 1292 2937 est,
1319 2890 1522 2937 Ignatius.

348 3000 357 3019 ¹
409 2995 455 3030 Id
472 3000 547 3041 est,
566 2994 689 3030 vitam
706 2993 873 3030 activam
887 3005 975 3029 curn
989 2993 1295 3040 contemplativa
1312 2993 1573 3039 conjunctam,
1589 3003 1660 3028 seu
1673 2991 1793 3027 vitam
1809 2991 1904 3026 mix-

276 3062 367 3099 tam,
387 3055 542 3102 qualem
560 3053 655 3088 alias
673 3052 757 3099 ipse
771 3053 814 3088 P.
832 3052 980 3087 Natalis
999 3052 1196 3098 describit,
1215 3063 1314 3099 quae
1332 3051 1586 3099 proculdubio
1603 3049 1812 3097 perfectior
1829 3053 1904 3084 est.
