2098 3470
835 180 1272 244 ¹lusi-titic'riomzs-61
1756 202 1826 249 373

327 308 468 353 Dabit
489 323 688 366 operam,
721 315 770 351 vt
796 307 844 351 in
872 307 1067 365 singulis
1110 306 1316 364 collegiis
1343 307 1599 350 habeantur
1627 305 1874 362 diplomata

233 386 496 439 Societatis,
519 384 885 438 constitutiones,
910 383 1114 442 regulae,
1138 383 1322 428 decreta
1337 382 1710 439 congregationis
1726 397 1871 439 gene-

233 462 359 516 ralis,
383 461 704 506 instructiones
728 461 878 506 Patris
898 461 1125 519 generalis
1147 468 1193 506 et
1220 459 1517 504 commissarii
1546 467 1591 503 et
1614 459 1871 515 prouincia-

239 538 310 593 lis,
335 539 511 584 etiamsi
532 539 590 582 de
610 540 773 582 horum
795 539 990 582 duorum
1004 538 1147 595 ipsius
1169 537 1255 583 erit
1276 537 1513 589 iudicium,
1533 550 1756 591 quaenam
1781 535 1872 579 sint

230 616 569 660 obseruandae.
1335 622 1339 625 “

312 692 490 737 ‘Videat
511 692 558 735 in
581 693 718 736 rebus
740 691 970 746 omnibus,
1001 707 1060 737 ne
1087 691 1197 748 quid
1218 691 1282 734 ita
1304 690 1444 744 dicat,
1477 690 1550 733 vel
1573 690 1867 746 praescribat,

229 770 365 826 quasi
386 769 499 812 illud
518 784 546 812 a
565 784 615 813 se
636 770 832 826 pendeat
854 769 1131 821 immediate,
1157 775 1203 812 et
1225 783 1320 812 non
1348 767 1669 823 exequendum
1694 774 1739 811 et
1760 767 1870 809 diri-

235 843 439 903 gendum
455 846 514 890 sit
529 861 610 902 per
625 845 876 889 ordinarios
892 845 1164 902 superioreS,
1184 860 1241 889 ex
1256 845 1422 900 quibus
1435 843 1696 888 immediate
1712 858 1870 888 omnes

227 924 492 980 dependere
506 924 691 976 debent,
715 924 796 967 sed
823 923 881 968 de
901 923 972 966 his
998 922 1177 967 dicetur
1198 922 1245 965 in
1266 921 1584 978 sequentibus,
1623 921 1738 964 Illud
1763 935 1869 964 vero

234 1014 294 1044 ne
319 1000 515 1053 omittat,
547 1008 596 1043 vt
624 999 842 1057 quicquid
868 999 1209 1056 praescripserit
1237 998 1283 1043 in
1310 998 1535 1055 collegiis,
1574 999 1647 1042 vel
1684 998 1865 1049 dixerit,

227 1078 356 1133 quod
378 1077 436 1120 ad
454 1077 660 1120 ordinem
682 1076 878 1132 aliquem
899 1077 1100 1119 dandum
1122 1076 1328 1130 attineat,
1360 1075 1460 1120 eius
1482 1082 1528 1118 et
1549 1075 1649 1131 ipse
1677 1074 1869 1130 accipiat

227 1154 505 1210 exemplum,
529 1160 576 1196 et
612 1153 760 1197 mittat
781 1154 839 1196 ad
868 1154 1128 1210 generalem
1150 1152 1474 1210 praepositum,
1507 1166 1600 1195 non
1622 1152 1769 1195 solum
1794 1167 1868 1195 re-

232 1230 413 1286 linquat
435 1230 602 1275 rectori
623 1238 669 1275 et
690 1230 974 1288 prouinciali.

195 1298 198 1300 ’
318 1307 447 1351 Haec
469 1308 564 1352 fere
585 1315 691 1350 sunt
727 1307 974 1364 generalia.
1015 1309 1094 1351 Illa
1131 1314 1282 1351 autem
1320 1306 1613 1364 particularia
1634 1306 1683 1348 in
1706 1305 1865 1348 visita—

228 1368 371 1436 tione,
389 1391 436 1428 et
455 1383 744 1440 peculiariter
767 1385 984 1437 curanda,
1003 1384 1215 1442 primum,
1240 1391 1290 1427 vt
1310 1385 1367 1428 ab
1388 1383 1602 1427 omnibus
1631 1383 1688 1428 22
1718 1390 1867 1426 recto·-

228 1459 358 1504 ribus
374 1460 531 1518 exigat
547 1461 882 1504 commissarius
898 1461 1116 1507 rationein
1129 1460 1400 1504 visitationis
1413 1459 1728 1518 praecedentis
1742 1474 1864 1503 com-

231 1536 440 1590 missarii,
460 1545 507 1582 et
523 1553 697 1591 eorum,
718 1553 835 1594 quae
851 1538 1046 1596 singulis
1062 1538 1230 1596 scripta
1246 1538 1444 1595 reliquit,
1465 1539 1539 1583 vel
1556 1537 1866 1595 praescripse-

228 1613 306 1668 rit;
330 1613 368 1658 si
390 1621 542 1659 autem
564 1630 657 1659 non
678 1623 813 1659 erunt
841 1616 1096 1660 executioni
1127 1617 1357 1669 mandata,
1388 1623 1519 1660 curet
1547 1615 1769 1667 mandari,
1795 1615 1867 1658 vel

226 1691 399 1734 scribat
427 1692 484 1734 ad
516 1693 798 1749 generalem,
829 1707 970 1749 quare
996 1693 1253 1738 intermissa
1289 1693 1347 1736 sit
1380 1692 1608 1738 executio.
1646 1691 1864 1737 Similiter
1930 1730 1935 1734 .

230 1767 365 1812 faciet
400 1769 457 1813 de
499 1768 833 1813 visitationibus
870 1771 1177 1827 prouincialis.
1209 1771 1490 1823 Secundum,
1524 1778 1595 1823 vt,
1635 1784 1749 1826 quas
1793 1783 1866 1813 res

223 1845 402 1902 accepit
429 1845 476 1889 in
504 1845 804 1891 instructione
832 1848 981 1891 Patris
1009 1848 1235 1906 generalis
1262 1848 1483 1905 agendas,
1517 1862 1594 1891 eas
1623 1854 1730 1904 agat
1759 1845 1859 1889 dili—

222 1930 407 1977 genter.

318 2001 452 2056 Quae
479 2003 702 2046 hactenus
728 2003 851 2046 dicta
888 2011 1011 2055 sunt,
1036 2018 1090 2047 ea
1110 2003 1304 2048 attinent
1341 2004 1399 2047 ad
1436 2003 1759 2055 visitationem,
1790 2017 1863 2046 se—

219 2081 428 2124 cundum
450 2078 647 2122 instituti
683 2079 925 2124 Societatis
947 2080 1187 2135 rationem,
1227 2080 1393 2136 quibus
1413 2088 1566 2125 vtetur
1598 2079 1861 2123 commissa-

225 2157 336 2210 rius,
361 2156 400 2200 si
422 2155 538 2200 nihil
559 2156 682 2199 aliud
704 2171 840 2212 quam
864 2157 1017 2201 visitat
1045 2157 1321 2214 prouincias;
1346 2165 1394 2201 et
1423 2166 1592 2210 tamen,
1623 2157 1773 2212 quoad
1797 2166 1866 2200 est

221 2234 272 2279 in
294 2248 348 2278 ea
369 2233 620 2290 prouincia,
638 2234 712 2277 vel
733 2234 781 2276 in
797 2234 1045 2291 prouinciis
1061 2234 1265 2279 eiusdem
1283 2234 1496 2287 nationis,
1517 2233 1791 2291 gubernatio
1811 2234 1867 2275 ab

211 2311 388 2360 ,eodem
405 2310 589 2354 debebit
610 2311 824 2368 pendere,
849 2311 887 2355 si
909 2311 1111 2368 generali
1142 2311 1384 2356 videbitur:
1418 2319 1468 2355 vt
1499 2320 1596 2356 erat
1618 2325 1728 2354 vsus
1751 2318 1865 2352 tem·
1887 2341 1892 2346 .

224 2388 418 2444 poreP.
442 2387 625 2443 Ignatii,
652 2389 704 2431 Ρ.
746 2388 931 2444 Laynis,
955 2395 1001 2432 et
1024 2391 1076 2432 P.
1109 2389 1356 2443 Francisci,
1396 2388 1700 2446 generalium.
1733 2387 1864 2431 Sem-

190 2450 200 2458 ’
225 2478 310 2520 per
330 2470 501 2516 autem,
526 2463 624 2507 siue
646 2465 754 2508 dum
782 2464 936 2509 visitat
967 2465 1321 2518 commissarius,
1354 2466 1452 2509 siue
1480 2466 1588 2508 dum
1612 2465 1763 2507 adhuc
1786 2478 1863 2505 na-

221 2540 366 2584 tionis
387 2541 523 2584 vnius
551 2541 811 2598 prouincias
848 2543 1096 2599 gubernat,
1127 2543 1279 2587 omnia
1311 2543 1578 2600 pendebunt
1616 2557 1641 2584 a
1664 2540 1865 2597 generali

225 2618 501 2674 praeposito,
527 2619 586 2661 ad
608 2633 743 2674 quem
780 2634 939 2665 omnes
966 2620 1287 2677 prouinciales,
1328 2628 1543 2670 rectores,
1580 2618 1864 2661 consultores

219 2693 428 2738 :similiter
449 2695 665 2748 scribent,
691 2704 828 2752 atque
849 2704 983 2742 antea
1006 2698 1230 2750 solebant,
1257 2696 1539 2752 frequentius
1562 2696 1617 2739 23
1641 2695 1794 2745 etiam,
1824 2692 1862 2735 si

220 2771 396 2824 volent,
421 2771 520 2816 siue
540 2771 629 2815 iam
652 2773 860 2818 absoluta
881 2774 1156 2828 visitatione,
1189 2775 1287 2819 siue
1316 2773 1483 2828 alioqui
1506 2782 1631 2816 extra
1655 2770 1860 2813 ordinem

223 2847 409 2891 missus:
435 2850 556 2904 quod
579 2850 673 2893 fieri
695 2836 833 2895 etiarn
853 2851 1019 2907 poterit
1041 2860 1143 2908 post
1170 2852 1404 2896 decretum
1430 2858 1512 2893 2.ae
1541 2846 1858 2904 congregatio-

219 2924 312 2976 nis,
337 2932 387 2967 vt
406 2932 477 2968 est
498 2926 712 2982 superius
733 2935 1021 2972 annotatum.

313 3001 512 3056 Quando
533 3017 641 3046 vero
655 3003 872 3048 residebit
892 3004 939 3048 in
961 3005 1210 3062 prouinciis
1231 3003 1581 3055 commissarius,
1608 3016 1723 3058 quae
1746 3001 1858 3044 sub-
