2098 3470
307 283 376 319 310
779 287 933 324 PATms
959 283 1200 323 HOERONYMl
1227 287 1378 323 NADAL

734 443 1067 475 COADIVTORES
1101 444 1419 475 TEMPORALES

349 552 418 595 52.
486 542 757 586 Valentinus
780 544 986 589 Holfeldt
1008 544 1173 587 missus
1195 551 1263 588 est
1286 545 1578 600 Tyrnauiam.

350 629 420 673 53.
481 621 682 676 Joannes
700 621 872 673 Heller,
887 636 1073 672 sueuus,
1094 620 1207 663 nihil
1225 620 1350 674 noui,
1370 621 1590 676 nisiquod
1609 623 1742 667 etiam
1763 623 1894 667 faber

260 695 500 750 murarius,
526 704 571 739 et
595 697 776 740 futurus
798 699 1084 740 hortulanus.
1214 751 1217 753 Δ

348 783 418 827 54.
480 775 682 831 Jacobus
704 775 867 819 Schalz
890 775 1052 818 missus
1076 783 1144 819 est
1172 777 1386 831 Pragam.

350 860 421 912 55.
489 849 845 907 Christophorus
870 851 1033 895 Michel
1058 851 1170 894 nihil
1192 852 1318 895 noui.

348 927 418 980 56.
479 927 679 984 Joannes
719 928 1024 971 Bernardinus
1055 928 1223 986 Juliani
1262 929 1425 972 missus
1463 937 1531 974 est
1570 931 1759 972 Romam
1798 932 1888 973 hoc

258 1003 533 1059 Septembri,
1281 995 1285 998 ’

328 1091 335 1098 “
348 1090 419 1134 57.
486 1081 684 1136 Joannes
706 1083 987 1134 Dominicus,
1014 1083 1293 1136 veronensis,
1319 1064 1482 1126 missus
1504 1091 1573 1126 est
1596 1085 1802 1127 Romam.

349 1158 419 1212 58.
488 1159 861 1203 Bartholomaeus
884 1159 1089 1203 Vuidner
1111 1160 1474 1203 subsacristanus
1497 1168 1580 1204 θεῖ.

351 1245 421 1291 59.
488 1235 749 1291 Stephanus
772 1236 1048 1291 Rodriguez,
1074 1237 1222 1280 Gerez
1244 1237 1301 1281 de
1322 1237 1364 1279 la
1387 1238 1625 1288 Frontera,
1646 1237 1889 1292 hispanus,

265 1311 502 1368 ingressus
524 1318 593 1356 θεῖ
614 1312 886 1356 Societatem
916 1327 1035 1355 anno
1072 1314 1181 1368 1563
1215 1315 1397 1357 Romae.
1429 1314 1554 1358 Fecit
1583 1313 1748 1357 ibidem
1780 1321 1894 1357 uota

264 1388 311 1431 in
336 1389 451 1431 festo
474 1388 739 1432 natiuitatis.
765 1389 870 1432 Fuit
892 1403 1045 1441 cocus,
1071 1389 1250 1443 ianitor,
1283 1390 1624 1443 credentiarius,
1654 1390 1887 1446 dispensa-

269 1471 355 1508 tor.
375 1467 477 1522 Jam
500 1472 569 1509 est
591 1472 720 1509 sutor
741 1474 787 1509 et
808 1466 1051 1509 calefactos
1072 1468 1471 1523 hypocaustorum.

351 1542 422 1585 60.
482 1543 683 1599 Joannes
707 1543 910 1598 Baptista
933 1543 1195 1597 Octauiani,
1220 1543 1419 1587 lucensis
1435 1535 1693 1596 hetruscus,v
1713 1543 1893 1600 ingres-

263 1633 342 1662 sus
364 1611 434 1661 est
456 1618 728 1663 Societatem
751 1621 924 1663 Romae
946 1634 1065 1662 anno
1089 1621 1213 1678 Ι569.
1239 1620 1366 1664 Fecit
1387 1620 1554 1664 ibidem
1581 1627 1703 1674 uota,
1728 1621 1894 1664 fortas--

187 1746 191 1750 ,
260 1695 322 1739 εἰε
344 1703 450 1752 post
471 1703 667 1751 quatuor
696 1710 888 1740 menses.
921 1696 1027 1740 Fuit
1049 1711 1202 1750 cocus,
1235 1706 1425 1754 emptor,
1451 1697 1793 1750 credentiarius,
1819 1697 1889 1739 di-

259 1779 512 1829 spensator,
537 1772 829 1826 sacristanus;
856 1788 976 1816 nunc
1000 1773 1137 1818 etiam
1159 1774 1443 1830 dispensator
1465 1781 1510 1819 et
1532 1773 1758 1818 cellarius.

348 1850 420 1893 61.
487 1851 747 1894 Matthaeus
769 1851 959 1892 Krabler
979 1859 1024 1894 et
1052 1850 1276 1903 Aichach,
1310 1852 1525 1903 bauarus,
1557 1851 1792 1907 ingressus
1821 1860 1895 1894 est

257 1926 533 1972 Societatem
557 1927 735 1983 Pragae
757 1942 876 1970 anno
905 1928 1029 1982 1563.
1056 1928 1183 1972 Fecit
1202 1935 1308 1971 uota
1325 1928 1530 1971 Viennae
1547 1927 1593 1970 in
1611 1928 1728 1971 festo
1746 1934 1891 1972 trans·

258 2003 549 2061 figurationis
570 2003 753 2047 Domini
776 2019 895 2047 anno
917 2005 988 2047 66:
1014 1998 1188 2048 studuit
1209 2020 1290 2061 per
1312 2005 1511 2048 medium
1533 2020 1703 2048 annum
1732 2005 1778 2047 in
1802 2006 1866 2050 So

240 2081 439 2126 .cietate:
465 2081 553 2124 iarn
577 2087 647 2125 est
668 2094 823 2124 cocus.

980 2208 1167 2239 NOVITII

349 2308 423 2351 62.
488 2305 847 2363 Christophorus
870 2306 1107 2350 Haidornn
1130 2321 1186 2350 ex
1208 2307 1428 2363 Lijchnis,
1454 2307 1633 2360 slesius,
1654 2307 1894 2364 ingressus

257 2391 328 2428 est
360 2383 637 2428 Societatem
668 2383 874 2428 Viennae
902 2383 1024 2428 circa
1053 2385 1218 2427 festum
1246 2384 1558 2428 conuersionis
1585 2383 1730 2427 sancti
1760 2384 1889 2428 Pauli

258 2476 379 2504 anno
407 2462 533 2516 1565.
561 2461 775 2505 Nondum
799 2460 906 2504 fecit
930 2468 1052 2504 uota:
1078 2468 1148 2505 est
1170 2469 1329 2505 sartor.

345 2538 418 2593 63.
450 2566 454 2569 -
485 2537 781 2583 Sebastianus
809 2537 1110 2592 Tinnewaldt‚
1135 2538 1528 2595 branspergensis,
1557 2545 1792 2595 prutenus,
1819 2553 1892 2583 re—

258 2622 420 2671 ceptus
437 2622 507 2659 est
523 2615 570 2658 in
587 2614 859 2660 Societatem
878 2615 1083 2659 Viennae
1099 2630 1219 2659 anno
1242 2616 1369 2670 1566,
1389 2617 1416 2658 6
1435 2616 1664 2659 Octobris:
1685 2617 1888 2659 nondum

258 2692 367 2736 fecit
389 2699 513 2736 uota:
539 2699 609 2736 est
630 2693 871 2735 subcocus.

434 2833 497 2862 DE
530 2832 764 2863 PERsoms
797 2833 1066 2863 DEFVNCTIS
1099 2833 1150 2864 m
1183 2833 1424 2864 coLLEGm
1458 2832 1718 2864 VIENNENSI

646 2909 805 2948 usone
827 2910 889 2939 An
913 2910 1082 2940 ANNUM
1111 2897 1222 2951 1566
1245 2910 1506 2947 memsmss

353 3021 389 3051 Ι.
455 3008 698 3052 Vdalricus
736 3009 1013 3064 Porffiijser,
1054 3025 1247 3062 sueuus,
1289 3009 1509 3066 magister
1546 3008 1888 3066 grammaticeS,

245 3085 370 3129 -obiit
391 3085 465 3130 die
488 3096 541 3141 25
565 3082 673 3131 Maii
696 3101 818 3130 anno
847 3088 973 3141 1565.
