2098 3470
777 235 1220 284 summm-25
1701 236 1775 284 873

152 317 275 385 ji>non
294 346 418 385 esset
435 338 616 393 futura,
641 345 831 396 propter
861 337 1097 382 hominurn
1121 338 1527 395 imperfectionem,
1562 347 1612 383 vt
1643 339 1817 384 matris.

134 447 136 449 -
152 420 156 422 ’
182 417 434 474 Propterea
448 415 511 460 de
522 415 600 459 illa
615 429 708 460 non
723 415 777 458 fit
793 413 982 468 mentio;
999 396 1116 461 2⁸44r
1134 414 1194 471 (3)
1211 430 1317 459 nam
1327 416 1386 460 de
1396 417 1521 460 nulla
1538 417 1820 474 apparitione

180 493 236 537 fit
254 493 445 547 mentio,
470 505 589 549 quae
610 495 703 536 non
724 490 888 536 attinet
916 491 975 534 ad
1002 491 1394 535 confirmationem
1419 493 1762 537 resurrectionis
1783 502 1818 546 ³,

19 551 54 628 ’
74 582 116 612 μ’
178 575 230 614 et
250 569 433 627 quidem
455 583 537 626 per
563 567 931 614 incredulitatem
960 567 1170 620 aliorum,
1203 575 1299 611 tum
1329 569 1508 614 illorum
1536 570 1692 623 etiam,
1717 571 1823 626 qui-

10 643 41 698 τε
55 629 75 650 ”’
105 699 116 704 ,
134 674 137 675 ⁷
174 646 270 692 'bus
289 645 640 703 contingebant.
660 644 786 689 Nihil
802 658 962 688 eorum
982 643 1032 687 in
1048 643 1207 688 Maria.
1228 644 1375 702 Igitur
1392 645 1506 689 ratio
1526 646 1823 703 apparitionis

23 769 36 792 :
81 715 86 717 ’
143 717 150 726 ²
182 723 356 770 Mariae
375 724 516 780 longe
536 713 610 768 est
626 721 730 766 alia.
750 723 924 778 Quare,
943 727 992 765 et
1012 721 1115 774 fuit;
1136 729 1183 764 et
1205 721 1348 778 prima
1364 722 1466 776 fuit;
1492 730 1537 768 et
1554 738 1649 767 non
1669 724 1823 769 decuit

179 799 306 844 illam
327 799 481 852 scribi,
506 806 554 844 et
574 813 635 843 ne
653 797 879 855 publicari
899 797 919 824 ¹³
941 797 1124 854 quidem
1147 813 1204 842 eo
1222 807 1442 855 tempore,
1463 808 1551 844 etc.

236 888 239 890 '
271 878 377 922 Non
396 875 514 920 dixit
539 875 828 933 euangelista
854 882 896 916 τὸ
912 885 1053 928 πρῶτον
1079 876 1109 929 ¹3
1144 889 1286 930 quare
1315 875 1438 919 aliud
1466 877 1685 921 selectum
1717 886 1823 934 pot-

180 940 257 999 uit
285 969 389 999 esse
413 954 627 1011 primum,
657 962 704 998 et
740 966 831 996 non
869 954 957 996 hoc
994 952 1081 995 fuit
1117 953 1341 997 selectum
1370 953 1583 1010 primum.
1614 960 1732 1002 244v
1763 956 1822 1012 (4)

14 1003 26 1014 ⁹
40 1016 52 1031 ε
179 1033 444 1088 Antequam
466 1037 703 1088 appareret
723 1031 872 1086 Xpus.
897 1029 1215 1086 Magdalenae,
1239 1030 1285 1073 in
1304 1045 1395 1086 quo
1417 1039 1514 1074 erat
1531 1032 1646 1076 fides
1664 1039 1824 1076 actua-

177 1106 238 1153 lis
257 1107 619 1159 resurrectionis,
643 1106 742 1152 sine
762 1121 854 1163 qua
874 1106 1068 1151 ecclesia
1089 1121 1191 1151 esse
1213 1122 1305 1151 non
1323 1107 1486 1164 potuit,
1509 1123 1611 1152 nam
1629 1111 1823 1153 teneba-

178 1184 260 1233 tur
285 1184 481 1228 credere
496 1190 742 1239 antequam
779 1182 932 1239 quiuis
960 1184 1035 1227 vel
1062 1182 1303 1227 mulierum
1332 1185 1406 1228 vel
1433 1184 1636 1228 virorum
1663 1187 1822 1230 crede-

180 1262 274 1306 ret?
293 1268 312 1288 ⁰
332 1262 399 1305 Ea
419 1260 562 1318 igitur
582 1261 697 1305 fides
718 1260 805 1304 fuit
825 1260 872 1303 in
896 1259 1054 1313 Maria,
1080 1275 1198 1316 quae
1219 1275 1321 1306 esse
1342 1276 1434 1304 non
1456 1262 1605 1318 potuit
1635 1263 1723 1307 nisi
1744 1278 1826 1320 per

91 1335 114 1399 δ’
179 1337 522 1383 reuelationem.
548 1338 645 1382 Cur
664 1337 808 1394 igitur
829 1352 924 1382 non
946 1352 1028 1394 per
1048 1337 1402 1394 apparitionem?

275 1414 458 1459 «Primo
473 1414 645 1459 Mariae
661 1415 988 1471 Magdalenae»
1012 1413 1049 1467 ⁴¹,
1069 1416 1127 1458 ad
1148 1416 1446 1460 reuelandum
1469 1417 1660 1470 scilicet;
1681 1432 1823 1474 quare

182 1507 276 1536 non
295 1491 561 1548 simpliciter
581 1490 742 1548 primo.
768 1492 909 1547 Quod
924 1506 1035 1535 vero
1055 1492 1114 1535 ad
1129 1492 1446 1545 reuelandum,
1466 1501 1692 1549 apertum;
1717 1509 1822 1538 nam

179 1568 336 1614 statim
364 1568 428 1612 illi
450 1567 746 1625 praecipitur,
771 1576 820 1611 vt
841 1568 967 1612 dicat
987 1569 1220 1622 fratribus,
1246 1577 1340 1613 etc.

270 1645 391 1690 Dein
406 1660 500 1689 non
514 1645 695 1701 quaerit
710 1645 756 1688 in
775 1653 1073 1689 monumento
1091 1646 1251 1690 Maria:
1272 1661 1413 1702 quare
1434 1655 1481 1690 et
1497 1647 1685 1699 sciebat,
1707 1662 1823 1703 quae

180 1723 303 1768 circa
322 1725 495 1780 Xpum.
521 1723 796 1779 agebantur,
820 1730 868 1768 et
887 1722 986 1780 ipse
1007 1724 1143 1778 haud
1154 1724 1296 1768 dubie
1324 1724 1546 1781 apparuit.

271 1800 407 1845 Adde
432 1799 524 1843 vile
551 1814 654 1844 esse
689 1808 1029 1856 argumentum,
1070 1807 1223 1846 tamen
1260 1801 1503 1845 haereticis
1530 1801 1822 1857 legittimum,

179 1878 242 1922 ab
262 1876 535 1921 auctoritate
557 1876 790 1933 negatiue;
821 1878 944 1934 quod
971 1892 1027 1921 eo
1061 1885 1134 1922 est
1160 1877 1384 1922 infirmius
1412 1878 1457 1921 in
1490 1879 1631 1921 sacris
1663 1878 1822 1930 literis,
1871 1937 1874 1941 ἠ

181 1955 304 2011 quod
327 1955 477 2011 Xpus.
502 1953 601 2010 ipse
622 1961 639 1979 0
660 1969 717 1998 ex
738 1946 979 2011 scripturis
1007 1954 1179 1999 scimus
1206 1969 1300 1998 non
1328 1970 1430 2000 esse
1458 1955 1609 1999 omnia
1640 1955 1822 2012 scripta,

182 2041 234 2078 et
254 2045 356 2076 esse
375 2031 423 2075 in
445 2030 639 2076 ecclesia
659 2031 747 2076 Dei
770 2031 1052 2081 traditiones.

272 2109 410 2154 Adde
428 2114 692 2152 sanctorum
714 2108 1013 2154 auctoritates
1028 2110 1063 2152 ².

254 2245 275 2262 a
301 2233 638 2270 resurrectionem
660 2244 734 2269 ms.
785 2235 852 2261 -b
873 2234 1085 2282 publicare
1110 2246 1183 2273 ms.
1235 2245 1299 2263 ..c
1326 2236 1439 2281 Quae
1471 2234 1726 2281 praecedunt,
1746 2241 1824 2270 tam

126 2343 136 2346 ί
182 2291 378 2330 νοἸοείῐει·
394 2297 436 2329 et
451 2292 616 2329 confuse
633 2293 779 2340 scripta
796 2299 904 2339 sunt,
929 2299 973 2329 ut
996 2294 1127 2341 potius
1151 2294 1368 2342 interprete
1396 2306 1511 2341 quam
1538 2295 1683 2329 lectore
1708 2293 1756 2328 ad
1781 2305 1827 2328 ea

181 2351 444 2405 intelligenda
457 2362 556 2399 opus
571 2351 638 2390 sit.
689 2354 755 2380 -d
776 2352 939 2389 Mariae
957 2353 1119 2389 ,Mariae
1137 2365 1211 2389 ms.
1263 2364 1326 2382 ——e
1353 2353 1434 2399 Sic,
1456 2352 1724 2388 inemendate.

258 2473 272 2494 ¹
323 2469 383 2508 En
400 2471 599 2518 evangelii
618 2472 755 2508 verba:
773 2472 878 2522 ἐφάνη
893 2478 1032 2520 πρῶτον
1049 2472 1164 2520 Μαρξᾳ
1180 2478 1226 2521 τῇ
1243 2471 1469 2520 Μαγδαληνῇ.
1490 2473 1627 2509 MARC.
1655 2472 1762 2515 XVI,
1781 2483 1821 2516 9.

259 2534 275 2554 ²
322 2530 496 2578 Explicit
512 2530 577 2567 hic
594 2530 716 2567 totius
735 2531 954 2578 Apologiae
976 2531 1272 2580 palimpsestus,
1298 2543 1348 2568 ex
1371 2533 1486 2579 cujus
1511 2530 1828 2566 inemendatione

189 2589 304 2628 heile
320 2589 556 2638 perspicitur
573 2595 751 2626 extrema
774 2591 946 2627 nondum
969 2603 1088 2628 manu
1110 2593 1211 2628 hanc
1234 2593 1396 2627 alteram
1422 2596 1571 2637 partem
1596 2591 1644 2625 ab
1669 2595 1828 2626 auctore

183 2650 371 2687 donatam
389 2648 527 2686 fuisse.
