2098 3470
313 268 341 295 x
358 288 361 289 ν
957 261 1201 297 Parim-*Ario

268 361 407 413 Idem,
444 362 565 417 quod
599 363 656 405 ad
686 377 817 405 usum
852 362 1028 415 attinet,
1063 363 1121 405 de
1152 362 1343 404 Sclzoliis
1374 363 1577 418 ejusdem
1610 365 1812 409 auctoris
1847 365 1895 410 in

269 437 617 482 constitutiones
654 440 710 482 ab
746 440 903 483 eadem
943 438 1299 494 congregatione
1336 438 1573 482 definitum
1610 448 1701 494 est3
1743 442 1864 487 unde
1882 475 1892 495 ,

268 514 389 569 quod
406 514 452 557 in
469 515 750 557 Sclzolz'orum
769 516 964 567 laudem,
985 529 1141 558 eorum
1159 514 1375 570 egregius
1391 515 1535 559 editor
1551 515 1596 559 in
1615 502 1895 573 praefatione

269 592 326 633 ad
349 592 507 635 Patres
531 591 771 636 Societatis
792 594 903 649 Jesu
926 591 1088 642 aiebat,
1114 590 1289 634 Natalis
1311 605 1492 647 quoque
1515 593 1895 647 Instructionibus

268 669 425 712 eadem
447 668 624 712 ratione
647 668 877 712 convenit:
908 681 1049 723 «quae
1071 667 1176 711 licet
1198 667 1288 710 vim
1311 668 1426 725 legis
1449 670 1618 714 habere
1644 677 1888 726 nequeant,
1928 718 1932 722 ,

269 751 421 788 tamen
443 746 575 790 valde
608 745 735 788 utilia
767 759 866 789 esse
888 752 1078 801 possunt
1109 744 1153 787 in
1183 745 1326 801 praxi,
1359 753 1454 789 tum
1477 747 1534 789 ad
1556 761 1628 791 res
1650 748 1893 804 gerendas,

267 828 363 865 tum
386 823 443 865 ad
465 836 623 865 verum
645 824 797 879 legum
821 829 1075 864 nostrarum
1100 836 1285 865 sensum
1303 822 1504 866 intimius
1521 825 1894 880 cognoscendum

267 913 323 942 ex
346 898 566 942 maiorum
595 898 820 943 sententia
852 906 897 942 et
928 897 1224 942 traditione...
1260 898 1386 954 Quid
1417 900 1690 956 praeclarius
1721 899 1810 944 dici
1841 915 1895 946 ac

266 975 363 1018 fieri
385 982 562 1031 poterat
584 974 629 1018 in
652 975 1090 1019 commendationem
1113 977 1276 1018 horum
1299 976 1603 1031 Scholiorum‚
1634 991 1752 1032 quae
1780 991 1896 1021 una·

267 1051 376 1094 nimi
400 1054 585 1095 Patrum
610 1052 910 1096 consensione
934 1052 1170 1096 universae
1197 1052 1416 1097 Societati
1446 1054 1688 1097 traduntur
1714 1069 1796 1111 pro
1823 1053 1895 1098 di-

267 1128 467 1173 rectione
489 1144 540 1172 ac
563 1129 751 1185 proinde
780 1129 888 1185 ipsis
912 1129 1278 1186 Praepositorum
1306 1130 1601 1175 Generalium
1629 1131 1897 1176 Ordinatio·

268 1205 402 1249 nibus
424 1206 706 1262 aequiparari
728 1206 959 1249 videntur?
988 1208 1044 1249 ¹.»

355 1284 472 1327 Cum
496 1283 639 1339 igitur
665 1290 710 1326 et
740 1282 897 1327 merito
925 1290 971 1327 et
998 1284 1055 1326 ad
1082 1283 1256 1340 praxim
1284 1283 1479 1328 utilitate
1509 1284 1683 1329 Natalis
1711 1285 1897 1328 Instru-

265 1360 429 1403 ctiones
451 1360 653 1415 ejusdem
676 1360 866 1402 Sclzoliis
888 1375 914 1404 a
935 1360 1137 1404 secunda
1153 1361 1510 1417 congregatione
1527 1361 1894 1418 aequiparentur,

266 1450 429 1492 operae
451 1436 643 1492 pretium
666 1436 750 1480 erit
771 1437 908 1492 hujus
930 1437 1098 1480 codicis
1119 1437 1341 1493 originem
1363 1445 1409 1481 et
1431 1438 1636 1495 genesim
1657 1439 1716 1482 ob
1737 1439 1898 1482 oculos

265 1513 450 1557 lectoris
473 1528 716 1570 exponere.

354 1592 459 1646 Quo
483 1598 683 1647 tempore
716 1593 766 1634 P.
800 1591 974 1634 Natalis
1002 1591 1257 1647 provincias
1287 1591 1534 1649 Hispaniae
1561 1600 1607 1637 et
1637 1592 1898 1636 Lusitaniae

265 1666 395 1710 annis
429 1678 555 1722 1553,
593 1678 701 1722 1555
734 1675 781 1710 et
818 1668 945 1723 1561,
980 1669 1066 1712 sub
1097 1668 1277 1725 Ignatio
1310 1676 1355 1714 et
1390 1668 1550 1713 Lainio
1586 1669 1895 1726 perlustravit,

264 1744 429 1786 multas
451 1744 496 1786 in
519 1744 708 1788 diversis
729 1744 933 1801 collegiis
954 1744 1276 1789 instructiones
1303 1760 1384 1802 pro
1411 1747 1646 1790 domorum
1673 1753 1720 1789 et
1747 1745 1900 1790 socio—

266 1835 366 1863 rum
395 1820 614 1876 regimine
641 1820 838 1877 reliquit,
872 1829 920 1864 ut
949 1821 995 1864 in
1023 1822 1181 1866 codice
1210 1823 1367 1866 Natat.
1399 1823 1535 1866 instr.
1570 1823 1719 1866 Lusit.
1755 1822 1900 1867 videri

266 1904 429 1953 potest.
457 1899 544 1940 Tot
566 1905 716 1941 autem
734 1912 787 1941 ac
806 1905 894 1941 tam
912 1899 1085 1955 prolixa
1102 1899 1271 1942 monita
1288 1899 1422 1943 nimis
1438 1899 1635 1943 difficilia
1651 1900 1709 1943 ad
1725 1899 1899 1956 praxim

266 1974 535 2030 quibusdam
558 1975 653 2018 visa
675 1983 798 2027 sunt,
824 1983 961 2031 prout
977 1975 1235 2032 provinciae
1253 1976 1512 2033 Aragoniae
1528 1978 1783 2021 moderator
1801 1975 1899 2020 An-

341 2118 350 2138 ¹
403 2117 561 2152 Scholia
591 2118 634 2152 in
666 2118 965 2153 constitutiones
994 2120 1032 2153 et
1060 2118 1352 2154 declarationes
1382 2118 1426 2154 S.
1458 2118 1507 2156 P.
1538 2118 1709 2166 Ignatii,
1739 2122 1902 2155 auctore

271 2177 318 2212 P.
339 2177 586 2222 Hieronymo
606 2176 749 2212 Natali
765 2188 784 2212 e
803 2176 996 2212 Societate
1014 2177 1115 2218 Iesu,
1136 2189 1242 2212 nunc
1254 2177 1439 2224 primum
1458 2177 1500 2212 in
1515 2177 1642 2212 lucem
1655 2178 1779 2213 edita.
1795 2177 1901 2213 Prati

269 2235 308 2271 in
326 2236 495 2271 Etruria.
520 2234 623 2270 1883.
642 2235 779 2271 Editor
797 2235 912 2282 hujus
931 2236 1060 2282 operis
1079 2235 1152 2271 fuit
1170 2236 1215 2271 P.
1235 2235 1465 2272 Franciscus
1483 2236 1623 2282 Altini,
1644 2236 1684 2272 S.
1705 2237 1759 2283 J.‚
1777 2236 1843 2284 qui
1862 2237 1902 2272 in

268 2294 525 2341 praefatione,
554 2305 642 2341 pag.
668 2304 739 2337 vn,
762 2294 1007 2330 confundens
1033 2294 1192 2330 Scholia
1215 2306 1303 2330 cum
1329 2293 1677 2339 lustrationibus,
1700 2294 1902 2331 decretum

270 2363 314 2399 57
331 2354 648 2400 congregationis
667 2353 878 2400 secundae,
893 2353 997 2401 quod
1010 2359 1073 2404 est
1085 2353 1135 2389 de
1152 2354 1505 2398 [nstv-actionibus,
1518 2354 1584 2390 ille
1599 2354 1770 2391 Scholiis
1782 2355 1902 2402 appli-

269 2414 388 2458 cavit,
407 2413 531 2459 primo
557 2414 678 2448 verbo
707 2412 856 2448 decreti
888 2418 1052 2458 mutato;
1080 2425 1169 2449 nam
1197 2413 1263 2449 ubi
1287 2413 1490 2450 decretum
1513 2413 1570 2449 ait
1594 2414 1901 2450 Admonitiones

270 2474 320 2509 P.
340 2473 502 2508 Natalis
520 2472 585 2507 ille
609 2472 705 2517 legit
723 2472 956 2508 Notationes
975 2473 1023 2510 P.-
1044 2472 1220 2508 Natalis.
1239 2472 1353 2509 Unde
1370 2478 1530 2520 apparet
1547 2472 1722 2508 codicem
1740 2473 1903 2509 Natalis

271 2531 557 2567 Instructiones
576 2530 617 2569 P.
639 2531 773 2566 Altino
790 2532 967 2577 ignotum
986 2531 1124 2568 fuisse.
1151 2531 1318 2567 Diversa
1342 2531 1523 2578 equidem
1542 2531 1591 2567 de
1616 2542 1694 2567 uno
1715 2537 1758 2567 et
1779 2532 1903 2568 altero

270 2590 406 2625 codice
433 2589 572 2626 statuit
595 2589 768 2636 praefata
791 2591 1058 2636 congregatio:
1084 2591 1134 2626 de
1154 2591 1501 2635 Instructionibus,
1525 2596 1570 2627 ut
1592 2597 1903 2638 expurgarentur

271 2655 311 2684 et
329 2650 369 2684 in
386 2649 561 2685 ordinem
581 2650 631 2684 ab
655 2661 789 2685 eorum
813 2655 972 2689 auctore
995 2649 1281 2695 redigerentur3
1307 2655 1348 2685 et
1371 2655 1414 2685 ut
1437 2649 1579 2685 deinde
1597 2650 1903 2697 provincialibus

271 2719 339 2755 pro
369 2708 583 2744 directione
614 2708 873 2744 traderentur:
904 2707 954 2743 de
985 2708 1153 2744 Scholiis
1182 2713 1328 2753 autem,
1353 2709 1394 2743 in
1421 2707 1580 2743 decreto
1603 2717 1662 2755 42,
1690 2713 1733 2744 ut
1755 2719 1779 2744 a
1801 2708 1904 2745 desi-

270 2767 402 2812 gnatis
423 2767 659 2812 examinata,
684 2778 753 2813 pro
776 2766 991 2802 directione
1015 2766 1304 2802 adhiberentur.
1326 2765 1427 2802 Vide
1445 2766 1574 2813 Epist.
1605 2767 1655 2802 P.
1686 2766 1839 2812 Nadal,
1869 2768 1903 2814 1,

275 2834 502 2861 XLV—XLVII.
532 2826 648 2872 Quod
675 2837 769 2861 vero
795 2831 947 2861 tantum
973 2837 1042 2872 pro
1068 2825 1284 2861 directione
1309 2825 1398 2860 illae
1422 2825 1716 2872 instructiones,
1734 2827 1840 2862 nulla
1862 2825 1904 2862 vi

272 2885 487 2931 obligandi,
521 2885 825 2931 provincialibus
855 2884 970 2920 datae
1000 2885 1159 2932 fuerint,
1191 2895 1307 2920 nemo
1330 2885 1547 2929 mirabitu13
1579 2896 1669 2920 nam
1695 2885 1825 2933 aliqua
1847 2885 1904 2921 ibi

273 2943 387 2979 nimis
405 2943 571 2979 fortasse
590 2944 714 2990 rigida
731 2943 1014 2990 deprehendas,
1036 2955 1136 2991 quae
1153 2942 1312 2990 quidem
1331 2944 1441 2991 lapsu
1459 2943 1645 2991 temporis
1663 2943 1703 2980 in
1720 2935 1902 2990 desuetu-

269 3001 403 3037 dinem
423 3003 615 3049 abierunt3
642 3003 783 3049 aliqua,
809 3013 908 3049 quae
933 3014 1009 3038 non
1034 3003 1073 3037 in
1097 3007 1178 3038 tota
1201 3002 1414 3048 Societate,
1439 3002 1509 3039 sed
1532 3002 1677 3039 alicubi
1701 3003 1904 3039 dumtaxat

271 3066 430 3108 recepta
449 3067 552 3099 sunt.
