2098 3470
294 279 364 316 308
764 281 919 316 Parius
944 281 1187 318 Hmaoxvm
1212 282 1364 318 NADAL

347 395 415 439 19.
481 384 543 426 M.
588 382 759 425 Paulus
797 383 1025 426 Prutenus
1061 382 1270 427 discessit
1306 397 1332 427 e
1370 383 1596 428 Societate
1634 385 1882 440 praeterito

252 474 386 502 anno.

342 548 414 580 20.
479 538 542 580 M.
570 535 803 593 Georgius
827 537 1076 593 Peraxijlus
1099 536 1263 580 missus
1285 543 1354 581 est
1376 536 1421 580 in
1445 537 1651 594 patriam.

342 626 392 657 21
406 649 415 658 .
481 615 543 656 M.
569 613 756 657 Gabriel
778 615 991 658 Mercado
1013 613 1177 656 missus
1199 620 1268 658 est
1291 615 1498 657 Romam.

286 695 290 701 '
343 702 415 733 22.
482 692 544 734 M.
571 691 790 734 Albertus
813 690 1110 734 Theoboltius
1132 690 1296 733 missus
1323 699 1391 734 est
1419 690 1465 733 in
1497 691 1730 734 Poloniam
1759 706 1889 735 anno

256 767 500 823 superiore.

345 857 415 899 23.
484 847 545 888 M.
569 845 838 888 Theodorus
862 847 1084 898 Busaeus,
1108 844 1443 901 neomagensis‚
1469 844 1722 901 gelriensi‘s,
1747 846 1890 889 Colo-

254 921 356 964 niae
384 921 620 977 ingressus
649 928 718 966 est
746 921 1020 966 Societatem
1050 936 1169 964 anno
1202 922 1310 975 1562
1342 922 1399 964 ad
1427 922 1592 966 festum
1621 922 1768 965 sancti
1794 922 1876 966 Mi-

255 997 441 1041 chaelis.
484 997 653 1041 Ibidem
692 998 800 1043 fecit
837 998 971 1042 etiam
1013 1005 1120 1041 uota
1156 997 1202 1041 in
1241 998 1357 1042 festo
1395 998 1646 1042 natiuitatis
1682 998 1885 1042 Domini.

256 1075 471 1118 Absoluit
502 1070 686 1119 cursum
715 1075 1048 1132 philosophiae,
1079 1082 1314 1131 promotus
1336 1074 1382 1117 in
1411 1075 1679 1132 magistrum
1709 1076 1885 1131 Tijrna-

257 1152 360 1196 uiae
383 1152 496 1209 legit
518 1152 809 1198 humaniores
829 1153 997 1196 literas.
1019 1152 1225 1197 Viennae
1246 1153 1381 1195 modo
1403 1152 1516 1208 legit
1537 1152 1883 1197 humanitatem.

346 1242 416 1282 24.
485 1229 725 1273 Vdalricus
749 1230 998 1285 Porthijser
1021 1245 1046 1274 e
1067 1229 1162 1272 uita
1183 1230 1269 1273 hac
1291 1229 1514 1273 discessit.

346 1317 417 1361 25.
485 1306 784 1360 Benedictus,
826 1307 997 1363 gallus,
1039 1306 1154 1350 rexit
1196 1308 1435 1361 hucusque
1477 1307 1655 1350 tertiam
1698 1300 1892 1350 classem

259 1383 594 1440 grammatices:
619 1398 742 1428 nunc
765 1384 942 1427 auditor
964 1383 1216 1428 rhetorices
1237 1383 1338 1426 erit.

350 1462 422 1505 26.
487 1460 718 1518 Georgius
742 1463 954 1504 Besserer
975 1460 1142 1504 missus
1162 1467 1232 1504 est
1253 1460 1298 1503 in
1324 1461 1577 1506 Poloniam.

348 1550 418 1592 27.
486 1538 845 1595 Christophorus
866 1538 1049 1582 Kramel
1071 1537 1236 1581 missus
1258 1544 1326 1582 est
1350 1539 1559 1594 Pragam.

349 1617 422 1659 28.
489 1615 718 1659 Henricus
741 1615 959 1659 Rickman
983 1614 1101 1658 diem
1124 1629 1256 1658 suurn
1279 1614 1406 1658 obiit.

350 1706 420 1751 29.
481 1695 682 1751 Joannes
704 1694 997 1736 Hermannus
1019 1692 1184 1735 missus
1205 1698 1274 1735 est
1299 1693 1514 1748 pragam.

349 1784 420 1826 30.
485 1770 714 1828 Georgius
737 1769 1018 1813 Decimarius
1034 1769 1230 1813 absoluit
1246 1783 1430 1812 cursum
1449 1768 1778 1826 philosophiae.
1798 1771 1895 1814 Re—

260 1856 340 1904 get
363 1856 459 1893 2.³¹¹¹
481 1849 671 1892 classem
693 1847 1031 1904 grammatices.

349 1939 420 1981 31.
481 1928 681 1984 Joannes
705 1926 890 1977 Paulus,
916 1923 1174 1981 perusinus,
1200 1923 1311 1966 obiit
1334 1930 1523 1966 mortem
1542 1925 1633 1966 hoc
1654 1938 1796 1969 anno,

351 2015 425 2058 32.
488 2003 743 2059 Gregorius
765 2003 906 2046 Heldt
928 2001 1093 2045 missus
1121 2008 1190 2045 est
1213 1999 1522 2053 Olomuzium‚
1546 1999 1625 2042 ubi
1647 2000 1896 2044 conciona-

262 2088 337 2122 tur
359 2088 404 2125 et
425 2080 537 2136 legit
559 2078 915 2136 grammaticam.

351 2170 421 2212 33.
481 2158 682 2214 Joannes
704 2155 955 2200 Vuincerer
978 2154 1144 2217 missus
1165 2162 1234 2199 est
1255 2154 1299 2196 in
1324 2153 1579 2197 Poloniam.

351 2248 422 2290 34.
489 2235 750 2290 Stephanus
782 2232 1000 2275 Rimelius
1029 2231 1195 2275 missus
1223 2238 1292 2276 est
1325 2230 1625 2282 Olomutium,
1667 2229 1744 2272 ubi
1781 2244 1895 2273 con-

259 2312 484 2356 cionatur.

350 2400 421 2444 35.
489 2387 682 2432 Michael
707 2388 972 2431 Cardaneus
1004 2385 1115 2428 nihil
1147 2383 1271 2438 noui,
1306 2391 1592 2441 preterquam
1622 2384 1743 2438 quod
1773 2384 1895 2428 solet

259 2466 365 2509 hinc
389 2466 494 2509 inde
517 2463 791 2508 concionari.

349 2543 422 2598 36.
487 2541 686 2586 Michael
709 2541 843 2584 Poldt
864 2539 974 2582 nihil
995 2538 1120 2583 noui.

349 2632 422 2675 37.
489 2621 723 2675 Gasparus
745 2616 964 2661 Vuincler
986 2615 1096 2658 nihil
1119 2614 1246 2660 noui.
1413 2670 1418 2676 ι

350 2697 421 2751 38.
489 2694 780 2738 Bernhardus
802 2693 975 2736 Brandt
997 2691 1150 2735 audiet
1171 2690 1422 2747 physicam.

350 2787 420 2830 39.
485 2771 701 2816 Nicolaus
729 2769 885 2813 Vrtica
913 2769 1066 2812 studet
1093 2766 1424 2824 philosophiae,
1456 2773 1526 2810 est
1553 2765 1731 2809 adiutor
1757 2780 1893 2822 prae-

261 2850 368 2895 fecti
389 2849 517 2893 chori
538 2848 586 2891 in
607 2853 761 2891 cantu.

347 2941 421 2981 40.
487 2923 774 2976 Valentinus,
800 2921 1168 2974 nouodomensis,
1194 2921 1357 2964 missus
1380 2927 1450 2964 est
1473 2922 1688 2975 Pragam.

347 3017 419 3058 41.
487 3001 784 3048 Sebastianus
806 2999 1081 3056 Schlesingk
1104 2998 1189 3042 fuit
1210 3003 1476 3055 praeceptor
1492 2996 1719 3040 secundae
1736 3009 1892 3052 gram-

259 3081 467 3134 maticae,
494 3080 582 3123 iam
605 3077 759 3123 audiet
783 3076 1069 3121 rhetoricam.
