2098 3470
499 0 556 20 m
606 0 863 43 ⁴1⁸Jfflffis³⁹ffiyh:
926 0 930 6 .
971 0 981 6 γ

583 41 590 53 Ι
795 35 826 58 ο,

254 617 782 672 MONUMENTA
818 614 1310 671 PROVINCIAE
1345 614 1812 669 FLANDRIAE

997 752 1069 796 5⁷

1021 846 1051 904 ΐ-

419 955 596 1010 QUAE
629 955 798 998 DIXIT
828 955 884 998 R.
921 955 977 998 P.
1011 953 1285 997 NATALlS
1317 936 1578 1007 LOUANlI
1614 954 1643 994 ¹.

299 1062 372 1106 Ne
391 1061 447 1104 lis
468 1061 618 1116 aliqua
638 1057 780 1117 possit
800 1059 990 1104 excitari
1013 1059 1058 1102 in
1081 1060 1267 1103 domum
1289 1059 1526 1113 licentiati,
1552 1060 1703 1102 datam
1723 1059 1855 1102 nobis

207 1145 257 1182 et
277 1138 607 1191 amortizatam,
630 1137 812 1181 videtur
831 1137 940 1180 vtile
961 1138 1074 1190 fore,
1099 1137 1139 1180 si
1160 1143 1347 1180 curetur
1374 1151 1455 1193 per
1481 1137 1678 1180 eundem
1709 1135 1853 1180 licen-

211 1215 371 1259 tiatum
406 1221 457 1257 vt
492 1216 632 1259 frater
666 1214 780 1266 eius,
821 1229 847 1257 a
883 1229 975 1270 quo
1012 1213 1213 1266 timetur,
1254 1213 1570 1266 conueniatur,
1613 1222 1659 1258 et
1701 1228 1854 1256 coram

207 1291 375 1344 iudice,
399 1291 438 1335 si
460 1298 681 1347 oporteat,
700 1291 1009 1348 interrogetur
1031 1291 1069 1334 si
1091 1290 1199 1346 quid
1222 1291 1487 1347 praetendat
1503 1290 1616 1334 iuris
1630 1290 1679 1333 in
1697 1298 1853 1334 nostra

208 1370 360 1430 domo,
380 1382 464 1412 nos
480 1369 598 1411 velle
614 1368 656 1412 ei
672 1368 947 1412 satisfacere.
969 1369 1071 1412 Hoc
1088 1367 1230 1424 igitur
1246 1367 1480 1411 curabitur
1497 1367 1597 1412 fieri
1614 1382 1695 1424 per
1712 1367 1853 1412 licen-

209 1445 385 1498 tiatum‚
406 1453 452 1490 et
474 1453 579 1489 actu
601 1445 784 1502 publico
804 1445 902 1489 fieri
924 1459 1131 1490 securam
1150 1445 1425 1490 Societatem
1442 1444 1489 1487 in
1508 1459 1688 1489 ornnem
1707 1458 1853 1489 euen-

206 1529 320 1566 tum.
342 1524 484 1579 Quod
499 1537 603 1566 cum
621 1523 756 1567 faciet
771 1523 1047 1582 licentiatus,
1067 1519 1245 1566 intersit
1267 1522 1430 1578 aliquis
1451 1537 1477 1565 e
1499 1521 1685 1565 nostris.
1714 1522 1852 1578 Quod

204 1598 246 1642 si
266 1600 392 1642 nullo
414 1607 547 1656 pacto
568 1601 704 1644 vellet
733 1599 847 1643 illud
874 1614 1013 1656 agere
1039 1599 1320 1652 licentiatus,
1351 1607 1472 1644 esset
1501 1607 1655 1643 tamen
1685 1613 1852 1642 curan-

209 1676 318 1719 dum
340 1691 367 1720 a
386 1677 572 1722 nostris.
598 1678 726 1720 Haec
747 1676 899 1720 omnia
918 1677 982 1720 ita
1002 1676 1335 1734 intelligantur,
1359 1676 1398 1719 si
1416 1691 1508 1719 non
1525 1676 1584 1719 sit
1601 1677 1853 1720 vehemens

204 1754 528 1810 praesumptio,
554 1755 677 1809 quod
698 1754 840 1797 simus
861 1754 1077 1798 maiorem
1099 1753 1351 1811 tragediam
1369 1753 1628 1797 excitaturi.
1651 1753 1794 1809 Quod
1813 1752 1851 1795 si

204 1830 295 1874 hoc
316 1845 407 1874 non
429 1831 663 1881 succedat,
688 1831 758 1874 vel
781 1830 880 1875 fieri
906 1845 999 1874 non
1021 1830 1179 1887 possit,
1211 1831 1477 1874 consulatur
1505 1837 1657 1873 tamen
1687 1829 1850 1885 aliquis

201 1906 543 1952 iureconsultus
565 1908 772 1961 celebris,
798 1908 908 1965 quid
938 1909 1088 1952 facere
1110 1908 1338 1964 possimus
1359 1922 1462 1962 nos,
1487 1914 1537 1950 vt
1559 1907 1751 1952 eandem
1774 1920 1850 1949 se-

203 1984 444 2029 curitatem
467 1999 802 2041 consequamur
825 1986 857 2028 ².

293 2061 589 2106 Ceremoniae
626 2061 791 2105 missae
832 2069 1075 2106 seruentur
1115 2062 1369 2106 secundum
1411 2076 1544 2105 vsum
1588 2075 1843 2112 romanum,

273 2246 284 2266 ¹
335 2246 394 2281 Ex
407 2246 630 2292 apographo
642 2256 804 2290 coaevo,
816 2246 856 2282 in
869 2257 989 2293 parvo
1003 2245 1139 2282 codice
1153 2245 1271 2292 in8.⁰‚
1281 2245 1407 2281 codici
1420 2245 1558 2281 Natal.
1572 2246 1691 2280 instr.
1707 2245 1846 2280 Germ.

199 2305 363 2348 inserto,
381 2305 485 2342 foliis
502 2305 660 2350 262-273
679 2305 880 2351 (347·357).
901 2306 977 2342 Hie
993 2317 1138 2354 parvus
1154 2305 1280 2342 codex
1297 2306 1460 2341 Romam
1479 2305 1623 2340 missus
1641 2304 1765 2340 fuisse
1793 2303 1852 2338 vi-

200 2363 317 2405 detur
333 2375 383 2400 ex
405 2376 468 2411 eo,
492 2364 596 2412 quod
613 2376 635 2400 a
653 2370 766 2411 tergo
785 2365 912 2401 ultimi
935 2364 1019 2400 folii
1042 2365 1231 2412 scriptum
1252 2371 1327 2411 est,
1352 2365 1519 2401 scilicet:
1549 2365 1735 2399 «Romam
1761 2363 1849 2398 mit-

200 2423 363 2460 tendum
392 2435 442 2460 ex
470 2424 638 2470 collegio
667 2424 926 2460 louaniensi.»
951 2425 1076 2460 Totus
1102 2426 1153 2460 ab
1180 2436 1258 2461 uno
1282 2425 1498 2472 eodemque
1523 2423 1680 2460 librario
1705 2422 1846 2458 litteris

200 2482 359 2531 quidem
377 2483 537 2520 minutis
554 2489 737 2519 exaratus
754 2489 829 2519 est.
849 2484 1043 2524 Ultimum
1056 2483 1208 2530 folium,
1223 2490 1378 2531 praeter
1390 2483 1534 2519 dictam
1550 2482 1844 2528 inscriptionem

198 2547 243 2578 et
257 2542 358 2579 hanc
374 2543 549 2579 alteram:
570 2541 871 2580 «Ordinationes
888 2544 935 2581 R.
955 2544 1002 2579 P.
1020 2544 1189 2590 Natalis,
1206 2543 1408 2589 Louanii»,
1425 2543 1520 2578 nihil
1536 2541 1639 2578 aliud
1654 2540 1844 2577 continet.

202 2602 311 2638 Haec
327 2601 533 2638 instructio
556 2613 659 2638 anno
681 2603 773 2648 1567
798 2604 861 2638 vel
883 2603 985 2650 1568,
1006 2603 1099 2640 dum
1124 2603 1275 2639 Natalis
1299 2602 1463 2639 Lovanii
1489 2607 1726 2645 versaretur,
1753 2599 1845 2635 scri·

201 2666 269 2709 pta
279 2661 368 2699 fuit.
383 2661 444 2699 Cf.
460 2662 591 2708 Epist.
610 2662 659 2697 P.
672 2661 824 2704 Nadal,
840 2662 909 2709 III,
922 2663 1006 2709 496,
1023 2671 1094 2708 519
1107 2669 1147 2698 et
1162 2662 1245 2708 564.
1262 2663 1405 2710 Aliqua
1419 2674 1468 2697 ex
1484 2663 1557 2696 hoc
1573 2663 1842 2704 monumento,

198 2719 304 2768 apud
321 2725 454 2756 nostra
470 2721 655 2757 Monam.
682 2721 880 2769 Paedag.‚
900 2733 990 2768 pag.
1009 2721 1079 2757 833
1097 2727 1138 2757 et
1155 2734 1265 2770 seqq.
1285 2721 1390 2757 edita
1408 2726 1514 2766 sunt,
1533 2730 1633 2766 quae
1652 2717 1714 2753 hic
1736 2729 1843 2764 prae—

164 2829 167 2831 4
206 2779 473 2816 termittimus.

271 2841 286 2860 ⁹
337 2839 453 2874 Anno
474 2839 563 2884 1565
582 2839 774 2886 «collegio
792 2840 1029 2876 Louaniensi
1043 2840 1241 2888 proprium
1260 2840 1416 2876 tandem
1430 2837 1687 2882 domicilium,
1703 2836 1752 2871 de
1766 2846 1843 2882 quo

200 2897 352 2942 tandiu,
370 2903 527 2945 tamque
545 2899 802 2935 vehementer
823 2905 1015 2936 certatum
1041 2905 1115 2944 est,
1140 2900 1189 2935 ad
1213 2912 1384 2943 manum,
1410 2904 1452 2934 ut
1476 2898 1598 2943 aiunt,
1624 2900 1841 2931 emortuam

201 2957 286 2993 iure
301 2958 534 3003 translatum
547 2959 621 2994 hoc
633 2970 748 2995 anno.
765 2958 934 2995 Senatus
947 2961 1054 2996 nulla
1068 2971 1225 3007 prorsus
1243 2959 1393 2995 adiecta
1411 2957 1634 2994 conditione
1652 2954 1839 2990 addixit.»

199 3015 459 3061 SAcchus‚
481 3017 555 3052 loc.
574 3016 659 3063 cit.,
679 3022 778 3064 part.
798 3018 868 3064 III,
887 3018 955 3055 lib.
974 3019 1006 3063 I,
1031 3030 1071 3054 n.
1097 3019 1157 3063 87.
1182 3018 1245 3055 Cf.
1271 3018 1400 3065 Epist.
1424 3018 1471 3053 P.
1500 3015 1649 3057 Nadal,
1674 3012 1725 3059 11,
1753 3012 1837 3059 310,

203 3073 289 3120 348,
307 3074 391 3120 349.
