2098 3470
827 202 1263 240 Ins-rnucrtonzs-m
1747 199 1820 247 423

318 308 508 353 Sat‘erit
529 306 567 350 si
587 305 792 350 minister
813 304 1069 348 subscribat
1089 292 1406 360 chirographis
1427 302 1724 355 medicorum,
1745 316 1862 358 quae

227 386 287 428 ad
306 385 702 441 pharmacopolam
724 382 982 434 mittuntur,
1006 380 1271 437 praesertim
1294 379 1332 423 si
1353 379 1428 422 illa
1451 379 1787 436 subscriptione
1804 379 1862 422 sit

230 461 581 518 pharmacopola
601 466 860 503 contentus.

321 537 632 589 Permittatur,
664 535 742 592 qui
770 534 1017 579 deuotione
1045 533 1245 587 ducitur,
1278 534 1396 578 ferre
1433 547 1614 577 crucem
1645 533 1858 588 aliquam,

229 622 308 658 aut
331 619 520 671 Agnum
548 613 652 666 Dei,
683 620 820 669 atque
845 612 981 656 etiam
1010 611 1239 667 reliquias,
1264 613 1348 653 has
1377 618 1530 654 tamen
1559 625 1663 653 curn
1692 625 1859 666 magna

229 691 607 735 consideratione.

316 768 473 811 Nostri
494 767 775 824 patrinorum
796 781 964 809 munus
986 781 1078 809 non
1099 766 1282 809 obeant.
1316 765 1392 808 Ad
1424 764 1739 820 processiones
1769 779 1859 807 non

227 852 349 897 eant,
373 851 424 887 vt
446 846 592 888 solent
615 843 690 889 143
712 843 914 900 religiosi
934 843 1047 895 bini,
1074 843 1155 886 sed
1175 856 1279 885 cum
1303 843 1473 898 populo
1493 848 1711 898 poterunt
1729 842 1857 897 sequi

227 922 582 978 processionem,
606 921 812 965 adhibito
832 920 1038 977 syndico,
1063 934 1123 964 ne
1159 918 1266 976 quid
1296 919 1562 962 admittatur
1599 926 1757 961 contra
1779 920 1855 963 de-

227 999 424 1042 centiam
446 999 519 1043 vel
550 998 926 1043 aedificationem.
955 999 1079 1042 Dent
1109 1012 1217 1041 vero
1249 1010 1431 1053 operam
1462 996 1783 1052 prouinciales,
1810 1003 1859 1038 vt

226 1082 408 1119 nostros
429 1090 488 1118 ne
508 1082 679 1132 cogant
699 1073 898 1131 episcopi
920 1075 978 1117 ad
998 1073 1314 1130 processiones
1329 1073 1409 1116 ire.

291 1147 571 1195 'Aduertant
593 1159 807 1204 rectores,
838 1151 876 1194 si
913 1151 1096 1207 quando
1132 1151 1330 1206 aliquem
1361 1150 1514 1206 aliquo
1542 1149 1723 1193 mittere
1755 1165 1858 1205 pos-

226 1236 334 1273 sunt
356 1236 402 1274 et
422 1229 586 1272 volunt
608 1229 653 1271 in
690 1227 1006 1282 ministerium,
1031 1234 1274 1283 antequam
1305 1227 1548 1283 quicquam
1579 1226 1766 1270 omnino
1783 1226 1857 1269 di-

225 1315 332 1350 cant
353 1307 426 1350 vel
447 1293 710 1362 significent
731 1320 784 1350 ea
805 1306 863 1349 de
884 1320 933 1349 re
954 1304 1168 1362 cuipiam,
1194 1311 1242 1347 vt
1263 1304 1489 1360 accipiant
1512 1303 1735 1348 rationem
1760 1304 1859 1348 eius

223 1383 532 1427 conscientiae
553 1390 744 1435 secrete,
771 1390 818 1424 vt
840 1383 976 1426 rebus
998 1381 1212 1426 omnibus
1233 1382 1396 1425 melius
1418 1381 1593 1438 possint
1615 1396 1857 1426 occurrere

223 1474 277 1503 ac
303 1460 544 1516 prouidere
572 1460 629 1502 ad
661 1459 878 1504 maiorem
910 1459 996 1503 Dei
1013 1454 1219 1515 gloriam:
1250 1466 1297 1502 et
1324 1458 1627 1503 intermittere
1652 1459 1857 1502 fortassis

223 1530 343 1580 illius
365 1536 642 1594 missionem.
668 1536 726 1579 Iis
748 1544 918 1588 autem,
944 1535 1021 1592 qui
1043 1535 1196 1591 aliquo
1217 1535 1479 1587 mittuntur,
1515 1550 1693 1591 semper
1723 1536 1856 1578 detur

222 1613 431 1670 specialis
452 1613 707 1666 instructio,
733 1613 1112 1669 quemadmodum
1135 1627 1184 1656 se
1205 1627 1366 1669 gerere
1382 1613 1580 1656 debeant
1596 1613 1643 1655 in
1663 1612 1733 1655 via
1752 1627 1855 1655 cum

221 1690 552 1743 aedificatione,
577 1698 623 1734 et
662 1691 814 1733 fructu
851 1690 1032 1733 illorum
1071 1689 1267 1746 proprio,
1294 1697 1339 1734 et
1375 1704 1532 1733 eorum
1570 1690 1723 1742 etiam,
1750 1705 1853 1732 cum

222 1767 390 1823 quibus
412 1775 567 1824 agent;
593 1769 776 1823 quando
799 1781 908 1810 vero
930 1766 1199 1824 peruenient
1220 1782 1292 1820 eo,
1313 1781 1404 1822 quo
1426 1775 1533 1810 sunt
1557 1767 1697 1820 missi,
1718 1782 1847 1824 supe-

221 1844 364 1888 riores
385 1844 669 1901 interrogent
690 1859 771 1889 eos
793 1845 1022 1900 quomodo
1042 1859 1092 1889 se
1113 1844 1339 1901 gesserint
1361 1844 1407 1886 in
1430 1844 1517 1896 via,
1538 1852 1584 1888 et
1602 1845 1850 1900 quemlibet

220 1919 356 1964 etiam
377 1921 456 1965 144
477 1936 633 1964 eorum
655 1921 912 1978 separatim,
933 1929 979 1964 et
1007 1935 1163 1964 eorum
1192 1921 1383 1978 primam
1412 1922 1571 1965 saltem
1600 1922 1849 1965 confessio-

221 2013 326 2042 nem
349 1999 536 2042 audiant
563 2001 592 2051 ¹,
617 2006 664 2043 et
685 1999 945 2055 generalem
969 1998 1169 2054 quidem,
1194 1998 1231 2042 si
1253 1998 1316 2042 ibi
1338 1998 1428 2041 sint
1450 1998 1714 2041 habitaturi.

308 2076 477 2119 Rector
498 2090 590 2119 non
611 2075 835 2132 intelligat
856 2091 913 2119 ex
930 2076 1125 2131 quodam
1143 2075 1290 2132 capite
1311 2075 1451 2118 officii
1468 2076 1539 2119 sui
1556 2091 1656 2127 esse
1678 2076 1762 2119 sibi
1785 2077 1852 2118 in-

219 2151 411 2204 dictum,
436 2167 494 2196 ne
522 2153 690 2209 sepius,
716 2168 850 2209 quam
878 2153 1020 2197 semel
1047 2152 1093 2195 in
1122 2167 1258 2205 anno,
1284 2161 1494 2197 exerceat
1522 2153 1675 2197 infima
1703 2154 1852 2196 officia

219 2229 383 2272 domus
399 2230 457 2272 ad
473 2229 848 2274 aedificationem.
862 2230 1018 2273 Potest
1034 2229 1154 2272 enirn
1172 2237 1218 2273 et
1234 2230 1370 2274 debet
1384 2216 1681 2285 frequentius,
1694 2245 1853 2284 quem-

218 2307 464 2350 admodum
494 2306 765 2363 intelligitur
794 2322 848 2351 ex
877 2306 1024 2363 primo
1048 2321 1148 2362 cap.
1183 2315 1266 2362 3.⁸‘³
1294 2306 1434 2363 partis
1462 2307 1664 2349 constit.:
1696 2321 1779 2350 nec
1808 2306 1852 2348 in

218 2382 291 2426 his
312 2383 531 2426 terminus
554 2384 685 2427 facile
702 2391 851 2439 potest
867 2382 1073 2440 praefigi.

305 2461 377 2504 De
397 2459 591 2517 singulis
619 2460 902 2517 intelligatur
930 2475 987 2502 an
1018 2468 1351 2504 sacramentum
1385 2459 1740 2511 confirmationis
1773 2474 1851 2502 ac-

219 2536 440 2592 ceperint,
464 2544 515 2579 vt
535 2536 678 2593 primo
701 2551 886 2592 quoque
913 2545 1132 2593 tempore,
1158 2537 1235 2592 qui
1263 2552 1353 2580 non
1383 2536 1655 2592 acceperint,
1683 2536 1850 2578 confir-

219 2621 416 2683 mentur.
441 2615 616 2658 Omnes
637 2628 748 2657 vero
770 2613 1042 2666 scholastici,
1068 2614 1145 2669 qui
1167 2613 1356 2671 primam
1388 2621 1618 2656 tonsuram
1651 2627 1742 2654 non
1763 2613 1848 2655 ha-

119 2671 124 2675 *
163 2732 166 2734 ,
217 2691 344 2744 bent,
369 2698 498 2735 curet
515 2688 668 2735 *rector
688 2698 738 2733 vt
760 2690 880 2734 illam
903 2691 1141 2747 accipiant.

306 2763 602 2824 Tentationes
632 2770 820 2811 fratrum
848 2767 1059 2820 leuiores,
1085 2768 1252 2823 quibus
1290 2775 1437 2810 rector
1476 2768 1644 2811 mederi
1676 2775 1841 2824 potest,

217 2858 309 2887 non
331 2851 402 2889 est
423 2845 544 2900 quod
566 2845 623 2887 ad
641 2844 897 2901 superiores
918 2844 1191 2897 scribantur,
1222 2844 1307 2887 nisi
1331 2844 1374 2886 in
1399 2858 1582 2899 genere:
1610 2843 1847 2900 grauiores

291 3013 303 3034 ¹
352 3011 451 3047 Vide
467 3011 572 3048 dicta
589 3012 629 3048 in
646 3023 734 3059 pag.
755 3011 838 3058 369,
859 3019 991 3051 annot,
1014 3021 1047 3051 1,
