2098 3470
692 208 1030 245 Annei-Arium
1055 206 1383 252 conannas-64
1739 206 1812 253 629

213 311 258 353 F
259 308 591 361 ranchfordiae,
616 317 712 353 tum
733 308 870 353 etiam
891 307 1174 364 Antuerpiae
1196 307 1354 358 nostri,
1379 314 1426 350 et
1444 307 1635 351 Louanii
1654 316 1701 351 et
1725 308 1856 352 Pari-

214 385 301 431 siis
322 393 369 430 et
390 374 436 428 in
460 385 700 442 Hispania.

312 463 403 507 Los
424 463 604 519 espejos
624 463 682 507 de
703 462 944 519 Magantia
964 478 994 519 y
1015 462 1073 505 de
1094 461 1316 518 Inglestat
1337 475 1388 505 se
1408 461 1584 516 quiten.

311 539 406 596 Qui
427 547 536 583 sunt
557 539 756 597 supremi
776 539 823 583 in
859 538 1235 596 congregatione,
1275 553 1332 582 ne
1353 544 1495 594 agant
1516 552 1621 581 cum
1646 539 1850 592 tentatis,

222 623 273 660 ut
299 616 400 660 illos
436 617 614 671 iuuent,
656 617 743 662 nisi
779 625 882 674 post
917 615 1147 661 adhibitos
1173 629 1331 660 omnes
1366 615 1652 659 consultores
1674 617 1787 660 alios
1808 625 1854 660 et

212 687 460 750 praesidia,
484 708 604 750 quae
626 693 829 738 adhiberi
850 701 1058 756 possunt,
1084 693 1156 738 vel
1177 693 1338 738 saltem
1361 706 1419 736 ne
1440 691 1487 735 id
1504 693 1674 735 faciant
1693 693 1853 737 incon-

214 771 341 814 sulto
362 771 595 827 superiore
616 779 650 814 ².

307 848 426 891 Cum
447 847 640 904 primum
681 847 834 891 ueniat
859 846 1083 901 uisitator,
1125 846 1278 891 uideat
1313 846 1352 890 si
1374 846 1477 902 quis
1504 845 1564 889 sit
1585 845 1632 888 in
1654 847 1852 904 collegio

212 930 438 976 tentatus,
462 931 509 968 et
539 924 660 968 illius
680 931 752 968 est
782 938 892 967 cura
922 923 1160 980 peculiaris
1179 924 1404 975 habenda,
1430 938 1488 966 ne
1512 923 1685 967 ueritus
1707 924 1853 968 refor-

209 1000 478 1053 mationem,
504 1001 781 1057 propellatur
802 1016 829 1044 a
849 1001 1043 1045 demone
1064 1001 1121 1044 ad
1141 1000 1446 1045 desertionem
1472 999 1737 1043 uocationis.

305 1079 388 1122 Est
408 1080 594 1135 plenum
616 1077 805 1134 periculi
836 1077 856 1103 ¹³
878 1084 930 1122 ut
949 1077 1099 1137 nostri·
1112 1078 1321 1121 doctores
1352 1077 1588 1134 disputent
1610 1076 1658 1119 in
1682 1078 1852 1121 scholis

211 1154 411 1212 publicis
433 1163 479 1199 et
500 1154 593 1198 sint
614 1169 718 1211 pars
742 1155 1105 1218 uniuersitatum;
1136 1155 1250 1198 solet
1276 1154 1396 1198 enim
1419 1169 1477 1198 ex
1499 1154 1570 1197 his
1591 1154 1681 1198 ledi
1710 1156 1851 1199 vehe-

212 1228 393 1276 menter
413 1231 651 1288 disciplina
672 1239 704 1274 ⁰.

305 1308 377 1354 Sit
392 1308 629 1365 disciplina
651 1309 891 1365 peculiaris
907 1309 927 1335 ‘¹
943 1324 1024 1366 pro
1040 1309 1254 1366 professis
1269 1316 1315 1352 et
1330 1309 1664 1365 antiquioribus
1682 1317 1728 1353 et
1744 1324 1851 1366 spe-

216 1384 344 1430 cialis
363 1385 523 1429 oratio.
630 1387 635 1392 “
1160 1390 1187 1442 '⁴

303 1462 654 1507 Commissarius
677 1464 750 1507 uel
789 1463 1013 1517 uisitator,
1044 1471 1284 1520 postquam
1306 1463 1500 1507 audierit
1534 1464 1850 1507 confessiones

213 1540 470 1596 generales,
494 1541 678 1595 quando
700 1540 785 1583 erit
805 1540 1027 1592 abiturus,
1047 1540 1202 1584 audiat
1216 1541 1420 1585 omnium
1438 1540 1846 1593 reconciliationes,

218 1624 267 1659 ut
287 1615 620 1661 animaduertat
643 1617 1024 1673 quemadmodum
1047 1617 1210 1662 melius
1230 1618 1429 1662 habeant
1457 1620 1484 1660 ¹.

304 1693 385 1747 Vt,
402 1694 593 1748 ‚quando
623 1693 866 1737 mittuntur
901 1694 958 1737 ad
978 1693 1107 1739 initia
1137 1694 1450 1751 collegiorum,
1490 1710 1582 1738 non
1610 1694 1850 1738 mittantur

214 1769 307 1813 nisi
328 1769 407 1826 qui
429 1770 519 1812 sint
542 1769 868 1827 probatissimi.

303 1847 584 1904 Exponenda
605 1854 676 1891 est
698 1849 767 1890 2.’¹
793 1862 897 1904 pars
920 1848 1295 1892 constitutionum
1313 1849 1371 1892 de
1386 1848 1667 1902 dimissione,
1689 1850 1847 1894 saltem

210 1937 379 1967 causae
398 1923 656 1968 dimittendi
677 1931 724 1967 et
747 1939 857 1967 usus
882 1925 1207 1988 ostendenduS,
1226 1933 1273 1970 et
1289 1926 1588 1969 confirmandi
1606 1926 1766 1979 nostri,
1791 1941 1848 1969 ne

210 1999 414 2044 animum
430 2000 745 2056 despondeant
766 2009 952 2057 propter
973 2001 1272 2056 dimissiones;
1296 2017 1350 2046 ea
1372 2010 1442 2047 est
1464 2003 1586 2048 enim
1610 2003 1846 2046 hominum

135 2084 137 2086 ’
207 2076 400 2130 malitia,
426 2077 667 2122 Societatis
690 2091 800 2121 uero
815 2077 1054 2134 perfectio.

419 2209 671 2240 DICENDUM
704 2209 754 2240 IN
786 2210 1062 2250 COLLEGIIS,
1096 2211 1314 2259 PRAETER
1345 2213 1567 2243 CAETERA
1599 2207 1633 2244 e·

298 2309 371 2352 De
391 2308 738 2364 praeparatione
753 2309 811 2352 ad
827 2309 1010 2355 missam
1027 2310 1101 2354 uel
1117 2311 1433 2355 celebrandam
1451 2312 1524 2354 uel
1547 2311 1836 2355 audiendam.

299 2386 372 2428 De
391 2384 620 2429 oblatione
641 2386 791 2430 cordis
813 2386 859 2429 in
881 2386 1033 2431 missa.

300 2463 372 2506 De
393 2461 755 2507 mortificatione.

299 2538 370 2582 De
391 2537 672 2594 obligatione
699 2539 1094 2583 constitutionum.

297 2615 369 2658 De
388 2614 597 2658 libertate
619 2615 819 2672 spiritus.

279 2742 299 2760 ²
322 2731 431 2768 Haec
448 2741 470 2776 7
490 2733 611 2768 verba
629 2732 781 2769 Natalis
799 2745 915 2770 manu
932 2734 1085 2781 adjecta
1102 2741 1207 2773 sunt.
1269 2739 1336 2764 -b
1364 2736 1620 2771 Emendatum
1635 2747 1658 2770 a
1675 2736 1767 2770 Nat.
1788 2746 1838 2770 ex

212 2790 285 2827 Est
306 2790 486 2839 difficile.
539 2802 603 2821 —c
628 2793 776 2830 Ultima
798 2802 820 2839 7
844 2795 965 2830 verba
992 2801 1084 2831 sunt
1113 2795 1245 2832 addita
1274 2808 1296 2831 a
1328 2796 1422 2831 Nat.
1479 2797 1543 2822 -d
1571 2795 1655 2829 Hoc
1682 2795 1789 2829 verb.
1818 2805 1840 2829 a

211 2850 303 2887 Nat.
321 2851 496 2888 additum
519 2859 600 2889 est.
656 2863 719 2881 —e
745 2853 857 2890 Prius
874 2854 929 2890 ita
945 2854 1009 2891 hic
1026 2855 1164 2891 titulus
1181 2856 1332 2903 positus
1350 2855 1489 2891 fuerat:
1512 2855 1606 2890 Fuit
1623 2854 1838 2890 dicendum

209 2909 427 2958 Compluti:
443 2910 537 2947 dein
555 2912 707 2948 Natalis
726 2912 843 2949 manu
861 2913 1111 2950 emendatum
1128 2919 1174 2950 ut
1185 2927 1313 2962 supra.

283 3014 295 3034 ¹
345 3011 446 3048 Vide
462 3013 567 3049 dicta
583 3013 778 3060 superius,
797 3025 886 3061 pag.
906 3023 993 3061 402,
1010 3022 1142 3055 annot.
1167 3024 1199 3052 1.
