2098 3470
745 300 1022 354 MouuuzurA
1046 318 1260 353 Inme-
1272 325 1316 364 15
1367 355 1371 358 ,
1733 327 1794 364 141

206 418 464 476 gubernata
486 426 557 464 est
572 421 795 464 hactenus
807 417 1033 472 Societas,
1053 432 1144 462 non
1162 426 1314 462 tamen
1331 419 1453 462 omni
1470 433 1527 463 ex
1544 427 1686 476 parte.
1708 422 1840 472 Nam,

187 497 592 552 ,quemadmodum
613 495 660 539 in
684 495 847 552 quauis
868 496 1022 552 legum
1044 509 1271 539 nouarum
1295 497 1659 552 promulgatione
1686 511 1844 542 neces-

192 585 308 616 ·sum
330 580 403 618 est
422 573 538 628 fieri,
562 573 626 617 ita
651 572 698 617 in
725 572 1092 630 promulgatione
1119 572 1500 616 constitutionum
1530 582 1599 618 est
1627 575 1843 618 obserua-

177 681 180 684 -
205 655 320 703 tum,
354 657 407 693 ut
433 664 525 694 non
553 649 772 694 continuo
797 656 901 706 post
926 648 1339 706 promulgationem
1368 650 1459 692 sint
1487 651 1610 693 omni
1633 666 1689 694 ex
1712 660 1838 707 parte

175 726 491 779 “obseruatae
521 727 603 771 sed
630 726 923 784 pedetentim,
961 726 1007 770 id
1043 733 1129 778 est,
1160 740 1214 770 ac
1245 726 1530 770 considerate
1568 726 1752 771 fuerunt
1790 728 1836 770 in

207 816 340 846 usum
376 810 513 859 atque
544 803 909 864 obseruationem
942 796 1317 856 introducendae,
1348 818 1439 858 quo
1468 811 1673 860 tempore
1697 805 1841 860 magis

204 893 262 924 ex
283 879 433 933 bullis,
458 894 515 923 ex
535 879 724 937 regulis,
747 894 806 924 ex
825 879 1085 924 obedientia
1106 879 1334 936 praesenti
1355 880 1640 936 superiorum
1669 882 1816 937 guber
1829 908 1840 912 -

203 943 355 1012 nanda
375 956 462 1000 fuit
481 955 704 1009 Societas,
728 957 864 1012 'quam
884 971 943 1000 ex
963 955 1384 1008 constitutionibus,
1411 957 1589 1000 tametsi
1611 956 1725 999 nihil
1752 957 1839 999 illis

203 1032 491 1076 authoritatis
510 1034 706 1078 deesset.
730 1035 797 1077 Ita
817 1033 940 1078 enim
963 1033 1174 1078 uidemus
1195 1048 1353 1077 omnes
1370 1035 1497 1090 leges
1514 1049 1614 1078 esse
1631 1034 1838 1077 introdu—

203 1115 320 1162 ctas,
359 1116 412 1152 ut
435 1124 473 1155 ,a
509 1109 732 1167 principio
768 1109 1027 1167 obligarent
1061 1125 1237 1163 omnes,
1277 1125 1370 1153 non
1406 1125 1564 1154 omnes
1606 1118 1756 1155 tamen
1786 1112 1841 1155 ad

161 1190 165 1193 '
203 1185 356 1229 omnia
376 1193 667 1244 cogerentur,
692 1186 779 1230 nisi
801 1187 861 1229 ad
881 1185 1155 1239 necessaria,
1186 1186 1234 1230 in
1261 1187 1361 1230 aliis
1384 1202 1493 1231 uero
1516 1191 1616 1230 erat
1642 1195 1839 1243 tempus,

204 1274 297 1317 quo
306 1268 359 1306 et
375 1262 523 1315 facile,
542 1270 590 1307 et
605 1263 734 1319 quasi
750 1263 1008 1308 necessario
1028 1270 1149 1307 esset
1165 1263 1537 1320 dispensandum.
1559 1263 1683 1307 Nihil
1700 1263 1842 1319 igitur

203 1337 315 1382 noui
329 1338 375 1381 in
393 1347 550 1382 nostro
568 1339 880 1396 chirographo
894 1339 1108 1393 diximus,
1128 1339 1240 1383 nihil
1260 1341 1383 1396 quod
1403 1344 1667 1399 oppugnari
1683 1342 1837 1398 possit.

295 1415 488 1472 Quinto,
518 1415 882 1470 constitutiones,
912 1417 1061 1473 inquit
1089 1419 1195 1468 Bo.,
1229 1418 1384 1461 debent
1411 1419 1510 1463 fieri
1539 1434 1566 1462 a
1592 1419 1839 1471 Societate,

204 1491 311 1549 quia
328 1482 681 1542 constitutiones
701 1501 810 1536 sunt
830 1494 1089 1548 Societatis,
1112 1502 1205 1539 etc.
1234 1496 1302 1538 Ex
1328 1497 1415 1538 hac
1443 1495 1543 1539 eius
1570 1497 1840 1541 collectione

201 1569 395 1613 conficio
417 1583 507 1612 non
530 1570 697 1614 deferri
717 1571 1096 1627 gubernationem
1120 1571 1363 1616 Societatis
1383 1574 1442 1615 ad
1469 1573 1638 1629 primos
1668 1576 1842 1630 profes-

201 1659 292 1689 sos,
322 1647 492 1690 Eodem
523 1647 675 1704 igitur
701 1654 834 1704 pacto
861 1662 951 1704 ego
977 1649 1161 1705 colligo:
1195 1649 1470 1706 gubernatio
1507 1651 1644 1694 debet
1682 1652 1778 1694 fieri
1814 1669 1839 1693 a

201 1722 447 1776 Societate,
481 1723 589 1779 quia
623 1724 897 1781 gubernatio
931 1732 1002 1770 est
1033 1725 1173 1768 totius
1202 1726 1459 1771 Societatis:
1494 1742 1586 1770 non
1618 1742 1730 1784 ergo
1761 1743 1840 1784 per

201 1799 325 1842 solos
344 1801 574 1856 professos
592 1800 778 1857 primos.
803 1802 1067 1855 Caeterum,
1092 1802 1204 1845 nihil
1225 1809 1296 1846 est
1317 1803 1411 1846 fere
1440 1803 1580 1855 aliud,
1612 1805 1734 1859 quod
1766 1804 1839 1847 hic

201 1889 438 1920 necessum
466 1876 526 1919 sit
556 1877 838 1933 responderi;
870 1878 980 1922 satis
1000 1878 1122 1922 enim
1144 1880 1326 1923 abunde
1352 1881 1838 1923 monstrauimuscon-

200 1951 487 1996 stitutionum
523 1943 847 1999 authoritatem
885 1955 929 1998 in
968 1956 1298 2012 superioribus.
1340 1957 1481 2001 Miror
1523 1962 1688 2008 tamen,
1732 1972 1834 1999 cum

199 2027 256 2072 P.
282 2030 365 2074 Bo.
390 2031 665 2074 confiteatur
690 2046 717 2075 a
746 2034 882 2077 Patre
910 2033 1088 2089 Ignatio
1116 2033 1290 2078 aeditas
1317 2034 1682 2085 constitutiones,
1714 2037 1835 2090 quod

198 2094 292 2148 non
311 2106 423 2150 s‘atis
443 2107 739 2151 authoritatis
760 2116 891 2165 putet
913 2109 1014 2153 illas
1034 2111 1204 2154 habere
1225 2112 1294 2153 vel
1315 2125 1364 2153 eo
1384 2111 1475 2153 solo
1497 2112 1693 2163 nomine,
1718 2112 1839 2166 quod

199 2196 226 2225 a
249 2184 302 2226 Ρ.
326 2183 505 2240 Ignatio
528 2185 697 2230 fuerint
718 2187 966 2242 profectae.
992 2188 1094 2243 Ego
1117 2187 1318 2242 quidem,
1342 2187 1380 2231 si
1403 2187 1525 2230 aliud
1557 2187 1687 2239 nihil,
1718 2195 1840 2231 certe

196 2273 255 2303 ex
275 2260 373 2303 sola
392 2261 670 2307 authoritate
694 2263 746 2307 P.
772 2263 953 2319 Ignatii,
978 2270 1026 2306 et
1047 2263 1237 2320 accipio,
1257 2271 1303 2308 et
1320 2279 1487 2320 magna
1503 2278 1607 2306 cum
1625 2265 1833 2307 consola-

200 2334 324 2380 tione
340 2337 582 2381 deosculor
602 2339 952 2384 constitutiones
973 2355 1147 2384 omnes.
1168 2341 1307 2396 Quod
1325 2355 1432 2384 uero
1448 2341 1575 2383 addit
1592 2342 1720 2383 datas
1738 2355 1836 2383 esse

197 2413 538 2467 examinandas,
565 2422 614 2458 ut
630 2416 934 2472 corrigantur,
954 2416 1001 2459 id
1017 2417 1169 2460 nullus
1185 2425 1272 2471 est,
1292 2417 1370 2472 qui
1388 2417 1530 2472 possit
1548 2418 1834 2467 confirmare,

199 2489 280 2532 lzoc
297 2491 422 2533 enim
441 2493 748 2535 tantummodo
769 2500 919 2536 actum
942 2501 1028 2544 est,
1054 2501 1105 2536 ut
1126 2493 1204 2549 qui
1225 2494 1423 2538 habituri
1440 2502 1547 2536 sunt
1565 2494 1830 2547 suffragium

198 2565 476 2622 inproxima
502 2569 879 2625 congregatione,
911 2570 942 2612 ii
974 2570 1209 2623 adnotent,
1241 2570 1278 2613 si
1316 2570 1424 2625 quid
1460 2570 1658 2619 uideant,
1692 2570 1826 2624 quod,

52 2634 58 2642 ⁵
134 2703 138 2705 λ
198 2643 346 2687 electo
367 2644 571 2700 generali
593 2646 714 2702 (nam
733 2653 975 2701 antequam
994 2646 1222 2702 generalis
1240 2647 1299 2690 sit
1316 2654 1494 2690 creatus
1512 2646 1679 2687 nullam
1700 2646 1835 2688 habet

200 2720 523 2765 authoritatem
546 2722 753 2766 Societas
778 2722 1027 2778 legitimam
1051 2723 1109 2765 ad
1139 2723 1489 2766 constitutiones
1518 2722 1833 2771 immutandas,

200 2803 254 2839 ut
274 2803 455 2841 constat
476 2813 533 2842 ex
553 2797 812 2854 diplomatis
834 2799 1016 2854 nostris)
1040 2813 1094 2842 ac
1116 2798 1464 2855 congregationi
1492 2798 1549 2840 sit
1581 2810 1837 2852 proponen-

140 2916 151 2922 ,
199 2873 326 2927 dum3
350 2888 499 2929 neque
520 2874 654 2919 uideo
677 2875 797 2917 vnde
814 2875 956 2931 possit
974 2875 1076 2930 quis
1093 2875 1301 2919 diuinare
1318 2891 1374 2918 an
1392 2874 1559 2928 aliquid
1578 2888 1602 2915 a
1623 2873 1834 2915 Patribus

198 2950 251 2992 in
272 2951 634 3008 congregatione
655 2950 714 2994 sit
735 2951 1071 2994 immutandum
1094 2959 1127 2994 ³.

270 3071 289 3089 ⁸
312 3043 431 3098 ‘Post
447 3063 544 3098 haec
568 3062 622 3098 ita
647 3063 856 3110 scripserat
879 3064 987 3110 prius
1011 3063 1176 3102 Natalis:
1210 3065 1315 3109 «Ego
1347 3063 1399 3097 ita
1431 3073 1543 3107 spero
1574 3061 1613 3095 in
1643 3061 1709 3095 X.⁰
1740 3059 1834 3094 nihil

199 3118 372 3167 omnino,
391 3120 496 3168 quod
510 3121 559 3157 ad
574 3121 797 3165 institutum
812 3122 992 3168 attineat,
1013 3134 1089 3158 non
1104 3133 1193 3158 esse
1213 3131 1458 3166 summopere
1478 3118 1730 3166 probandum.
1759 3118 1834 3152 Ad-
