2098 3470
287 275 358 320 418
756 277 912 315 Purus
938 278 1181 314 HmRONYm
1206 278 1357 314 NADAL

245 391 414 432 sponsa
437 384 482 421 et
505 377 806 423 obedientiae.
833 379 1014 423 quabit
1035 386 1186 422 autem
1210 380 1266 422 ad
1289 381 1374 423 hoc
1396 380 1652 436 superiores
1669 381 1873 424 omnium

244 454 506 510 regularum
530 454 748 511 cognitio,
773 471 863 500 non
887 457 1033 499 solum
1057 471 1257 499 suarum.

332 531 540 574 Tollatur
571 532 628 575 de
657 532 804 575 medio
832 548 994 577 sensus
1022 532 1183 586 omnis,
1223 533 1445 588 colloquia
1475 533 1610 578 etiam
1639 533 1869 588 vniuersa,

244 622 360 662 quae
382 607 693 652 diuersitatem
710 609 783 653 vel
799 609 1125 653 sententiarum
1146 610 1216 653 vel
1234 609 1484 652 animorum
1496 625 1653 666 parere
1675 609 1866 667 possint.

332 685 408 727 Ad
430 684 743 740 negociorum,
767 700 883 741 quae
923 693 1084 729 tractat
1120 685 1338 738 Societas,
1369 686 1702 742 expeditionem
1732 694 1777 731 et
1799 702 1872 732 re-

242 769 360 804 ctam
385 761 781 817 gubernationem,
821 762 1066 806 christiana
1087 763 1281 817 quadam
1306 763 1685 822 moderatione-et
1714 763 1864 808 suaui-

242 846 335 882 tate
377 847 422 882 et
463 838 602 882 animi
639 840 979 896 magnitudine,
1021 854 1101 896 pro
1144 854 1267 883 more
1312 840 1573 893 Societatis,
1618 842 1866 897 proceden-

242 916 351 958 dum
374 922 459 960 est.
1828 900 1832 906 ’
1889 912 1893 916 ’

330 991 403 1037 131]
426 992 808 1037 Animaduertant
830 994 963 1038 etiarn
988 1001 1202 1046 rectores,
1238 1001 1287 1036 vt
1315 994 1616 1037 communiter
1643 1010 1697 1038 ea
1724 996 1870 1038 solum

244 1069 458 1113 fratribus
475 1078 676 1124 narrent,
697 1085 811 1126 quae
830 1073 886 1114 ad
903 1070 1262 1114 aedificationem
1280 1070 1524 1127 pertinent.
1547 1072 1679 1126 Quae
1696 1079 1872 1116 secreta

242 1153 365 1199 sunt,
390 1147 463 1190 vel
487 1147 670 1190 omnino
693 1147 858 1203 quibus
886 1163 977 1190 non
1005 1147 1354 1191 aedificarentur
1384 1148 1560 1202 fratres,
1592 1149 1665 1192 vel
1691 1163 1748 1193 ex
1769 1148 1870 1204 qui-

242 1225 327 1267 bus
358 1223 538 1267 curiose
569 1229 773 1281 agerent,
803 1207 875 1268 vell
906 1224 1016 1267 nulli
1048 1224 1399 1276 communicent,
1431 1225 1503 1268 vel
1535 1225 1871 1269 consultoribus

241 1308 435 1353 tantum,
464 1302 535 1344 vel
558 1301 745 1347 selectiS.
759 1301 872 1353 aliis,
899 1302 935 1343 si
969 1301 1045 1356 qui
1075 1301 1351 1345 videbuntur
1378 1301 1536 1344 iuuare
1565 1316 1698 1357 posse
1719 1302 1870 1345 consi-

239 1377 315 1429 lio,
340 1379 412 1422 vel
436 1378 571 1422 etiarn
594 1378 668 1422 illa
689 1378 845 1421 notitia
869 1393 1018 1421 rerum
1041 1377 1205 1431 iuuari,
1230 1393 1388 1421 verum
1411 1379 1496 1420 sub
1514 1379 1675 1422 eodem
1691 1385 1869 1422 secreto

240 1454 316 1498 illa
334 1455 589 1499 comittent.

329 1532 597 1588 Superiores
621 1532 702 1575 toti
723 1532 987 1575 incumbant
1017 1531 1351 1588 gubernationi,
1378 1546 1526 1587 neque
1557 1531 1764 1576 diuidant
1785 1547 1865 1576 cu-

240 1624 337 1651 ram
354 1623 482 1652 suam
505 1616 552 1652 et
573 1623 771 1665 operam,
798 1610 945 1664 quoad
969 1609 1066 1653 eius
1088 1609 1187 1653 fieri
1207 1608 1389 1664 poterit.
1416 1608 1537 1652 Satis
1565 1609 1708 1652 multa
1730 1617 1871 1666 agent

239 1686 276 1729 si
297 1688 464 1729 bonam
502 1694 762 1741 rectamque
799 1686 1017 1729 rationem
1051 1676 1241 1728 reddent
1263 1684 1402 1728 officii
1425 1685 1495 1728 sui
1518 1687 1617 1728 Deo
1645 1691 1691 1729 et
1711 1685 1870 1731 Socie-

241 1764 336 1807 tati.
363 1765 483 1808 Sunt
504 1764 623 1806 enim
647 1770 736 1806 tam
757 1764 923 1807 multae
941 1771 1090 1819 partes
1107 1763 1152 1804 in
1171 1777 1327 1806 eorum
1347 1763 1514 1814 officio,
1536 1777 1648 1817 quas
1666 1761 1704 1805 si
1723 1762 1869 1805 sciant

238 1850 284 1885 et
306 1841 393 1884 illis
415 1840 672 1884 afficiantur
694 1840 958 1891 efficaciter,
983 1840 1020 1883 si
1042 1854 1123 1896 pro
1145 1839 1370 1896 dignitate
1391 1839 1490 1882 illas
1513 1845 1677 1896 gerant
1705 1839 1752 1882 in
1774 1841 1870 1882 Do-

239 1918 379 1971 mino,
405 1924 453 1960 vt
474 1917 587 1960 nihil
607 1917 664 1960 sit
687 1917 891 1959 futurum
931 1916 1143 1973 temporis
1174 1915 1356 1970 residui,
1389 1917 1511 1971 quod
1541 1915 1639 1960 aliis
1669 1930 1868 1972 occupa—

241 1995 442 2039 tionibus
466 1995 523 2040 131
547 1994 823 2051 impertiant.
848 1995 904 2036 Et
942 2001 1094 2037 tamen
1116 1994 1167 2036 fit
1189 1994 1298 2045 fere,
1333 1999 1383 2035 vt
1405 1993 1551 2037 obiter
1578 1992 1762 2048 aliquod
1783 1992 1869 2035 mi—

239 2073 475 2116 nisterium
499 2071 739 2117 Societatis
761 2071 886 2115 obire
908 2071 1100 2127 possint.
1129 2072 1266 2126 Quod
1287 2085 1391 2113 cum
1414 2070 1605 2124 faciunt,
1624 2071 1868 2114 vehemen-

240 2157 308 2194 ter
326 2156 522 2194 caueant
543 2165 602 2194 ne
623 2149 669 2191 id
690 2149 769 2192 fiat
792 2163 895 2191 cum
919 2148 1092 2191 iactura
1110 2147 1423 2200 solicitudinis,
1443 2147 1516 2191 vel
1533 2161 1712 2203 operae,
1733 2161 1868 2202 quam

238 2241 324 2270 suo
345 2219 498 2269 officio
516 2227 699 2270 debent.

327 2303 452 2347 Libri
483 2303 616 2346 vtiles
643 2302 733 2346 sint
759 2302 950 2358 expositi
983 2301 1163 2358 publice
1194 2302 1241 2345 in
1275 2301 1569 2354 bibliotheca,
1602 2300 1676 2343 alii
1705 2299 1752 2343 in
1779 2315 1870 2343 vno

237 2381 450 2424 cubiculo
484 2380 627 2423 clausi
657 2381 927 2431 habeantur,
961 2378 1038 2434 qui
1068 2378 1245 2422 etiamsi
1283 2379 1340 2421 ad
1371 2374 1692 2422 bibliothecam
1731 2376 1870 2433 perti-'-

240 2465 393 2511 neant,
419 2465 569 2500 tamen
591 2465 776 2513 possent
798 2455 1104 2499 curiositatem
1128 2457 1317 2498 fratrum
1329 2454 1549 2498 excitare.

328 2537 536 2587 Munera,
577 2548 692 2589 quae
719 2534 988 2585 offeruntur,
1020 2547 1115 2575 non
1142 2531 1418 2588 recipiantur
1439 2531 1485 2574 in
1514 2530 1717 2587 collegiis
1738 2531 1867 2573 dota-

240 2612 312 2664 tis,
338 2619 388 2654 vt
409 2611 672 2654 constitutio
693 2610 977 2667 praescribit.
1010 2611 1182 2652 Tamen
1200 2609 1237 2652 si
1260 2608 1368 2664 quid
1390 2607 1546 2664 exigui
1566 2607 1798 2660 momenti,
1823 2614 1869 2651 et

242 2703 334 2732 non
363 2688 588 2732 ordinarie
621 2687 875 2731 mitteretur
898 2702 924 2729 a
946 2701 1137 2742 persona
1169 2686 1332 2741 aliqua,
1358 2685 1488 2728 cuius
1517 2691 1635 2729 esset
1661 2684 1869 2729 habenda
1898 2677 1902 2681 ’

243 2766 373 2818 ratio,
399 2772 548 2822 potest
569 2764 810 2820 aliquando
832 2763 994 2819 accipi,
1019 2763 1261 2818 aliquando
1283 2777 1386 2805 non.

331 2843 469 2898 Quod
492 2854 816 2896 nonnunquam
850 2855 875 2882 a
897 2839 1064 2883 nostris
1095 2846 1163 2883 est
1194 2839 1465 2890 factitatum,
1492 2845 1537 2882 et
1557 2837 1739 2893 quidem
1764 2851 1869 2880 cum

242 2919 556 2962 aedificatione
577 2925 622 2961 et
645 2918 812 2969 fructu,
839 2925 886 2959 vt
920 2931 1004 2959 suo
1032 2916 1296 2960 interuentu
1324 2914 1592 2970 impedirent
1628 2914 1760 2957 ludos
1780 2927 1868 2970 pu-

220 3010 222 3012 ·
242 2996 385 3039 blicos
407 2997 665 3038 chartarum
687 3000 733 3037 et
770 2993 1042 3046 taxillorum,
1083 2995 1263 3036 chartas
1300 2992 1435 3034 etiam
1459 2992 1708 3035 lacerarent
1731 2990 1803 3035 132
1824 2997 1869 3033 et

242 3073 420 3116 taxillos
457 3078 761 3124 contererent,
787 3070 832 3113 id
855 3070 892 3112 si
930 3071 1110 3125 quando
1142 3084 1245 3112 cum
1283 3067 1594 3111 aedificatione
1631 3074 1678 3110 et
1716 3067 1868 3109 fructu
