2098 3470
336 296 402 332 144
803 288 957 324 Plu-ms
982 289 1225 325 HIERONYm
1252 289 1404 324 NADAL

284 387 406 430 dIcat
428 387 720 439 Societatem,
747 401 863 442 quae
885 387 1090 432 Societas
1111 403 1202 431 non
1233 395 1316 441 est3
1349 389 1429 432 sed
1457 389 1571 433 haec
1608 403 1697 446 ego
1735 390 1912 443 omitto;

283 463 497 507 illudotibi
520 464 648 508 breui
666 465 937 520 respondeo,
956 480 1056 509 esse
1075 464 1424 508 constitutiones
1443 466 1628 508 Patrum
1646 465 1912 522 primorum,

285 548 381 584 tum
404 540 592 584 aliorum
619 543 806 584 Patrum
830 541 1049 594 omnium,
1075 542 1151 596 qui
1175 540 1420 584 conuocari
1442 542 1678 585 commode
1706 551 1912 598 possunt,

283 618 474 661 consilio
503 625 548 662 et
575 617 795 674 suffragio
824 633 851 660 a
881 620 932 661 Ρ.
965 618 1145 674 Ignatio
1183 617 1388 660 conditas
1420 625 1557 673 atque
1588 618 1760 662 aeditas
1790 619 1916 663 iuxta

282 695 507 738 bullarum
533 694 886 752 praescriptum.>

371 772 447 815 Ad
470 780 680 827 quartum
703 772 854 815 locum
876 772 986 815 nihil
1009 772 1276 828 respondeo,
1311 786 1414 826 nam
1443 771 1556 814 nihil
1583 772 1705 815 aliud
1738 775 1792 818 Ρ.
1829 775 1910 817 Bo.

281 863 418 905 quam
442 848 621 905 repetit,
647 863 763 904 quae
784 849 993 905 superius
1016 863 1104 904 ego
1127 847 1253 900 dilui,
1279 847 1365 891 nisi
1387 849 1508 904 quod
1524 850 1581 892 ad
1602 849 1740 892 finem
1761 849 1915 894 adiicit

281 926 481 982 pendere
501 925 819 969 authoritatem
843 924 1220 968 constitutionum
1243 925 1362 980 apud
1394 939 1574 981 papam,
1610 926 1732 981 quod
1758 940 1843 969 nos
1873 930 1914 969 et

279 1002 387 1046 boni
409 1001 704 1054 consulimus,
730 1009 775 1046 et
797 1016 898 1044 cum
925 1001 1060 1044 animi
1084 1001 1227 1044 nostri
1255 1001 1509 1045 humilitate
1537 1006 1669 1058 atque
1695 1002 1909 1047 obedien-

280 1080 342 1123 tia
365 1093 523 1122 sumus
550 1078 780 1135 accepturi
809 1078 1025 1134 quicquid
1054 1078 1100 1120 in
1131 1078 1218 1121 illis
1245 1078 1391 1133 egerit
1420 1079 1733 1123 sanctissimus
1762 1064 1908 1123 Dnus.

279 1164 449 1209 noster;
482 1170 572 1198 non
601 1163 752 1199 tamen
783 1162 1023 1211 propterea
1052 1156 1130 1198 fiet
1159 1156 1322 1209 (donec
1351 1170 1478 1198 suam
1508 1156 1779 1200 sententiam
1808 1171 1910 1213 ape-

278 1233 363 1276 riat
385 1247 591 1277 summus
613 1233 830 1288 pontifex)
854 1246 945 1275 non
967 1233 1136 1276 habere
1157 1247 1256 1275 eam
1277 1232 1600 1276 authoritatem
1623 1232 1911 1277 constitutio*

278 1325 377 1361 nes,
408 1325 542 1366 quam
573 1311 808 1361 hactenus,
849 1316 894 1352 et
932 1323 957 1350 a
994 1308 1225 1353 Societate
1260 1316 1306 1352 et
1342 1324 1368 1352 a
1400 1309 1588 1353 summis
1619 1310 1912 1370 pontificibus

280 1387 593 1439 obtinuerunt;
619 1400 704 1429 nec
744 1400 851 1429 uero
882 1386 1011 1430 aliter
1041 1386 1238 1441 pendent
1267 1393 1449 1430 nostrae
1470 1379 1825 1435 'constitutiones
1855 1387 1911 1430 ab

275 1465 471 1507 summis
490 1463 791 1520 pontificibus,
824 1477 958 1518 quam
988 1463 1128 1505 solent
1154 1464 1281 1520 leges
1318 1478 1475 1507 omnes
1510 1466 1752 1516 humanae,
1793 1469 1910 1519 quae

276 1555 359 1598 pro
380 1555 532 1585 rerum
555 1555 607 1583 ac
631 1547 883 1596 temporum
908 1539 1142 1593 uarietate,
1166 1548 1302 1595 atque
1325 1539 1422 1583 aliis
1447 1540 1583 1584 uariis
1604 1554 1661 1583 ex
1692 1540 1842 1583 causis
1863 1548 1923 1585 et·

276 1617 440 1682 mutari
462 1631 642 1673 semper
663 1625 871 1673 possunt,
896 1624 942 1659 et
967 1617 1225 1672 frequenter
1247 1618 1430 1660 debent.

361 1695 500 1751 Quod
521 1700 754 1751 praeterea
771 1693 928 1736 scribit
952 1696 1003 1737 P.
1032 1695 1134 1748 Bo.,
1160 1693 1371 1737 iniuriam
1394 1709 1477 1737 nos
1494 1695 1645 1738 facere
1667 1694 1903 1746 Societati,

271 1773 309 1816 si
331 1772 536 1816 dicamus
554 1770 904 1815 constitutiones
926 1770 1246 1814 authoritatem
1270 1772 1456 1825 habere,
1488 1786 1592 1814 cum
1623 1778 1775 1816 tamen
1798 1785 1906 1814 con—

272 1850 447 1895 tineant
468 1848 690 1904 quaedam
713 1847 951 1900 diminuta,
972 1849 1194 1903 quaedam
1216 1849 1460 1904 superflua,
1481 1847 1567 1892 alia
1588 1847 1904 1900 intolerabilia,

271 1926 489 1970 nonnulla
511 1924 726 1977 difficilia;
757 1924 869 1966 nihil
905 1939 994 1981 ego
1031 1924 1169 1968 miror
1206 1925 1280 1968 ita*
1305 1925 1431 1980 loqui
1469 1927 1651 1969 Patrem
1675 1926 1787 1976 Bo.,
1829 1924 1905 1980 qui

270 2017 504 2058 nunquam
532 2007 668 2045 antea
702 2002 878 2057 legerat
906 2001 1271 2055 constitutiones,
1310 2009 1357 2044 et
1393 2016 1516 2044 nunc
1552 2002 1764 2058 priznum,
1799 2016 1903 2044 cum

271 2079 419 2135 aliqua
442 2078 487 2121 in
509 2077 597 2121 illis
618 2076 746 2134 legit,
771 2092 827 2121 eo
854 2077 1033 2120 uidetur
1055 2077 1206 2121 animo
1229 2078 1276 2119 id
1289 2078 1467 2135 facere,
1485 2092 1576 2120 non
1597 2085 1645 2121 ut
1661 2077 1900 2134 intelligat,

269 2157 348 2200 sed
371 2164 422 2198 ut
457 2161 709 2211 oppugnet,
741 2154 1004 2210 praesertim
1033 2169 1137 2197 cum
1166 2154 1213 2196 in
1244 2154 1330 2197 illis
1363 2154 1570 2198 uideatur
1600 2155 1714 2198 illud
1751 2156 1902 2200 solum

269 2247 503 2289 quaerere,
529 2245 620 2287 quo
641 2237 775 2287 pacto
797 2230 908 2272 nihil
930 2232 1126 2274 habeant
1144 2230 1448 2284 authoritatis,
1469 2238 1520 2274 ut
1536 2231 1642 2274 hinc
1658 2233 1901 2288 explodere

267 2309 412 2366 possit
435 2310 618 2352 Patrem
640 2306 875 2350 vicariurn.
902 2308 1023 2350 Illud
1044 2308 1197 2363 potius
1223 2308 1396 2349 mirum
1425 2308 1574 2350 videri
1592 2312 1748 2364 potest,
1781 2311 1901 2364 quod

267 2386 378 2430 nihil
400 2385 564 2430 dixerit
592 2385 638 2427 in
668 2383 755 2427 illis
782 2385 944 2427 falsum
974 2399 1090 2437 esse;
1121 2399 1225 2427 nam
1257 2384 1296 2427 si
1332 2385 1667 2438 confiteremur,
1707 2399 1822 2442 quae
1853 2387 1899 2430 in

267 2463 364 2507 illas
387 2461 571 2518 obloqui
596 2462 774 2504 uidetur
799 2463 851 2504 P.
875 2463 976 2514 Bo.,
998 2460 1112 2504 nihil
1130 2471 1281 2506 tamen
1298 2470 1417 2506 esset
1434 2462 1646 2505 iniurium
1663 2463 1894 2517 Societati,

266 2548 334 2593 ut,
358 2540 548 2591 scilicet,
581 2538 697 2583 desit
725 2537 1144 2591 constitutionibus,
1176 2553 1266 2594 quo
1294 2547 1428 2594 pacto
1455 2539 1675 2582 contineri
1703 2541 1898 2586 debeant

266 2617 310 2660 in
335 2617 499 2672 officio,
535 2616 628 2672 qui,
660 2615 766 2659 sede
797 2612 1022 2670 generalis
1054 2623 1263 2668 vacante,
1293 2630 1452 2671 parum
1479 2623 1587 2659 sunt
1615 2617 1894 2671 obedientes;

266 2704 317 2737 ut
345 2694 588 2738 uideantur
615 2692 766 2747 aliqua
792 2693 1036 2747 superflua,
1068 2706 1194 2747 quae·
1221 2699 1371 2735 tamen
1409 2700 1594 2749 propter
1629 2693 1898 2738 infirmiores

265 2771 442 2828 plenius
465 2770 691 2826 explicare
713 2769 928 2824 oportuit3
953 2770 1079 2824 quod
1107 2769 1349 2812 uideantur
1374 2769 1680 2814 intolerabiles
1707 2770 1793 2827 his,
1819 2771 1894 2826 qui

265 2856 436 2891 tantam
462 2846 783 2903 perfectionem
807 2853 1089 2898 aversantur,
1114 2853 1193 2888 aut
1215 2846 1474 2902 negligunt3
1506 2847 1627 2901 quod
1655 2846 1896 2890 uideantur

264 2924 470 2968 difficiles
493 2924 579 2975 his,
606 2923 682 2978 qui
706 2930 884 2966 terrena
907 2936 958 2964 ac
982 2921 1178 2965 carnalia
1206 2922 1404 2978 sapiunt.
1437 2923 1604 2966 Omnia
1633 2924 1745 2966 haec
1784 2938 1891 2966 con-

263 3009 386 3045 stant
408 3015 512 3044 cum
538 3000 728 3044 ueritate
750 2998 1127 3041 constitutionum
1151 3013 1203 3042 ac
1225 2998 1497 3052 sinceritate3
1523 3014 1666 3055 quare
1681 3000 1800 3042 nihil
1822 3000 1894 3042 lzic

263 3078 442 3135 conficit
464 3079 546 3120 Bo.
