2098 3470
298 274 363 309 126
765 275 918 310 Plu-ms
946 275 1189 311 Hit-:nonnil
1216 276 1367 312 NADAL

248 375 334 418 ben
357 389 549 420 comune
574 384 728 420 nostro
757 376 1051 433 giudicarano
1080 376 1341 421 conuenire.
1377 378 1628 422 Humilimo
1656 394 1792 423 seruo
1823 381 1881 424 de

248 452 306 496 V.
332 453 424 495 S.t²'¹
442 485 451 504 ,
487 454 571 496 che
593 452 692 496 suoi
714 452 860 496 sancti
881 452 1001 510 piedi
1023 454 1196 500 bascia.

338 530 478 573 Bassa
499 529 563 585 gli
586 529 706 586 piedi
729 531 786 573 de
808 531 866 574 V.
893 531 984 574 S.²³³¹
1003 545 1087 575 suo
1109 530 1345 575 humilimo
1367 545 1520 575 seruo.

335 606 375 648 A
400 609 546 663 tergo,
569 607 663 649 alia
687 621 845 650 manu.
873 609 1018 651 Totus
1040 607 1114 651 hic
1139 607 1382 651 fasciculus
1405 615 1474 652 est
1496 623 1576 664 pro
1599 609 1800 654 historia.

1033 723 1105 766 12

603 812 702 876 4Ρ.
758 811 1040 855 FULVII
1092 813 1505 856 ANDROTII

898 921 1238 951 TESTIMONIUM

671 997 675 1002 '
738 1009 897 1048 ROMAE,
921 1010 958 1036 11
981 1009 1240 1038 SEPTEMBms
1263 1011 1352 1047 1557
1375 1005 1399 1038 ¹.

249 1084 471 1130 Respondet
488 1084 716 1120 electionem
738 1085 787 1121 P.
811 1085 949 1120 Lainii
968 1084 1011 1120 in
1029 1086 1230 1121 vicarimn
1244 1087 1478 1133 generale-m
1498 1086 1625 1130 fuisse
1643 1086 1890 1134 legitimam,-

316 1144 619 1180 constitutiones
642 1144 840 1192 obligare;
866 1145 1102 1180 Societatem
1127 1157 1208 1180 non
1233 1146 1328 1181 solis
1357 1147 1488 1182 decem
1515 1146 1664 1193 primis
1694 1146 1887 1182 Patribus

317 1206 516 1246 constare,·
535 1204 582 1241 P.
605 1203 842 1239 Bobadillae
860 1205 1055 1250 scriptum
1066 1204 1202 1251 fuisse
1220 1205 1514 1251 irreligiosum,
1534 1210 1610 1241 etc.

1040 1283 1097 1325 Is.

331 1379 442 1434 Jesu
476 1376 551 1420 Χ.ἰ
588 1376 772 1420 nomine
804 1377 1035 1430 inuocato,
1069 1377 1117 1420 in
1149 1391 1287 1421 causa
1324 1377 1554 1434 proposita
1591 1392 1644 1421 ac
1680 1377 1829 1422 dubiis
1862 1393 1888 1420 a

253 1456 307 1497 R.
335 1456 387 1497 Ρ.
415 1453 604 1497 Nicolao
628 1453 900 1510 Bobadiglia
926 1454 1104 1507 aeditis,
1134 1454 1490 1511 praesuppositis
1517 1455 1653 1498 bullis
1685 1454 1815 1498 Pauli
1843 1462 1888 1498 et

246 1530 351 1588 Julij
378 1531 452 1582 III,
479 1545 760 1574 summorum
783 1531 1066 1587 pontificum,
1092 1531 1327 1587 supposita
1350 1531 1576 1595 aeditione
1603 1531 1888 1575 constitutio-

252 1622 377 1659 num,
418 1607 546 1650 iuxta
583 1608 775 1650 formam
813 1607 1158 1664 priuilegiorum
1195 1623 1277 1664 per
1315 1610 1370 1653 R.
1407 1610 1587 1652 Patrem
1622 1608 1886 1664 magistrum

252 1683 485 1740 Ignatium
507 1692 692 1728 sanctae
714 1684 1055 1746 recordationis,
1079 1684 1360 1741 prepositum
1383 1685 1576 1740 primurn
1592 1718 1602 1738 ,
1631 1699 1686 1729 ac
1711 1699 1888 1728 earum-

253 1763 355 1805 dem
398 1761 706 1817 publicatione
743 1776 823 1818 per
860 1762 1096 1806 vniuersas
1138 1762 1299 1804 domos
1335 1769 1381 1804 et
1419 1761 1611 1818 collegia
1649 1760 1893 1807 Societatis

253 1845 451 1890 nostrae,
477 1838 880 1894 acceptationeque
903 1838 1038 1882 etiam
1060 1838 1281 1892 omnium,
1307 1853 1410 1882 cum
1438 1840 1763 1895 professorum,
1797 1847 1892 1882 tum

253 1914 460 1967 aliorum,
485 1915 810 1971 suppositaque
831 1915 1053 1960 electione
1074 1915 1279 1972 magistri
1295 1915 1455 1973 Jacobi
1473 1915 1656 1968 Lainez,
1681 1916 1890 1960 moderni

253 1991 424 2046 vicarii,
450 2006 557 2051 cum
576 2006 801 2035 consensu
825 1993 1150 2048 professorum,
1176 1999 1286 2035 tunc
1304 1994 1473 2036 Romae
1489 1992 1886 2046 commorantium,

253 2069 534 2124 aliorumque
571 2070 860 2125 postmodum
897 2069 1229 2122 accedentium,
1269 2077 1314 2113 et
1352 2069 1597 2113 vniuersali
1634 2069 1893 2114 obedientia

254 2146 338 2188 sibi
360 2146 591 2202 praestita,
616 2146 678 2190 ita
700 2147 756 2190 de
778 2146 876 2189 iure
897 2153 943 2189 et
966 2146 1244 2190 conscientia
1266 2147 1632 2208 respondendum
1655 2161 1755 2191 esse
1783 2160 1893 2190 sen-
1924 2193 1929 2198 .

256 2222 336 2280 tio,
361 2223 589 2267 uidelicet:
1586 2210 1591 2218 ξ

344 2299 622 2344 Electionem
645 2300 692 2342 in
714 2314 909 2356 persona
933 2302 985 2344 R.
1014 2303 1066 2344 Ρ.
1094 2300 1299 2357 magistri
1315 2300 1476 2358 Jacobi
1498 2299 1666 2344 Lainez
1689 2300 1807 2344 bene
1839 2313 1894 2343 ac

257 2376 458 2433 legitime
495 2378 660 2420 factam
699 2392 815 2431 esse,
858 2389 948 2435 tam
986 2393 1042 2422 ex
1072 2378 1212 2434 juris,
1253 2391 1387 2433 quam
1433 2392 1489 2421 ex
1530 2376 1894 2433 priuilegiorum‚

258 2453 568 2510 dispositione.

347 2530 710 2575 Constitutiones
731 2531 819 2574 iam
838 2531 1026 2584 aeditas‚
1046 2531 1318 2588 publicatas,
1337 2537 1616 2586 acceptam,
1631 2530 1750 2574 acin
1764 2529 1897 2573 viridi

258 2607 550 2651 obseruantia
570 2607 764 2660 habitas,
795 2609 1049 2651 secundum
1080 2609 1268 2651 formam
1306 2607 1649 2663 priuilegiorum
1686 2614 1733 2650 et
1764 2606 1891 2659 iuris,

259 2683 446 2737 ualidas,
481 2684 752 2737 autenticas,
788 2699 1035 2741 omnesque
1067 2692 1113 2730 et
1143 2685 1310 2741 ligasse
1342 2691 1387 2729 et
1417 2684 1577 2740 ligare,
1611 2685 1757 2727 donec
1785 2683 1893 2739 quid

257 2761 379 2804 aliud
401 2762 473 2805 vel
491 2776 516 2805 a
533 2776 712 2804 summo
727 2761 943 2818 pontifice
959 2769 1203 2815 statuatur,
1225 2762 1297 2804 uel
1315 2776 1340 2804 a
1357 2761 1560 2817 generali
1577 2774 1680 2803 cum
1697 2774 1895 2816 congre-

259 2837 461 2893 gatione,
487 2837 613 2882 iuxta
635 2838 826 2881 formam
850 2839 1093 2882 bullarum.

309 2962 319 2971 ‚
347 2915 552 2958 Vacante
575 2915 831 2971 praeposito
854 2915 1074 2971 generali,
1102 2915 1328 2971 professos
1357 2928 1514 2957 omnes
1542 2921 1736 2969 quatuor
1758 2918 1893 2955 'uoto-

334 3026 342 3046 ¹
395 3028 453 3062 Ex
477 3028 719 3074 autographo
742 3026 804 3074 (?),
828 3027 868 3062 in
891 3028 1026 3063 codice·
1050 3029 1109 3063 De
1134 3028 1251 3063 rebus
1274 3038 1416 3074 congr.
1434 3038 1526 3074 gen.
1557 3025 1644 3069 [·V‚
1661 3025 1807 3071 duplici
1825 3023 1894 3060 fol.

263 3098 301 3121 n.
322 3086 367 3130 78
386 3085 462 3132 (35,
486 3086 580 3132 118).
