2098 3470
311 279 357 316 38
883 282 1062 319 No‘rrrm
1090 292 1278 320 conicum

265 386 378 431 ravit3
400 389 440 421 et
459 386 537 423 hoc
557 386 718 424 tertium
738 386 973 435 exemplum
993 391 1054 424 est
1079 386 1210 424 Codex
1241 386 1359 424 Vatis.
1386 394 1420 437 7,
1443 387 1483 424 in
1504 398 1587 435 quo
1602 399 1732 436 pauca
1752 387 1893 426 admo-

267 456 379 502 dum,
400 467 531 504 eaque
554 456 805 504 brevissima,
825 458 985 506 propria
1007 470 1127 495 manu
1162 457 1395 495 emendavit
1428 458 1515 506 ipse
1541 463 1693 496 auctor.
1722 458 1895 506 Aliquae

267 532 404 564 tamen
425 527 668 575 additiones,
689 528 782 566 licet
800 540 969 577 paucae,
989 529 1151 577 majoris
1172 529 1378 575 momenti,
1399 529 1524 577 ipsius
1545 529 1699 566 Natalis
1715 541 1811 567 cura
1825 541 1897 578 per

268 609 557 636 amanuensem
577 599 782 636 diversum
803 599 854 637 ab
875 600 954 646 illo,
978 600 1045 646 qui
1065 604 1195 636 totum
1216 599 1402 636 codicem
1426 600 1688 648 transcripsit,
1709 611 1895 638 accesse-

268 675 371 707 runt.
392 669 575 708 Alterum
595 671 830 718 exemplum
850 671 974 707 nitide
996 676 1220 716 exaratum,
1242 670 1313 707 sed
1337 682 1417 707 non
1439 675 1622 708 extrema
1638 682 1761 715 manu
1775 682 1799 709 a
1814 671 1897 709 Na·

267 740 336 778 tali
356 741 566 788 donatum,
587 741 699 789 quod
720 753 743 779 a
767 740 858 779 Cod.
893 741 1010 778 Vatic.
1037 748 1061 790 7
1079 741 1118 777 in
1140 741 1274 778 multis
1294 741 1508 790 discrepat,
1530 742 1568 778 in
1590 741 1720 792 Epist.
1741 741 1793 780 P.
1809 741 1898 780 Na-

268 811 354 860 dal,
374 813 405 859 Ι,
425 823 523 849 xxx
543 825 566 850 a
585 813 704 850 nobis
725 813 974 861 descriptum
990 817 1062 849 est.

350 885 439 931 His,
461 884 512 921 de
531 896 557 931 4
578 884 788 922 codicibus
809 884 1062 932 supradictis,
1079 884 1302 932 generatim
1318 883 1563 932 praelibatis,
1579 884 1630 921 ad
1649 884 1899 934 singulorum

270 955 585 1003 descriptionem
599 956 822 992 veniamus.

357 1025 448 1064 Cod.
482 1025 600 1064 Vatic.
616 1035 658 1074 3.
671 1048 694 1053 —
715 1026 805 1063 Vol.
827 1027 866 1063 in
886 1025 957 1072 4⁰,
979 1026 1211 1075 colligatum
1231 1030 1273 1079 et
1290 1037 1535 1076 pergamena
1565 1031 1752 1075 opertum
1772 1038 1900 1064 mem—

271 1097 410 1144 brana,
431 1106 536 1145 quae
557 1109 612 1134 ex
638 1098 804 1144 antiquo
832 1097 981 1134 missali
1008 1097 1250 1145 deprompta
1276 1097 1399 1134 fuisse
1430 1097 1603 1143 videtur,
1630 1109 1685 1134 ex
1709 1097 1902 1147 liturgicis

270 1168 472 1216 precibus,
493 1168 632 1206 litteris
651 1169 823 1218 gothicis
850 1169 889 1204 in
916 1168 1002 1216 ipsa
1033 1169 1221 1206 exaratis.
1242 1168 1360 1206 Hanc
1394 1169 1434 1205 in
1462 1168 1585 1206 dorso
1606 1169 1813 1216 antiquam
1841 1169 1901 1206 in-

275 1240 537 1288 scriptionem
558 1239 692 1277 habet:
720 1240 1032 1276 «Instructiones
1053 1239 1099 1276 R.
1130 1239 1171 1277 P.
1200 1239 1388 1278 Natalis.»
1413 1240 1471 1276 In*
1487 1241 1576 1288 ipso
1605 1240 1728 1278 dorso
1753 1241 1831 1277 hae
1851 1240 1902 1277 si·
1930 1244 1933 1247 '

272 1315 467 1360 gnaturae
483 1311 684 1358 antiquae:
704 1310 761 1348 «C
787 1311 792 1359 Ι
821 1318 918 1360 3715
947 1311 952 1358 1
977 1310 1012 1348 G
1038 1311 1042 1358 Ι
1069 1311 1130 1348 Br.
1146 1310 1194 1348 G,
1209 1311 1512 1357 95.»Recenter
1525 1311 1615 1349 stilo
1630 1311 1792 1360 lapideo
1809 1322 1901 1348 cae-

271 1381 371 1419 rulei
394 1382 540 1419 coloris
569 1393 737 1418 numero
761 1394 779 1430 3
798 1382 999 1431 signatum
1020 1386 1093 1418 est.
1115 1381 1251 1418 Priora
1271 1393 1296 1429 4
1316 1382 1410 1420 folia
1438 1395 1520 1420 non
1550 1387 1643 1420 sunt
1669 1383 1836 1432 signata.
1857 1382 1903 1419 In
1973 1424 1975 1426 ,

274 1463 416 1489 eorum
443 1451 528 1498 1.⁰r‚
547 1453 648 1489 haec
669 1463 692 1488 a
713 1452 843 1489 Natali
871 1451 1018 1500 scripta
1047 1452 1219 1489 fuerunt:
1245 1450 1513 1503 «[Quaenam]
1538 1453 1618 1490 sint
1643 1453 1707 1490 hic
1735 1452 1905 1490 collecta
1926 1470 1933 1486 -

274 1528 314 1560 et
341 1535 463 1571 quam
483 1523 662 1561 habeant
680 1524 960 1560 auctoritassem
976 1546 1026 1550 —
1047 1535 1239 1572 —pauca
1260 1535 1350 1561 esse
1371 1524 1508 1561 addita
1529 1524 1615 1574 [per
1630 1521 1904 1576 con]g[re]ga-

274 1595 428 1632 tionem
445 1595 676 1644 generalem
699 1593 906 1646 [di]cenda
927 1595 966 1631 in
986 1595 1248 1642 praefatione.
1271 1594 1434 1644 [IJndex
1454 1599 1517 1632 est
1534 1595 1765 1645 iungendus
1785 1615 1836 1622 -—
1856 1617 1905 1623 —-

275 1665 369 1702 loco
391 1666 589 1713 epitomes
619 1677 710 1702 esse
729 1671 880 1714 posset.
907 1666 1264 1703 Animaduertatur
1294 1670 1339 1702 vt
1365 1663 1584 1718 [propriJae
1609 1666 1907 1704 admonitiones

274 1737 579 1785 prouincialium
601 1737 668 1786 [et]
689 1742 890 1775 rectorum
913 1737 1137 1774 scribantur
1154 1737 1352 1787 [rur]sum;
1373 1749 1467 1775 nam
1486 1759 1537 1767 —
1557 1758 1609 1766 —
1630 1759 1679 1766 —
1701 1742 1794 1775 sunt
1813 1749 1906 1786 pro-

275 1809 407 1846 uincia
428 1830 476 1836 ——
499 1830 548 1836 —
571 1830 617 1836 —
639 1808 774 1845 danda
796 1830 844 1836 —-
865 1830 916 1835 —
938 1830 984 1835 —
1006 1809 1252 1846 retineantur
1271 1809 1393 1846 admo
1409 1830 1728 1837 —————
1743 1808 1813 1846 vbi
1827 1791 1905 1846 iam

275 1891 340 1916 res
368 1879 639 1929 [pertrac]tata
668 1885 730 1916 est
763 1891 835 1928 per
868 1878 1128 1931 genera[lem]
1157 1881 1550 1930 congregationem.»
1575 1880 1729 1928 -Quae
1750 1880 1907 1918 uncinis

277 1950 514 1997 claudimus,
541 1951 823 1988 desiderantur
847 1951 886 1987 in
920 1963 1007 1997 ms.,
1038 1963 1087 1988 eo
1120 1951 1232 1998 quod
1250 1939 1404 1988 charta
1431 1956 1672 2000 consumpta
1705 1962 1760 1988 ex
1793 1953 1908 1999 parte

275 2021 407 2072 fuerit.
429 2022 664 2069 Sequuntur
681 2022 754 2058 tria
774 2022 868 2058 folia
889 2033 1030 2059 vacua.
1258 2002 1266 2010 ·
1837 2058 1842 2061 ,

359 2092 395 2129 Α
416 2092 484 2130 fol.
509 2100 543 2139 5,
563 2093 702 2140 incipit
721 2093 929 2141 scriptura,
951 2104 1056 2140 quae
1079 2093 1308 2130 continetur
1327 2092 1431 2130 foliis
1462 2101 1595 2142 1'-324,
1616 2105 1670 2130 ex
1691 2093 1831 2131 ordine
1851 2093 1904 2131 si-

282 2151 426 2213 gnatis.
449 2163 682 2211 Sequuntur
701 2164 742 2201 ff.
766 2173 815 2213 27
836 2175 978 2210 vacua,
999 2176 1172 2211 quorum
1199 2164 1282 2201 duo
1303 2164 1435 2212 priora
1455 2148 1633 2201 numeris
1650 2186 1652 2188 v
1661 2172 1732 2213 325
1758 2170 1797 2202 et
1831 2165 1908 2212 326

284 2234 476 2271 distincta
495 2239 599 2272 sunt.
623 2233 810 2271 Tandem
842 2235 868 2271 6
894 2234 986 2271 folia
1019 2235 1057 2270 in
1091 2234 1172 2271 fine
1206 2234 1417 2280 habentur,
1438 2246 1520 2277 non
1547 2235 1716 2284 signata,
1735 2226 1908 2282 quorum

282 2306 415 2354 priora
436 2310 622 2352 quatuor,
643 2305 818 2342 indicem
844 2317 976 2342 rerum
1003 2306 1144 2342 ordine
1171 2305 1427 2354 alphabetico
1452 2306 1655 2355 digestum
1688 2306 1909 2345 continent.

279 2377 373 2414 Duo
394 2376 532 2413 ultima
553 2388 653 2424 pura
674 2381 896 2413 remanent.

361 2447 494 2484 Totus
514 2447 650 2484 codex
671 2459 693 2484 a
714 2447 876 2484 duobus
895 2447 959 2483 ve]
975 2447 1103 2484 tribus
1123 2448 1291 2485 librariis
1311 2448 1539 2496 descriptus
1560 2448 1645 2495 fuit,
1665 2453 1705 2485 et
1725 2460 1747 2485 a
1767 2448 1810 2486 P.
1830 2448 1909 2486 Na-

281 2519 350 2556 tali
372 2518 652 2566 frequentibus
672 2518 1024 2556 emendationibus
1046 2520 1277 2568 castigatus.
1307 2519 1425 2557 Plura
1457 2520 1618 2568 propria
1646 2531 1771 2557 manu
1795 2519 1910 2558 addi-

283 2590 354 2637 dit,
375 2590 499 2627 multa
527 2589 648 2626 etiam
682 2589 921 2626 obliteravit.
956 2590 1021 2626 Ex
1057 2590 1168 2627 hisce
1203 2595 1337 2627 autem
1371 2590 1725 2628 emendationibus
1750 2591 1912 2628 emersit

283 2661 450 2698 tandem
470 2661 606 2698 codex
629 2670 664 2710 7,
684 2661 740 2698 uti
761 2672 881 2708 supra
901 2661 1054 2698 dictum
1075 2666 1148 2698 est.

366 2731 558 2769 Continet
578 2732 725 2778 omnia,
745 2743 851 2779 quae
871 2732 910 2768 in
932 2731 1022 2769 cod.
1052 2741 1073 2781 7
1108 2733 1373 2787 reperiuntur,
1401 2738 1441 2770 et
1473 2733 1638 2781 insuper
1662 2744 1793 2781 pauca
1823 2733 1910 2780 alia,

285 2815 391 2851 quae
412 2805 451 2840 in
472 2804 583 2840 illum
601 2803 765 2840 minime
784 2802 1063 2840 transferenda
1084 2803 1170 2851 ipse
1187 2809 1328 2840 auctor
1348 2804 1605 2850 existimavit.
1626 2803 1672 2840 In
1692 2804 1754 2841 his
1772 2815 1912 2842 recen-

287 2875 460 2912 sendum
487 2880 549 2911 est
574 2874 896 2922 antiquissimum
924 2874 1159 2921 exemplum
1193 2874 1421 2924 regularum
1449 2875 1673 2912 modestiae
1698 2874 1912 2912 Societatis

282 2946 392 2994 Jesu,
414 2945 483 2982 ubi
504 2957 590 2992 eae,
610 2945 751 2993 quales
770 2945 899 2993 primo
927 2956 948 2981 e
983 2945 1138 2981 calamo
1168 2945 1207 2982 S.
1242 2935 1386 2994 Ignatii
1419 2946 1620 2994 prodiere,
1639 2951 1745 2983 teste
1765 2945 1911 2993 Natali,

285 3016 623 3054 transcribuntur.
644 3016 689 3053 In
709 3016 891 3066 margine
911 3016 1061 3053 etenim
1081 3016 1162 3052 folii
1193 3016 1275 3065 83r,
1309 3017 1379 3054 ubi
1407 3018 1483 3054 hae
1508 3017 1686 3066 regulae,
1705 3018 1912 3066 incipiunt,

286 3090 388 3126 haec
414 3090 575 3136 propria
602 3099 723 3125 manu
750 3087 907 3135 scripsit
932 3086 1097 3124 Natalis:
1135 3087 1358 3124 «Videntur
1390 3099 1481 3125 esse
1512 3088 1676 3137 regulae
1703 3088 1745 3125 P.
1772 3088 1913 3138 Ignatii
