2098 3470
583 549 1128 638 ,MONUMENTA
1185 542 1659 626 GERMANIAE

758 730 810 772 P.
848 730 1199 773 HIERONYMI
1228 731 1499 775 NATALIS

523 816 946 854 INSTRUCTIONES
973 816 1077 852 PRO
1112 817 1391 854 GERMANIA
1416 818 1727 856 GENERATIM

1087 908 1168 950 ‘29

1052 984 1190 1078 Jhiis.

603 1110 929 1165 QUOMODO
953 1108 1272 1154 PRINCIPES
1301 1110 1643 1154 CATHOLICI

697 1213 897 1242 POSSINT
931 1213 1101 1243 IUUARI
1140 1213 1191 1242 IN
1223 1212 1473 1243 GERMANIA
1514 1201 1543 1242 ¹.

395 1287 614 1340 Primum,
642 1295 690 1330 ut
712 1303 803 1331 non
826 1289 975 1331 solum
999 1287 1306 1333 dubitationes
1327 1289 1384 1333 de
1405 1296 1629 1345 potestate
1650 1304 1793 1346 papae
1819 1291 1934 1335 abii-

302 1364 441 1417 ciant,
467 1365 547 1408 sed
569 1365 829 1408 auersiones
852 1379 1009 1408 omnes
1031 1373 1049 1390 ³
1070 1371 1115 1408 et
1138 1364 1426 1417 offensiones,
1451 1373 1496 1409 et
1513 1373 1767 1422 praetensa,
1788 1366 1826 1411 si
1843 1381 1934 1423 qua

302 1441 409 1493 sint,
436 1441 718 1497 grauamina.

389 1519 494 1562 Non
517 1518 663 1561 fidant
684 1518 969 1575 amplitudini
991 1533 1099 1562 suae
1121 1527 1166 1561 et
1188 1519 1400 1575 potestati
1423 1533 1475 1562 ac
1493 1519 1703 1573 libertati,
1724 1521 1805 1565 sed
1821 1519 1840 1546 b
1856 1535 1932 1565 ve-

301 1594 423 1638 ritati
460 1609 611 1639 merae
649 1610 698 1640 se
736 1610 836 1640 esse
868 1603 884 1621 ⁰
921 1595 1143 1648 subditos,
1169 1596 1265 1639 sedi
1298 1596 1594 1652 apostolicae,
1629 1611 1681 1640 ac
1719 1612 1931 1643 romanae

300 1672 559 1724 ecclessiae,
586 1687 638 1715 ac
661 1687 838 1715 summo
861 1672 1080 1729 pontifici.

365 1750 458 1805 ⁸Ne
481 1756 572 1792 tam
597 1756 758 1806 putent
782 1749 1009 1806 principes
1030 1765 1079 1793 se
1107 1764 1208 1794 esse
1235 1751 1478 1803 seculares,
1509 1765 1642 1806 quam
1672 1749 1928 1808 episcopos,

298 1827 421 1882 quod
452 1841 620 1869 munus
657 1827 795 1883 longe
833 1834 900 1870 est
938 1826 1015 1869 illo
1044 1826 1360 1883 praestantius.
1387 1828 1492 1870 Hoc
1523 1827 1692 1871 debent
1721 1841 1924 1880 exerere3

300 1902 364 1946 vti
388 1912 539 1947 tamen
563 1910 787 1959 potestate
815 1904 1023 1955 seculari,
1050 1911 1100 1946 ut
1131 1903 1317 1946 brachio
1339 1903 1546 1957 seculari,
1573 1918 1728 1948 omnes
1759 1905 1929 1948 debent

299 1980 517 2037 episcopi.

385 2059 454 2100 Ne
478 2057 688 2100 dubitent
709 2057 767 2100 de
789 2057 1015 2113 dogmatis
1038 2072 1122 2100 nec
1144 2058 1200 2100 de
1222 2057 1440 2100 institutis
1468 2057 1726 2111 ecclessiae,
1758 2072 1851 2101 non
1871 2059 1929 2101 de

294 2141 505 2190 utraque,
532 2149 624 2177 non
646 2135 704 2178 de
726 2134 1045 2192 sa[cer]dotum
1063 2133 1081 2159 d
1098 2134 1338 2187 caelibatu,
1359 2135 1439 2178 sed
1456 2134 1696 2179 ecclessiae
1713 2149 1926 2179 romanae

292 2212 339 2254 in
364 2211 576 2254 omnibus
597 2213 831 2256 haereant.

363 2335 380 2352 a
430 2336 545 2359 omne
564 2335 636 2359 ms.
688 2325 754 2351 *b
780 2335 818 2358 se
838 2335 909 2361 ms,
933 2318 936 2321 ”
963 2344 993 2348 -
1010 2333 1026 2350 <2
1051 2335 1090 2359 es
1114 2335 1185 2361 ms,
1242 2325 1304 2351 —d
1331 2324 1443 2369 Quae
1462 2322 1615 2358 uncinis
1642 2323 1775 2358 clausa
1797 2323 1861 2359 hic
1884 2327 1925 2358 et

288 2382 389 2418 infra
408 2384 648 2429 supplemus,
667 2381 938 2417 desiderantur
957 2382 995 2417 in
1014 2383 1248 2428 apographo,
1270 2393 1316 2417 eo
1334 2381 1438 2429 quod
1455 2383 1588 2417 charta
1607 2381 1794 2428 temporis
1813 2383 1924 2428 lapsu

287 2448 522 2488 consumpta
541 2441 673 2477 fuerit.
736 2487 739 2490 .
1538 2444 1541 2446 ’
1637 2429 1643 2437 ’

360 2537 370 2557 ¹
423 2537 482 2571 Ex
501 2537 724 2583 apographo
742 2547 900 2581 coaevo,
922 2547 942 2570 a
961 2537 1003 2570 P.
1025 2536 1215 2582 Jimenez,
1242 2535 1400 2571 librario
1424 2535 1467 2571 P.
1493 2535 1658 2579 Natalis,
1683 2541 1856 2589 exarato,
1882 2535 1921 2571 in

284 2596 419 2631 codice
438 2596 578 2634 Natal.
599 2597 718 2634 inst-r.
743 2595 895 2637 Germ„
916 2595 1061 2642 duplici
1080 2595 1164 2641 fol.,
1184 2594 1229 2639 37
1248 2602 1287 2630 et
1305 2605 1364 2640 44,
1384 2594 1526 2641 quibus
1544 2594 1620 2630 alia
1638 2595 1783 2640 scripta
1800 2595 1920 2630 inser—

284 2662 324 2691 ta
343 2661 451 2691 sunt.
476 2657 562 2692 Fol.
588 2666 633 2701 44
652 2661 776 2691 totum
801 2667 938 2701 purum
963 2661 1156 2690 remanet.
1190 2649 1447 2700 Quandonam
1472 2655 1568 2690 haec
1596 2654 1742 2689 monita
1768 2653 1918 2690 Natalis

283 2716 499 2761 scripserit,
518 2727 595 2750 non
613 2720 780 2752 constat.
801 2714 924 2749 Valde
939 2714 1130 2760 probabili
1145 2720 1275 2749 tamen
1290 2713 1515 2759 conjectura
1529 2713 1770 2759 suspicamur
1784 2713 1826 2751 P.
1844 2713 1919 2748 Na-

284 2776 402 2810 talem
421 2785 522 2809 anno
543 2775 647 2820 1566,
665 2774 757 2809 dum
776 2773 1042 2819 Germaniam,
1063 2779 1105 2808 ut
1125 2773 1317 2816 visitator,
1338 2784 1427 2807 curn
1445 2772 1552 2807 socio
1571 2771 1615 2807 P.
1635 2772 1814 2818 Jimenez
1832 2783 1916 2818 per-

282 2835 486 2879 lustrabat,
506 2839 560 2877 et,
578 2833 627 2868 de
647 2834 751 2869 illius
770 2833 938 2868 nationis
957 2834 1082 2868 salute
1107 2832 1313 2877 sollicitus,
1333 2831 1573 2878 principibus
1598 2830 1844 2877 potissimum
1867 2832 1916 2866 ab

281 2893 478 2929 erroribus
497 2898 727 2928 novatorum
745 2892 1043 2939 praeservandis
1062 2898 1101 2927 et
1120 2892 1159 2927 in
1182 2902 1312 2926 amore
1330 2896 1370 2926 et
1395 2890 1622 2925 obedientia
1644 2901 1737 2936 erga
1760 2889 1914 2936 pontifi-

280 2964 367 2988 cem
398 2963 598 2987 romanum
629 2951 908 2987 conservandis
934 2951 1049 2986 enixe
1072 2951 1339 2996 incumbebat,
1370 2950 1469 2984 hanc
1500 2949 1798 2984 instructionem
1827 2960 1916 2984 cum

280 3012 367 3048 aliis
387 3013 487 3047 bene
508 3011 641 3047 multis
660 3012 901 3054 lucubrasse,
921 3010 969 3046 de
987 3010 1130 3058 quibus
1148 3009 1332 3056 frequens
1352 3008 1498 3043 mentio
1512 3008 1556 3043 fit
1571 3008 1610 3043 in
1625 3009 1753 3053 Epist.
1771 3008 1819 3043 P.
1835 3007 1916 3043 Na-

279 3071 366 3116 (ἰαὶ,
386 3072 463 3106 vol.
484 3071 551 3106 III.
578 3071 640 3106 Cf.
661 3070 887 3106 nominatim
908 3071 1094 3116 epistolas
1113 3068 1182 3114 399
1201 3074 1240 3104 et
1258 3076 1342 3114 457,
1361 3079 1480 3114 pagg.
1510 3067 1576 3112 146
1594 3072 1633 3102 et
1651 3066 1736 3112 343.

2092 1719 2098 1815 ἓ

2090 1865 2098 1938 s

2087 1934 2098 2023 i
