2098 3470
348 272 418 310 722
820 267 976 303 PATmS
1001 267 1247 304 Hissnonvin
1273 267 1423 303 NADAL

302 366 346 408 in
378 366 518 410 corde
548 366 721 411 Christi
749 367 795 410 in
828 368 1086 412 celestibus:
1123 368 1228 412 inde
1259 367 1433 412 videbis
1459 370 1606 412 Deum
1641 368 1791 422 corde3
1825 369 1931 414 inde

302 442 388 486 Dei
411 442 616 499 cognitio
637 444 799 488 dulcis.

391 520 511 564 Fieri
534 520 732 576 quidem,
757 521 793 564 si
818 536 1051 567 assuescas
1080 521 1126 564 in
1154 523 1295 578 Xpo.,
1327 521 1457 566 facile
1490 529 1653 578 potest,
1689 529 1754 575 vt,
1789 537 1927 579 quum

301 596 389 640 alia
412 597 528 654 agis,
555 611 632 640 cor
655 606 782 641 tuum
805 598 863 642 sit
885 600 983 642 Deo
1006 597 1198 650 vnitum,
1230 612 1321 641 non
1351 597 1643 643 habitualiter
1664 600 1825 652 solum,
1856 599 1929 643 vel

302 673 572 727 uirtualiter‚
598 675 678 720 sed
701 685 745 719 et
768 690 847 731 per
869 675 1118 731 simplicem
1142 674 1407 718 orationem.

389 753 514 795 Mors
536 751 641 808 Xpi.
668 753 802 796 docet
823 767 906 795 nos
934 751 1257 808 poenitentiam
1281 751 1327 794 in
1356 752 1531 808 spiritu,
1562 752 1831 798 resurrectio
1859 736 1930 795 vi-

301 836 392 871 tam
426 828 720 884 spiritualem,
757 829 962 874 ascensio
1004 829 1429 885 contemplationem
1468 837 1514 874 et
1550 844 1729 874 omnem
1761 829 1927 872 mentis

299 905 590 950 leuationem:
617 906 770 969 missio
792 906 987 963 Spiritus
1011 906 1155 949 sancti
1173 906 1309 949 vitam
1328 906 1527 962 spiritus,
1548 921 1664 959 eam,
1684 920 1800 962 quae
1817 906 1925 950 sim-

299 982 402 1039 plici
425 982 590 1036 actiua‚
616 983 805 1040 simplici
835 983 968 1027 etiam
993 983 1345 1039 contemplatiua
1375 983 1579 1039 superior
1606 990 1691 1035 est,
1723 997 1812 1039 qua
1833 997 1924 1027 non

297 1059 446 1102 solum
468 1059 666 1103 viuimus
687 1059 979 1116 spiritualiter
1001 1067 1046 1103 et
1068 1060 1441 1116 contemplamur,
1467 1060 1546 1102 sed
1564 1059 1674 1103 alios
1690 1061 1920 1112 docemus,

296 1143 342 1179 et
364 1137 421 1179 ad
442 1136 538 1192 pias
563 1136 682 1181 vitae
704 1136 902 1180 rationes
923 1135 1218 1188 instituimus,
1244 1136 1511 1180 accenditur
1532 1136 1728 1180 charitas
1749 1135 1795 1179 in
1824 1150 1922 1179 cor·
1954 1195 1957 1198 Δ

295 1213 450 1266 dibus,·
471 1221 516 1256 et
538 1213 796 1258 extenditur
814 1214 870 1255 ad
888 1213 1190 1269 proximorum
1209 1213 1399 1256 salutem
1418 1220 1463 1256 et
1480 1211 1800 1269 perfectionem
1819 1227 1922 1268 pro-

292 1291 600 1335 curandam...

381 1371 464 1412 322
497 1368 649 1410 Causa
670 1382 759 1410 vna
782 1374 827 1410 et
849 1366 1090 1424 praecipua
1118 1365 1384 1410 calamitatis
1411 1366 1684 1411 Germaniae
1711 1365 1922 1411 ecclesia-

292 1443 508 1487 sticorum
532 1452 639 1488 sunt
660 1444 769 1487 vitia
792 1452 837 1488 et
859 1459 1032 1486 morum
1055 1443 1319 1500 deprauatio
1336 1444 1587 1500 deplorata,
1602 1450 1647 1488 et
1668 1442 1919 1486 animorum

292 1521 471 1566 auersio
493 1522 564 1566 vel
589 1521 825 1564 infirmitas
848 1520 1130 1564 obedientiae
1153 1521 1206 1564 ad
1231 1521 1384 1564 sedem
1406 1519 1714 1576 apostolicam.
1737 1521 1865 1564 Haec
1882 1520 1919 1564 si

290 1613 374 1655 pro
397 1598 627 1654 praesenti
656 1599 870 1642 facultate
899 1605 1135 1650 sanentur,
1168 1597 1432 1642 restituetur
1460 1597 1721 1649 Germania,
1757 1611 1846 1653 qua
1874 1597 1918 1640 in

290 1690 338 1718 re
360 1675 447 1720 Dei
469 1675 756 1732 benignitate
779 1675 1021 1720 Societatis
1051 1675 1308 1718 institutum
1342 1674 1530 1718 iuuabit.
1563 1675 1679 1718 Nam
1708 1682 1754 1718 et
1775 1675 1918 1719 refor-

289 1752 427 1795 matio
450 1753 673 1807 quaedam
696 1761 764 1795 est
787 1752 1025 1796 clericatus
1049 1751 1270 1805 Societas,
1290 1759 1335 1795 et
1351 1750 1723 1807 exemplumaliis
1740 1751 1918 1808 religio-

289 1843 396 1871 num
415 1828 651 1880 institutis,
672 1836 717 1872 et
741 1829 870 1872 vnice
892 1828 1123 1884 praedicat
1144 1836 1189 1872 et
1211 1829 1454 1885 persuadet
1471 1828 1687 1872 ecclesiae
1705 1841 1918 1880 romanae

285 1906 556 1962 dignitatem
581 1913 627 1949 et
649 1905 945 1962 primatum...

374 1983 518 2039 Signa
540 1982 722 2038 quidem
746 1991 852 2025 sunt
882 1983 1106 2039 permulta
1134 1982 1387 2039 praesentis
1415 1982 1605 2038 gratiae,
1640 1996 1735 2025 non
1766 1983 1914 2026 solum

286 2060 527 2112 sensibilis,
553 2060 609 2104 de
632 2075 720 2116 qua
751 2059 862 2104 certi
886 2074 1043 2103 sumus
1073 2075 1126 2104 ea
1148 2059 1440 2116 experientia,
1466 2074 1556 2114 qua
1577 2073 1675 2103 eam
1703 2058 1916 2115 agnosci-

285 2152 402 2190 mus,
439 2138 519 2182 sed
552 2137 650 2181 eius
682 2136 832 2189 etiam,
870 2151 984 2192 quae
1017 2139 1116 2181 Deo
1153 2144 1334 2193 gratum
1371 2136 1601 2180 hominem
1636 2135 1759 2189 facit,
1799 2150 1916 2192 quae

284 2213 418 2270 signa
441 2213 569 2268 quasi
593 2219 906 2256 sustentantur
929 2219 1065 2268 atque
1088 2212 1334 2256 efficaciam
1358 2212 1543 2268 capiunt
1565 2212 1621 2255 ab
1638 2211 1713 2256 illa
1728 2212 1817 2255 fide
1834 2226 1914 2268 ge-

286 2290 442 2344 nerali,
468 2304 558 2345 qua
580 2289 767 2332 nitimur
788 2288 1019 2332 iustificari
1042 2303 1126 2332 nos
1142 2303 1221 2345 per
1237 2290 1428 2345 Xpum.,
1449 2296 1556 2341 ete„
1577 2302 1678 2332 esse
1692 2288 1809 2332 filios
1829 2293 1915 2336 386

283 2367 386 2421 Dei,
412 2374 499 2410 etc,
527 2367 656 2411 Vltra
671 2367 783 2409 haec
801 2365 946 2421 signa,
968 2367 1024 2409 de
1042 2366 1208 2421 quibus
1223 2365 1423 2422 loquitur
1445 2366 1706 2429 frequenter
1724 2366 1910 2418 Paulus,

284 2444 536 2499 loquuntur
558 2457 736 2499 semper
757 2442 817 2498 pii
841 2443 1067 2497 doctores,
1093 2442 1135 2486 ‘si
1165 2442 1239 2485 cui
1268 2441 1488 2499 singulari
1516 2441 1603 2485 Dei
1630 2441 1914 2498 benignitate
1966 2499 1973 2506 =

283 2520 359 2564 illa
389 2521 526 2566 etiam
549 2504 773 2564 certitudo
801 2519 1053 2577 contingat,
1080 2534 1195 2576 quae
1223 2520 1280 2563 sit
1309 2518 1514 2576 specialis
1537 2519 1770 2573 reuelatio,
1806 2533 1913 2576 gra·

285 2597 371 2640 tias
394 2598 492 2641 Deo
515 2604 639 2654 agat,
663 2604 751 2641 etc.

372 2675 478 2718 Illae
501 2683 651 2725 autem
674 2674 1005 2718 consolationes
1023 2674 1241 2725 internae,
1262 2679 1398 2728 atque
1416 2673 1529 2715 adeo
1546 2671 1850 2719 desolationes
1865 2679 1912 2716 et

282 2751 598 2796 tribulationes
620 2752 771 2794 variae
791 2758 837 2794 et
859 2753 1069 2804 acerbae,
1095 2741 1338 2803 constanti,
1363 2747 1567 2806 patienti,
1593 2756 1639 2794 et
1660 2748 1911 2805 longanimi

281 2828 433 2871 animo
455 2835 689 2884 exceptae,
714 2827 776 2871 illi
799 2843 959 2872 sensus
982 2828 1181 2884 spiritus,
1207 2828 1282 2871 illa
1303 2827 1486 2872 deuotio
1507 2825 1662 2879 animi,
1685 2825 1797 2869 illud
1819 2840 1910 2870 non

279 2889 457 2961 placere
481 2905 565 2949 sibi
589 2906 823 2958 mundum,
849 2906 960 2948 illud
983 2906 1243 2948 dulcescere
1271 2904 1394 2948 cordi
1417 2905 1591 2962 Jesum‚
1624 2903 1699 2946 illa
1726 2903 1910 2948 deuotio

278 2989 325 3024 et
353 2997 515 3026 sensus
542 2982 764 3039 passionis
793 2982 918 3039 Xpi.,
950 2981 1024 3026 ille
1053 2981 1200 3024 dulcis
1229 2996 1389 3025 sensus
1416 2979 1683 3023 humilitatis
1709 2987 1756 3024 et
1783 2979 1910 3025 abie-

279 3057 442 3101 ctionis
465 3066 646 3115 gustus,
671 3059 783 3102 illud
804 3073 898 3102 non
922 3057 1136 3103 delectari
1157 3057 1366 3102 laudibus
1387 3057 1498 3111 suis,
1528 3058 1608 3101 sed
1637 3056 1804 3102 offendi
1826 3070 1911 3113 po·
