2098 3470
801 201 1231 249 Ins-rnucnonzs-fii
1717 208 1785 246 491
1821 232 1825 234 ,

295 309 372 354 An
392 321 549 352 curam
571 307 769 351 habeant
789 304 1053 364 disciplinae
1068 311 1120 352 et
1138 305 1363 354 bonorum
1385 318 1562 347 morum
1593 304 1638 346 in
1668 303 1836 347 classe?

295 387 372 430 An
393 386 503 429 dent
523 398 722 441 operam,
736 391 798 427 -vt
815 381 1079 429 scholastici
1098 381 1285 439 regulas
1305 396 1332 425 a
1353 379 1580 427 Societate
1597 380 1836 436 impositas

202 463 476 514 obseruent,
513 460 634 505 sicut
669 461 728 505 de
763 458 1053 505 confessione
1088 458 1282 515 singulis
1323 457 1557 502 mensibus
1600 457 1807 501 facienda
1821 490 1833 509 ,

188 539 431 588 *audienda
451 538 607 590 missa,
631 538 875 583 concione?

293 617 367 660 An
390 623 571 669 curent,
597 623 646 658 vt
667 602 938 660 lectionibus
958 613 1141 658 assidue
1162 611 1388 663 intersint,
1406 616 1492 658 364
1514 620 1559 656 et
1577 611 1652 654 vbi
1670 612 1834 654 abfue-

204 692 312 745 rint,
335 707 395 736 an
415 700 627 749 parentes
647 693 946 736 admoneant?

294 770 370 818 An
402 769 594 812 studiosi
626 758 716 812 sint
748 767 1040 825 promotionis
1070 766 1396 823 discipulorum
1428 766 1472 808 in
1506 765 1636 808 bonis
1668 765 1830 817 literis,

203 845 319 890 nihil
338 846 589 889 omittendo
609 860 785 898 eorum,
815 859 931 902 quae
957 845 1015 888 ad
1042 843 1258 889 exercitia
1286 842 1557 886 scholastica
1585 842 1836 898 pertinent?

291 923 368 967 An
389 923 500 966 dent
522 937 707 978 operam
728 922 1043 979 particularem
1070 920 1282 965 iuuandis
1303 919 1375 972 iis,
1406 919 1600 963 maxime
1631 934 1746 975 quos
1775 919 1832 962 ad

203 999 478 1046 Societatem
500 1007 752 1056 agnoscant
773 1000 974 1051 idoneos,
997 1005 1046 1042 et
1065 1013 1155 1055 qua
1174 997 1445 1041 dexteritate
1472 1004 1674 1049 vtantur,
1705 1004 1752 1040 et
1774 1011 1833 1038 an

201 1077 379 1133 aliquos
400 1077 623 1122 excitatos
645 1077 858 1120 nouerint
879 1084 925 1120 et
946 1090 1037 1133 quo
1057 1077 1211 1132 pacto?

291 1155 366 1199 An
389 1153 610 1198 rationem
632 1154 823 1198 reddant
843 1153 1062 1211 superiori
1084 1153 1155 1197 vel
1175 1154 1406 1210 praefecto
1434 1166 1620 1196 suorum
1650 1151 1833 1196 audito—

202 1245 305 1276 rum
326 1240 373 1275 et
393 1229 464 1274 sui
486 1230 627 1274 totius
647 1230 867 1275 muneris?

292 1302 442 1352 An'se
462 1307 660 1352 sentiant
681 1307 844 1364 spiritu
863 1307 1137 1361 debilitatos,
1159 1314 1346 1364 propter
1373 1306 1484 1349 illud
1513 1306 1671 1350 classis
1698 1320 1829 1350 exer—

200 1385 378 1437 citium,
401 1392 448 1428 et
470 1384 619 1428 studia
639 1384 894 1428 literarum?

510 1510 968 1541 INTERROGATIONES
1000 1510 1093 1541 PRO
1125 1510 1469 1541 SCHOLASTICIS
1506 1499 1516 1518 ¹

289 1613 472 1670 Quibus
492 1613 654 1658 studiis
675 1628 859 1671 operam
879 1613 1006 1658 dedit
1025 1622 1130 1671 post
1150 1614 1406 1672 proximum
1427 1616 1639 1660 examen?

289 1691 442 1747 Quam
462 1705 625 1734 sanum
646 1705 696 1734 se
718 1691 856 1734 sentit
877 1691 925 1734 in
945 1691 1176 1737 literarum
1196 1691 1380 1735 studiis?

286 1768 439 1824 Quam
461 1782 735 1824 propensum
757 1783 807 1812 se
829 1768 996 1812 sentiat
1016 1769 1075 1812 ad
1096 1768 1245 1813 studia
1264 1777 1311 1813 et
1333 1770 1390 1812 ad
1411 1783 1530 1824 quae
1552 1769 1719 1825 magis?

285 1845 439 1901 Quam
459 1830 595 1901 aptus
614 1845 701 1888 sibi
723 1845 933 1889 videatur
953 1847 1011 1891 ad
1037 1846 1129 1900 illa,
1161 1854 1208 1890 et
1238 1850 1322 1894 365
1352 1848 1410 1890 ad
1432 1861 1549 1903 quae
1583 1847 1747 1903 magis,
1782 1856 1829 1890 et

196 1935 333 1977 quam
355 1921 505 1966 foelici
526 1923 741 1966 memoria
761 1930 808 1965 et
835 1922 1022 1980 ingenio
1043 1922 1296 1980 praeditus?

286 1998 518 2054 Quantam
539 1999 903 2056 progressionem
926 1999 1089 2045 fecisse
1109 1999 1197 2044 sibi
1218 2000 1429 2045 videatur
1450 2001 1496 2044 in
1519 2001 1698 2054 studiis,
1718 2010 1764 2044 et
1782 2001 1829 2043 in

194 2074 364 2131 quibus
384 2075 622 2120 maiorem?
1238 2064 1246 2073 ⁸

286 2153 363 2196 An
383 2153 442 2197 ad
461 2152 656 2208 aliquem
678 2154 874 2210 gradum
895 2162 1134 2210 promotus
1154 2162 1174 2180 ⁸
1194 2154 1331 2200 fuerit
1352 2156 1744 2209 baccalaureatus‚
1770 2156 1827 2198 li-

193 2228 483 2275 centiatusue
503 2230 755 2287 magisterii
775 2239 855 2273 aut
876 2231 1160 2276 doctoratus?

282 2305 358 2350 An
393 2306 455 2350 ita
490 2307 550 2350 sit
585 2307 850 2353 indifferens
886 2309 932 2352 in
967 2310 1147 2363 studiis,
1184 2325 1433 2367 eorumque
1471 2311 1660 2363 ratione,
1696 2318 1745 2353 vt
1778 2311 1824 2352 in

192 2383 406 2428 omnibus
426 2383 545 2427 sinat
565 2399 615 2428 se
635 2386 693 2428 ab
716 2386 978 2431 obedientia
998 2387 1268 2444 gubernari?

282 2460 390 2516 Quo
420 2460 481 2504 sit
509 2461 660 2504 animo
691 2463 749 2505 ad
780 2465 1164 2519 perseuerandum
1196 2464 1242 2508 in
1271 2466 1550 2521 quibuslibet
1580 2465 1742 2508 studiis
1766 2466 1823 2506 ab

189 2536 452 2581 obedientia
471 2537 708 2583 iniunctis?
1320 2539 1332 2546 “

281 2614 358 2657 An
380 2621 565 2670 paratus
585 2615 644 2658 sit
670 2617 825 2660 subire
851 2618 1046 2662 docendi
1074 2632 1242 2663 munus
1269 2633 1543 2675 quacunque
1573 2620 1618 2660 in
1647 2618 1820 2669 schola,

262 2800 282 2819 ²
324 2794 534 2838 permotus
550 2804 624 2829 ως.

262 2951 272 2972 ¹
324 2951 439 2988 Edita
454 2959 516 2990 oet
532 2955 629 2990 haee
645 2955 807 2992 formula
826 2957 864 2993 in
878 2957 1007 3004 Epist.
1029 2958 1078 2994 P.
1097 2958 1248 2999 Nadal,
1275 2958 1306 2996 Ι,
1330 2957 1411 3003 793;
1432 2957 1500 2993 sed
1528 2957 1654 3004 aliqua
1674 2962 1821 2991 mutata

189 3015 284 3046 sunt
301 3017 341 3047 et
355 3010 432 3048 duo
450 3012 773 3060 interrogationes
789 3015 840 3051 ad
855 3018 1002 3052 calcem
1020 3018 1135 3063 hujus
1152 3018 1321 3056 additae.
