2098 3470
568 297 845 334 Moumrmu
868 301 1126 332 Pnovmcum
1151 293 1466 339 Aurinia—48
1714 302 1784 340 279

285 400 467 446 Habeat
487 414 647 452 vnum,
671 398 749 455 qui
769 397 913 455 possit
933 397 1059 440 illum
1079 396 1239 442 iuuare
1260 396 1307 440 in
1329 395 1424 440 suis
1447 396 1661 454 negotiis,
1686 397 1764 453 qui
1782 397 1830 440 in

192 476 376 522 eius-sit
398 475 657 521 obedientia
676 474 954 532 simpliciter.

283 553 394 598 Eius
414 566 556 597 vnum
579 553 769 597 offitium
793 559 838 595 et
858 549 1099 608 occupatio
1119 549 1221 603 erit,
1246 557 1297 593 ut
1318 558 1464 603 curet,
1490 566 1606 608 quae
1635 552 1830 597 attinent

193 631 252 675 ad
274 630 586 676 fundationem
607 629 787 687 collegii
809 628 1084 681 viennensis,
1109 627 1348 685 pragensis
1372 635 1419 672 et
1440 629 1759 685 tymauiensis,
1785 637 1831 674 et

194 708 234 752 si
254 709 376 764 quod
398 708 520 752 aliud
543 707 722 751 fundari
743 706 982 750 commode
1003 705 1160 762 possit.

282 786 360 830 Ad
376 785 686 829 fundationem
703 783 884 840 collegii
899 781 1176 835 viennensis,
1195 790 1324 826 curet
1341 782 1533 839 primum
1551 783 1710 839 augeri
1726 786 1830 827 red-

191 862 332 916 ditus,
369 863 443 907 uel
472 862 632 905 saltem
662 860 851 917 adiungi
882 859 958 903 illa
987 859 1114 916 ligna
1143 874 1200 902 ex
1228 859 1642 916 Elosternenburg:
1672 859 1829 903 vinum

194 928 411 994 etiam,*si
432 939 578 996 possit
597 938 711 983 fieri.
745 940 1002 989 Praeterea,
1030 935 1114 979 nisi
1140 945 1367 993 augeatur
1394 937 1451 980 ad
1481 950 1612 991 3000,
1644 952 1738 980 non
1760 937 1830 980 di-

193 1025 323 1060 catur
342 1017 476 1074 plena
499 1015 718 1059 fundatio.

279 1093 457 1137 Deinde
477 1100 529 1135 ut
550 1093 597 1135 in
617 1091 774 1144 literis,
799 1091 966 1147 quibus
985 1090 1118 1133 nobis
1139 1091 1382 1134 cathedrae
1404 1090 1693 1147 theologicae
1714 1106 1830 1134 con-

174 1171 433 1222 -ceduntur,
458 1169 708 1226 explicetur
728 1177 747 1194 ³
766 1167 879 1211 illud
901 1168 1023 1223 quod
1044 1168 1179 1212 debet
1199 1166 1236 1223 b,
1245 1183 1326 1225 pro
1355 1167 1593 1224 stipendiis
1620 1168 1719 1212 dari
1746 1184 1829 1225 pro

192 1255 322 1304 parte
343 1246 623 1290 fundationis
642 1245 839 1302 collegii3
863 1252 911 1289 et
937 1244 984 1288 in
1012 1245 1195 1301 reliquis
1222 1252 1274 1288 ut
1301 1245 1427 1289 iuxta
1456 1245 1695 1289 formu-lam
1726 1261 1828 1302 pra-

190 1322 346 1382 gensis
374 1323 557 1380 collegii
585 1321 862 1367 fundationis
888 1321 1186 1379 expediantur
1213 1321 1371 1367 literae
1393 1322 1673 1365 fundationis
1696 1323 1828 1367 vien-

184 1401 349 1446 ‘nensis
373 1402 402 1444 ¹.

280 1479 378 1523 Nec
395 1478 511 1520 illud
537 1477 786 1530 omittatur,
817 1485 867 1521 ut
894 1477 1122 1534 possimus
1147 1492 1433 1534 promouere,
1458 1477 1497 1519 si
1524 1492 1615 1520 non
1645 1492 1821 1531 omnes,

191 1556 352 1600 saltem
380 1563 560 1599 nostros
587 1562 633 1599 et
660 1570 899 1612 pauperes,
931 1554 1008 1611 qui
1037 1569 1064 1597 a
1091 1554 1223 1599 nobis
1253 1554 1439 1611 cupient
1466 1555 1746 1611 promoueri;
1780 1563 1826 1612 et

190 1647 285 1686 eOS,
310 1647 425 1690 quos
446 1632 557 1675 nolit
578 1646 844 1688 promouere
867 1631 1138 1676 Vniuersitas
1159 1631 1435 1684 viennensis,
1460 1639 1507 1676 et
1529 1631 1606 1687 qui
1629 1633 1829 1688 proben—

190 1711 267 1754 tur
287 1725 315 1753 a
335 1723 517 1754 caesare
538 1709 599 1752 ita
621 1711 829 1766 promoti,
856 1717 908 1753 ut
927 1709 1160 1766 gaudeant
1187 1709 1438 1766 priuilegiis
1465 1709 1694 1762 omnibus,
1725 1709 1828 1765 qui-

189 1787 294 1840 bus,
317 1794 407 1830 etc.

277 1864 336 1907 Et
362 1863 401 1907 si
429 1864 538 1920 quid
566 1863 726 1908 melius
754 1863 921 1921 poterit
953 1865 1117 1916 facere,
1152 1864 1274 1920 quod
1309 1864 1367 1907 ad
1403 1863 1647 1908 firmiorem
1684 1864 1743 1907 sit
1780 1875 1827 1908 et

185 1939 442 1985 uberiorem
465 1940 794 1994 fundationem,
818 1941 864 1984 id
884 1940 1019 1984 etiam
1040 1939 1233 1993 curabit,
1259 1948 1310 1983 ut
1337 1939 1375 1983 si
1403 1940 1609 1984 redditus
1639 1956 1819 1997 separa-

185 2025 343 2062 rentur
364 2033 388 2062 a
410 2018 660 2075 pinguibus
681 2018 873 2062 abbatiis
894 2025 940 2062 et
961 2018 1061 2061 loco
1081 2032 1257 2070 eorum,
1283 2017 1361 2074 qui
1382 2017 1515 2062 nobis
1542 2026 1650 2062 sunt
1677 2018 1823 2063 desti-

190 2095 303 2149 nati,
327 2095 676 2153 applicarentur.

279 2173 380 2216 Pro'
398 2172 668 2217 fundatione
696 2171 1015 2228 tyrnauiensis‚
1046 2173 1194 2228 placet
1215 2173 1338 2228 quod
1365 2171 1428 2214 illi
1459 2171 1666 2216 redditus
1688 2187 1826 2228 super

190 2249 506 2306 praepositura
521 2250 578 2293 de
600 2256 703 2292 turo
726 2274 776 2281 —
791 2274 849 2280 —-
866 2274 923 2280 -—
941 2255 958 2274 ⁶
974 2255 1312 2292 commutentur
1327 2248 1373 2291 in
1392 2249 1573 2292 abbatia
1590 2249 1710 2292 illius
1727 2249 1822 2305 epi—

187 2324 332 2382 scopi,
356 2333 401 2370 et
432 2326 514 2369 fiat
546 2325 767 2378 fundatio,
802 2333 978 2370 retenta
1009 2325 1228 2382 pensione
1264 2340 1346 2382 pro
1383 2325 1582 2369 aedifitio
1614 2325 1812 2382 collegii.

187 2402 294 2446 Alia
310 2416 471 2447 curare
486 2411 637 2459 potest
652 2403 787 2447 etiarn
805 2417 885 2459 pro
903 2403 1168 2447 fundatione
1183 2403 1422 2459 pragensis
1438 2402 1636 2458 collegii:
1657 2411 1785 2445 curet
1804 2401 1822 2426 <³

189 2486 255 2532 ut,
285 2479 323 2522 si
353 2479 471 2522 fierit
499 2479 658 2536 possit,
683 2479 856 2522 firmius
884 2479 930 2522 in
954 2486 1226 2535 perpetuum
1254 2479 1344 2522 sint
1374 2479 1486 2522 vniti
1520 2479 1582 2521 illi
1614 2479 1820 2522 redditus

182 2555 495 2609 zittauienses,
516 2565 566 2599 ut
582 2563 728 2600 totum
745 2556 816 2599 ius
832 2571 965 2599 suurn
982 2555 1027 2598 in
1047 2570 1129 2598 nos
1146 2558 1385 2600 transferat
1402 2562 1574 2607 caesar,
1596 2564 1645 2597 ut
1663 2564 1821 2597 nostro

184 2632 367 2676 nomine
383 2632 484 2676 illos
501 2633 685 2689 exigere
699 2633 940 2690 possimus,
961 2641 1007 2677 et
1022 2640 1361 2676 commutentur
1380 2633 1580 2677 redditus
1601 2633 1820 2675 Camerae

253 2768 272 2785 a
298 2757 371 2793 Ms.
390 2758 632 2805 explicatur.
682 2759 750 2786 —b
775 2758 849 2793 Ms.
865 2758 1019 2794 debent.
1075 2778 1109 2784 -—
1122 2767 1139 2785 c
1164 2757 1253 2791 Non
1268 2763 1428 2803 apparet
1442 2755 1534 2803 quid
1553 2756 1613 2791 hic
1632 2756 1821 2802 scriptum

181 2816 246 2854 sit.
297 2818 363 2845 ——d
390 2817 472 2852 Alt.
491 2818 663 2864 exempl.
683 2817 816 2853 habet:
837 2818 934 2853 Alia
952 2829 1098 2853 curare
1111 2819 1251 2862 potest,
1273 2819 1344 2851 etc.
1367 2817 1451 2850 Pro
1461 2815 1710 2862 fundatione
1726 2817 1820 2861 pra-

178 2875 318 2924 gensis
335 2876 498 2924 collegii
514 2879 671 2914 curet...

179 2989 280 3024 nisii
296 2989 490 3036 epistulis,
518 3001 539 3024 a
558 2989 601 3025 P.
620 2991 963 3026 BRAUNSBERGER
981 2989 1113 3036 editis,
1132 3001 1200 3037 per
1224 2995 1348 3026 toturn
1374 2989 1558 3023 volumen
1584 2986 1755 3030 tertium,
1775 2993 1817 3021 et

179 3047 221 3083 in
240 3048 370 3095 Epist.
391 3049 443 3085 P.
468 3049 619 3090 Nadal,
640 3049 690 3095 11,
709 3049 881 3094 627-629,
902 3048 986 3093 033,
1005 3048 1090 3098 634,
1109 3055 1189 3084 etc.

255 3110 266 3129 ¹
316 3108 375 3142 De
393 3107 454 3143 his
471 3107 522 3146 ef.
544 3108 678 3154 Epist.
704 3108 756 3144 P.
782 3108 933 3150 Ναᾰαῑ,
953 3108 1002 3152 11,
1022 3108 1107 3154 480,
1126 3108 1209 3153 481.
