2098 3470
310 280 384 318 328
787 282 942 320 PATms
968 285 1212 321 Hfflnonvm
1238 284 1389 321 NADAL

354 383 530 440 Regula
551 382 734 436 silentii,
755 383 974 441 singulari
996 399 1105 428 cura
1132 385 1349 438 adhibita,
1381 392 1606 439 seruetur,
1631 393 1676 429 et
1707 402 1798 430 non
1820 402 1895 431 so-

264 460 358 501 lum
382 459 542 502 nouitii
564 474 672 504 suos
694 460 864 505 indices
887 463 895 483 ¹
916 463 1116 505 habeant
1138 469 1183 506 et
1201 463 1463 514 obseruent,
1484 463 1565 506 sed
1581 470 1627 507 et
1650 463 1724 506 alii
1742 477 1900 507 omnes

264 535 360 580 suis
383 536 660 593 temporibus
682 544 728 581 et
749 538 862 582 locis
884 538 1060 582 sileant:
1086 538 1149 581 ita
1167 539 1245 582 fiet
1261 539 1395 582 simul
1417 547 1466 582 vt
1483 547 1529 584 et
1545 541 1814 585 obseruetur
1831 541 1898 583 di-

263 613 455 670 sciplina
477 612 734 667 Societatis,
759 621 804 658 et
827 622 1008 671 tempus
1031 629 1088 658 ne
1110 623 1265 672 pereat
1283 617 1455 671 absque
1479 617 1650 660 fructu.

354 691 477 735 Ante
499 690 732 734 biennium
769 706 904 748 quam
933 692 1057 736 venit
1085 692 1187 747 quis
1214 693 1270 735 ad
1299 692 1590 746 Societatem,
1623 701 1760 750 atque
1783 695 1896 737 adeo

262 774 506 823 antequam
529 774 631 824 post
652 768 1128 813 biennium'habeatur
1150 770 1383 825 probatus,
1403 770 1556 814 nullus
1574 777 1899 827 promoueatur

261 844 321 887 ad
343 858 496 887 sacros
513 843 712 890 ordines.

353 922 423 964 Ne
461 927 613 964 vtatur
649 921 800 979 sigillo
837 922 1144 979 prouincialis,
1170 922 1216 965 in
1240 938 1330 979 quo
1357 923 1478 966 aliud
1511 923 1569 966 sit
1598 938 1750 980 quam,
1776 925 1922 980 quod.

261 998 378 1042 solet
401 997 606 1042 Societas
628 1014 866 1056 vsurpare3
892 1000 1045 1055 itaque
1071 1000 1183 1044 illud
1199 1000 1415 1057 sigillum,
1439 1001 1516 1044 vbi
1538 1008 1607 1045 est
1628 1001 1780 1058 imago
1803 1001 1897 1044 diui

234 1127 238 1132 ι
264 1074 389 1120 Petri
413 1075 652 1132 piscatoris
674 1077 746 1120 vel
768 1076 999 1132 piscantis,
1025 1075 1346 1132 supprimatur.

350 1154 420 1196 Ne
442 1152 740 1196 admittantur
763 1153 1070 1207 conuictores,
1092 1161 1140 1196 vt
1157 1153 1315 1196 ludant
1337 1153 1384 1195 in
1406 1153 1520 1196 atrio
1537 1153 1717 1210 collegii
1735 1153 1892 1197 nostri.

352 1228 621 1285 Superiores
642 1229 1020 1281 animaduertant,
1052 1244 1110 1273 ne
1137 1236 1336 1274 secretos
1364 1230 1571 1274 defectus
1599 1230 1788 1272 fratrum
1811 1244 1896 1285 pu-

258 1303 377 1348 blice
400 1306 762 1360 reprehendants
775 1306 1038 1362 praesertim
1061 1305 1099 1348 si
1122 1305 1250 1349 aliter
1273 1303 1504 1348 emendari
1522 1312 1727 1360 possunt.

345 1382 582 1437 Quantum
606 1383 662 1424 ad
689 1396 868 1438 panem,
910 1389 1120 1426 seruetur
1157 1381 1232 1424 illa
1268 1380 1570 1434 mediocritas,
1603 1396 1718 1437 quae
1751 1383 1806 1425 R.
1835 1383 1887 1425 P.

256 1458 409 1501 Natali
426 1465 607 1502 ostensa
629 1466 712 1511 est,
738 1465 784 1503 et
813 1459 1055 1503 misceatur
1077 1473 1160 1515 pro
1190 1458 1322 1502 tertia
1350 1465 1476 1514 parte
1502 1458 1718 1511 triticum,
1743 1465 1789 1502 et
1813 1473 1894 1515 pro

257 1534 473 1578 omnibus
494 1535 615 1578 idem
639 1535 719 1578 fiat
741 1535 885 1592 panis.

349 1614 459 1655 Post
482 1613 602 1675 duas
618 1611 847 1655 coctiones
870 1612 1089 1656 ceruisiae
1105 1620 1139 1666 ³,
1166 1627 1282 1666 quae
1299 1612 1594 1668 complendae
1610 1619 1717 1655 sunt
1732 1611 1887 1669 proxi-

260 1704 334 1732 ma
369 1689 676 1742 hebdomada,
709 1705 767 1733 ne
799 1697 1022 1746 coquatur
1059 1689 1251 1746 amplius
1280 1704 1360 1745 pro
1390 1689 1571 1732 nostris:
1603 1703 1707 1732 cum
1741 1696 1891 1733 autem

259 1781 453 1823 agemus
476 1767 533 1809 de
555 1765 822 1809 fundatione
845 1765 1029 1823 collegii
1053 1780 1158 1810 cum
1181 1768 1332 1818 Rmo.‚
1359 1780 1548 1822 agemus
1578 1765 1714 1808 simul
1735 1766 1791 1810 de
1814 1781 1893 1810 co-

254 1844 405 1887 ctione
428 1843 648 1887 ceruisiae
665 1851 711 1886 et
727 1843 844 1886 loco:
867 1850 1022 1899 postea
1039 1844 1159 1887 dicet
1177 1845 1232 1888 R.
1254 1845 1307 1886 Ρ.
1328 1843 1503 1887 Natalis
1526 1858 1583 1886 an
1606 1843 1664 1885 sit
1687 1842 1893 1887 facienda

256 1928 305 1964 et
327 1920 404 1964 vbi
426 1920 459 1964 b.

347 1997 502 2040 Primo
520 2011 703 2053 quoque
721 2003 922 2053 tempore
938 1998 1072 2041 detur
1089 2011 1240 2053 opera,
1258 2005 1306 2040 vt
1322 1996 1444 2040 domi
1461 2004 1644 2053 paretur
1660 1996 1892 2049 locus5vbi
1946 2058 1953 2066 N

254 2076 468 2119 lauentur
485 2073 623 2131 panni
638 2074 757 2117 intra
773 2074 1034 2130 collegium:
1055 2074 1227 2119 interea
1245 2073 1503 2117 inueniatur
1521 2073 1654 2126 ratio,
1669 2080 1718 2116 vt
1734 2073 1791 2117 ad
1809 2087 1892 2116 nos

255 2166 348 2195 non
371 2151 522 2195 veniat
551 2151 685 2194 lotrix
713 2165 799 2196 nec
831 2151 887 2194 ad
910 2151 1197 2207 accipiendos
1219 2166 1303 2195 nec
1325 2152 1382 2194 ad
1419 2151 1675 2195 reddendos
1697 2165 1888 2207 pannos,

254 2230 335 2272 sed
357 2228 549 2285 accipiat
571 2235 619 2272 et
647 2229 805 2272 reddat
833 2230 903 2271 vel
931 2243 1012 2284 per
1042 2229 1252 2271 maritum
1275 2229 1347 2272 vel
1382 2228 1616 2282 famulum;
1650 2235 1695 2272 et
1722 2227 1799 2270 vbi
1829 2227 1891 2270 illi

250 2313 390 2348 erunt
413 2305 639 2362 occupati,
666 2305 902 2348 mittantur
924 2313 969 2349 et
994 2306 1242 2350 reddantur
1265 2304 1402 2361 panni
1424 2319 1503 2360 per
1525 2305 1721 2361 aliquem
1743 2311 1889 2348 exter-

256 2398 382 2426 num.
409 2383 458 2428 Si
481 2382 603 2426 domi
624 2383 754 2426 locus
777 2397 867 2426 non
890 2382 1098 2426 videatur
1119 2383 1384 2425 commodus
1406 2382 1464 2424 ad
1480 2382 1745 2434 lauandum,
1764 2380 1890 2437 judi-

258 2460 329 2503 cio
352 2459 653 2517 prouintialis,
678 2459 844 2516 poterit
866 2459 962 2502 fieri
985 2459 1031 2501 in
1049 2458 1135 2502 alia
1156 2459 1307 2510 domo,
1334 2465 1483 2502 tamen
1506 2465 1679 2501 nostra.

346 2537 552 2581 Litaniae
574 2537 685 2581 fient
713 2543 815 2593 post
844 2536 1168 2580 recreationem
1202 2536 1434 2592 paululum
1464 2542 1569 2578 ante
1591 2535 1745 2589 finem,
1773 2549 1890 2590 quae

257 2615 310 2657 fit
332 2621 435 2671 post
457 2629 665 2658 coenam.

345 2692 565 2736 Seruetur
594 2691 752 2747 regula
788 2689 835 2732 in
870 2690 1098 2734 Societate
1130 2689 1404 2742 eommunis,
1431 2697 1480 2731 vt
1512 2688 1690 2733 indusia
1711 2694 1889 2732 mutent

320 2852 337 2868 a
355 2840 547 2876 seruisiae
563 2851 634 2877 ms.
652 2839 715 2875 hic
729 2843 769 2874 et
782 2838 895 2874 infra.
947 2858 980 2864 —-
995 2840 1014 2866 b
1032 2839 1077 2873 In
1093 2837 1279 2884 margine:
1300 2836 1398 2872 Cum
1416 2838 1599 2872 rediisset
1611 2837 1888 2873 Asschembur-

252 2911 312 2947 go
328 2900 377 2935 R.
405 2901 454 2937 P.
474 2899 650 2943 Natalis,
685 2897 791 2934 dixit
809 2898 973 2933 omnino
993 2909 1071 2932 non
1090 2909 1170 2933 esse
1189 2898 1434 2943 coquendam
1453 2896 1668 2932 seruisiam
1683 2908 1709 2931 a
1726 2897 1888 2931 nostris.

329 3031 339 3051 ¹
391 3030 561 3077 Indices,
576 3042 647 3067 seu
661 3029 887 3078 syngraphi,
905 3034 1016 3065 erant
1030 3028 1255 3074 schedulae,
1269 3028 1309 3063 in
1322 3027 1463 3075 quibus
1479 3028 1735 3063 monebantur
1748 3026 1887 3063 novitii

253 3089 465 3136 sociorum,
483 3082 716 3137 quibuscu'm
730 3089 770 3124 in
789 3088 1032 3124 recreatione
1050 3088 1220 3135 colloqui
1235 3091 1427 3134 poterant.
