2098 3470
42 11 43 14 ,
71 11 97 14 ⁷.
271 2 285 6 -
388 0 454 15 1
525 0 575 16 2.-

48 18 86 35 ‘s
100 0 270 45 W
191 0 454 48 &wi-⁴:⁵¹
520 19 558 45 ’κε

803 251 984 288 Noni-m
1009 259 1200 287 conteuti
1727 253 1769 290 13

183 357 282 395 char
309 367 363 393 en
396 355 433 393 el
459 356 598 394 diuino
632 355 836 393 seruitio.»
870 354 954 392 Inc.
986 353 1071 391 «La
1102 365 1261 391 summa
1289 354 1550 402 sapientia...»
1582 355 1679 393 Des.
1711 357 1814 394 «...al

183 438 344 466 summo
364 427 572 476 pontifice,
592 427 631 464 ni
651 425 676 463 a
701 431 790 463 otro
816 425 968 475 alguno
988 425 1101 462 fuera
1120 425 1173 462 de
1199 425 1237 462 la
1263 423 1490 473 Compafu'a
1517 426 1578 462 sin
1599 426 1767 464 licencia
1793 440 1817 476 y

183 497 464 548 approbaqion
484 497 551 535 del
571 497 792 545 superior.»

262 569 454 617 Sequitur
472 581 600 606 unum
618 568 687 606 sol.
706 579 866 616 purum,
885 572 928 604 et
941 566 1092 609 deinde
1112 566 1190 604 sub
1204 567 1283 604 hoc
1302 566 1431 612 titulo,
1453 567 1535 604 fere
1554 573 1641 604 toto
1663 568 1817 606 Natalis

182 651 308 679 manu
326 640 488 688 scripto:
512 639 747 677 «Anadidas
775 638 799 676 a
824 638 884 677 las
909 638 1043 688 reglas
1062 649 1339 675 communes.»
1362 637 1564 675 habentur
1583 639 1733 676 multae
1753 651 1818 676 re·

183 711 303 762 gulae
334 722 391 748 ex
418 709 716 756 communibus,
744 710 890 758 partim
923 709 1162 746 obliteratae
1194 709 1340 757 partim
1367 709 1610 746 emendatae
1639 710 1691 747 ab
1726 711 1816 758 ipso

123 798 139 806 -
183 782 228 822 P.
246 781 393 820 Natali.
413 783 498 820 Ine.
519 782 607 820 «En
626 781 663 818 el
684 780 858 830 collegio
882 781 1019 827 todos,
1044 793 1070 830 y
1096 780 1386 829 specialmente
1412 780 1474 817 los
1500 781 1815 819 humanistas...»

173 851 280 892 Des.
300 853 457 892 Natalis
475 864 611 891 manu:
632 851 989 891 «...demandando
1009 864 1086 901 por
1103 863 1218 889 amor
1236 851 1303 889 del
1328 851 1460 890 Sefior
1479 863 1560 899 que
1586 864 1765 902 rueguen
1796 854 1818 890 a

182 924 285 964 Dios
304 937 381 974 por
399 925 537 963 ellos.»

264 1006 300 1046 7.
357 996 533 1046 «Reglas
550 1006 789 1034 communes
809 995 834 1032 a
851 994 975 1032 todos
994 994 1056 1031 los
1075 990 1129 1031 de
1159 1005 1293 1032 casa.»
1324 993 1410 1032 Sub
1439 994 1519 1032 hoc
1544 995 1660 1032 titulo
1687 997 1819 1043 posita

183 1073 279 1106 sunt
308 1068 395 1106 duo
426 1066 614 1116 exempla
646 1066 877 1116 regularum
909 1065 1261 1112 communium,‘a
1295 1064 1460 1103 duobus
1498 1066 1816 1104 amanuensibus

182 1139 343 1189 scripta.
362 1138 552 1184 Primum,
571 1138 698 1175 multo
717 1138 893 1187 longius,
914 1147 936 1186 7
957 1137 1052 1174 solia
1071 1137 1263 1185 complet,
1283 1142 1324 1174 et
1341 1137 1479 1185 plures
1498 1138 1660 1187 regulas
1682 1138 1818 1184 habet,

182 1221 290 1259 quae
314 1210 355 1247 in
381 1208 439 1248 2.⁰
463 1209 757 1247 desiderantur.
785 1208 935 1246 Nullibi
960 1209 1001 1246 in
1021 1209 1101 1246 hoc
1122 1209 1254 1257 primo
1273 1208 1466 1256 exemplo
1486 1215 1655 1257 apparet
1674 1221 1818 1247 manus

181 1280 350 1319 Natalis.
370 1280 606 1318 Secundum
624 1280 754 1318 tribus
774 1280 990 1318 dumtaxat
1004 1279 1109 1317 soliis
1124 1291 1218 1317 cum
1233 1279 1400 1317 dimidio
1417 1280 1647 1328 expeditur,
1663 1286 1703 1317 et
1718 1292 1818 1328 pau-

180 1362 252 1390 cas
269 1351 395 1390 habet
413 1352 734 1398 emendationes,
753 1363 926 1399 quarum
950 1351 1110 1399 aliquae
1130 1351 1285 1388 Natalis
1310 1363 1434 1389 manu
1460 1352 1591 1389 sactae
1618 1352 1817 1389 videntur.

181 1406 359 1462 Primum
382 1423 594 1472 exemplar
618 1423 768 1471 incipit:
796 1423 972 1472 «Reglas
991 1434 1231 1460 communes
1251 1422 1275 1459 a
1293 1422 1417 1460 todos
1437 1423 1499 1460 los
1519 1423 1571 1460 de
1592 1423 1818 1461 casa.—Al·

180 1506 312 1545 gunas
336 1494 475 1532 destas
503 1506 579 1532 son
609 1494 839 1532 ordenadas
867 1494 904 1531 al
933 1494 1029 1531 bien
1055 1494 1275 1543 spiritual...
1296 1494 1379 1532 Las
1404 1506 1485 1542 que
1506 1505 1550 1531 se
1571 1494 1753 1532 ordenan
1780 1495 1818 1531 al

180 1566 275 1604 bien
294 1566 475 1616 spiritual
493 1578 569 1604 son
590 1571 804 1604 estas.—-1.
825 1565 970 1603 Todos
989 1577 1034 1603 se
1053 1565 1295 1603 confesaran
1315 1577 1395 1604 con
1417 1578 1466 1604 su
1487 1566 1678 1604 consesor
1703 1578 1754 1603 en
1778 1567 1814 1603 el

179 1637 311 1676 dia...»
331 1637 430 1676 Des.
451 1637 753 1687 «...leyendolas
772 1637 810 1674 el
828 1649 905 1686 por
918 1641 965 1684 si,
986 1638 1011 1674 ό
1026 1636 1253 1686 oyendolas
1268 1638 1389 1676 leet.»
1405 1637 1590 1675 Alterum
1607 1638 1819 1686 exemplar

179 1709 258 1748 inc.
279 1709 455 1759 «Regias
473 1720 751 1747 communes...
771 1708 956 1759 Algunas
975 1709 1265 1757 specialmente
1293 1721 1369 1747 son
1399 1709 1629 1747 ordenadas
1657 1709 1692 1746 al
1724 1709 1816 1746 bien

178 1780 396 1830 spiritual...
418 1780 582 1830 Quanto
603 1780 639 1818 al
659 1763 835 1829 primero
854 1780 920 1817 del
941 1779 1035 1817 bien
1055 1780 1235 1829 spiritual
1254 1792 1280 1830 y
1299 1781 1478 1829 ynterior
1497 1778 1549 1817 de
1566 1780 1627 1817 los
1641 1780 1816 1828 particu-

178 1851 388 1890 lares—1.
409 1850 524 1890 Cada
542 1863 639 1898 vno,
659 1851 826 1899 quando
846 1862 891 1888 se
910 1851 1157 1899 confessare,
1187 1851 1366 1900 despues
1387 1852 1439 1889 de
1460 1852 1590 1889 hecha
1610 1852 1648 1889 la
1668 1852 1685 1868 ³
1706 1851 1816 1888 sefial

178 1923 232 1961 de
255 1923 294 1960 la
318 1928 460 1961 sancta
484 1923 509 1971 †
534 1935 560 1972 y
586 1923 624 1960 la
644 1923 877 1960 confession
898 1923 1127 1972 general...»
1149 1922 1247 1961 Des.
1275 1939 1336 1961 ....
1339 1935 1365 1972 y
1385 1923 1447 1960 los
1466 1923 1654 1970 nouicios
1675 1935 1728 1960 no
1755 1923 1816 1959 los

177 1994 322 2033 teman
350 1994 412 2032 sin
438 2005 520 2042 que
539 1994 579 2031 lo
599 2005 698 2043 sepa
723 1994 760 2031 el
785 1994 1006 2032 ministro.»
1028 1994 1258 2042 Utrumque
1278 1995 1490 2042 exemplar
1515 1993 1554 2031 in
1583 2000 1664 2031 tres
1684 2000 1818 2042 partes

179 2066 434 2115 dispescitur.
459 2065 512 2104 15ι
530 2066 713 2104 continet
730 2065 905 2115 regulas,
920 2077 1026 2114 quae
1046 2066 1099 2103 ad
1118 2066 1347 2114 profectum
1367 2066 1615 2114 spiritualem
1636 2065 1814 2115 singulo-

179 2148 268 2175 rum
294 2142 493 2186 spectant.
522 2137 579 2174 2.a
598 2148 704 2185 quae
729 2137 782 2174 ad
803 2148 1063 2175 communem
1090 2143 1132 2174 et
1150 2138 1396 2175 exteriorem
1417 2137 1742 2174 aedificationem
1762 2137 1816 2174 fa—

178 2209 303 2247 ciunt.
325 2208 379 2258 3?
398 2219 504 2256 quae
523 2208 576 2246 ad
597 2209 780 2257 corporis
798 2208 1075 2246 valetudinem
1094 2209 1288 2246 tuendam
1308 2209 1521 2257 pertinent.

259 2279 358 2317 Post
375 2279 603 2317 secundum
621 2285 778 2317 tantum
797 2279 1021 2328 exemplar,
1042 2280 1244 2317 habentur
1262 2280 1352 2317 illae
1372 2280 1551 2329 regulae,
1571 2291 1676 2327 quae
1698 2279 1818 2325 Nata·

178 2351 227 2388 lis
255 2362 365 2398 cura,
397 2356 442 2388 ut
474 2350 647 2397 videtur,
676 2350 961 2389 communibus
990 2351 1154 2388 additae
1185 2351 1358 2397 suerunt,
1387 2362 1559 2398 quarum
1588 2350 1816 2387 adversaria

180 2433 302 2471 supra
321 2421 398 2459 sub
418 2434 457 2459 n.
476 2422 504 2459 6
522 2422 735 2460 habentur.
756 2422 884 2459 Multa
903 2434 959 2459 ex
978 2423 1065 2459 istis
1084 2422 1233 2459 deinde
1260 2423 1300 2458 in
1326 2422 1466 2459 ultima
1493 2422 1723 2471 regularum
1750 2433 1813 2457 se-

179 2493 354 2531 lectione
373 2499 614 2531 conservata
634 2499 740 2540 sunt,
761 2494 885 2531 multa
905 2499 1126 2542 expuncta.
1146 2493 1239 2530 Hoc
1261 2493 1485 2541 exemplar,
1506 2494 1537 2530 si
1565 2504 1721 2541 paucae
1741 2493 1813 2529 ad-

180 2565 357 2603 ditiones
374 2565 440 2602 vel
459 2565 780 2611 emendationes,
800 2565 954 2620 Natalis
973 2576 1096 2602 manu
1116 2566 1260 2610 iactae,
1278 2565 1546 2612 excipiantur,
1564 2575 1655 2601 curn
1673 2564 1816 2600 adver-

180 2636 294 2677 sariis
313 2647 437 2684 supra
456 2636 574 2673 dictis
593 2636 829 2673 concordat.
850 2636 895 2672 In
915 2637 1110 2685 margine,
1130 2637 1232 2672 haec
1252 2647 1376 2672 manu
1397 2635 1550 2672 Natalis
1570 2635 1706 2672 addita
1723 2640 1815 2671 sunt

181 2705 344 2744 ultimae
362 2707 541 2756 regulae,
561 2718 667 2755 quae
687 2712 749 2744 est
768 2707 820 2744 de
839 2707 989 2756 regulis
1009 2706 1223 2754 cujuslibet
1244 2706 1365 2743 officii
1386 2706 1581 2743 callendis
1602 2712 1641 2742 et
1666 2705 1718 2742 de
1739 2717 1813 2753 pu-

181 2777 287 2815 blica
304 2778 576 2815 accusatione:
599 2777 723 2815 «Esta
743 2778 878 2826 puede
899 2783 980 2814 star
995 2789 1044 2814 en
1062 2777 1098 2814 el
1115 2777 1250 2814 officio
1266 2777 1332 2814 del
1348 2777 1530 2814 ministro
1545 2788 1570 2824 y
1589 2776 1654 2813 del
1669 2782 1812 2813 rector,

182 2861 208 2897 y
227 2860 282 2886 no
302 2860 347 2886 se
366 2849 558 2886 entiende
576 2849 642 2886 del
662 2855 806 2894 rector,
818 2849 1021 2905 ministro,
1041 2849 1080 2884 ni
1102 2848 1167 2885 del
1186 2853 1363 2885 maestro
1383 2848 1435 2885 de
1456 2849 1675 2885 novicios.»

263 2919 299 2956 8.
358 2919 572 2957 «Notanda
591 2930 638 2956 ac
660 2919 918 2957 observanda
938 2931 993 2955 ex
1013 2919 1116 2956 libro
1136 2919 1457 2965 consultationis,
1479 2913 1646 2966 quando
1668 2919 1709 2956 P.
1732 2919 1814 2956 Na-

254 3077 272 3093 a
322 3065 358 3100 el
375 3077 451 3100 ms.
