2098 3470
319 235 389 272 544
789 231 945 268 PATms
970 232 1213 268 HmRoNan
1241 231 1391 268 NADAL

270 337 377 373 ster.
402 331 507 375 Aue
535 331 691 376 Maria.
717 333 844 378 Deus
880 335 955 378 det
992 333 1122 377 nobis
1139 347 1267 376 suam
1305 347 1477 389 pacem,
1510 341 1555 379 et
1583 341 1901 390 postmortem

266 406 405 450 vitam
428 414 700 452 aeternam.»
727 410 852 455 Solet
882 425 988 455 vero
1010 409 1130 454 addi:
1161 411 1328 452 «Beata
1356 410 1530 455 viscera
1558 411 1726 455 Mariae
1759 410 1902 468 virgi-

268 483 338 527 nis
365 486 422 527 ¹.»

589 613 653 642 DE
687 613 1101 644 MORTIFICATIONE
1135 613 1194 643 ET
1229 613 1570 644 POENITENTIIS

356 715 593 760 Fratribus
615 731 671 761 ne
688 719 821 762 detur
841 733 923 775 pro
946 717 1292 762 mortificatione
1312 724 1361 761 vt
1382 726 1565 775 gestent
1586 725 1738 763 vestes
1761 720 1896 763 coad-

268 792 465 836 iutorum
504 794 834 850 temporalium,
874 810 932 839 ne
968 793 1110 838 videri
1148 801 1332 850 possent
1367 794 1479 839 viles
1516 795 1617 839 illae
1655 802 1819 848 vestes,
1853 803 1902 840 et

267 877 413 913 status
429 869 503 914 ille
520 871 832 915 coadiutorum
851 871 1163 927 temporalium
1181 872 1416 917 habendus
1434 887 1514 928 pro
1531 871 1892 916 mortificatione.

267 946 316 991 Si
339 946 542 990 vestibus
562 951 650 994 482
678 947 979 991 mortificandi
1016 955 1123 991 sunt
1155 948 1329 1000 fratres,
1365 948 1461 991 dari
1483 947 1585 991 illis
1605 955 1795 1005 possunt
1817 949 1894 993 de-

267 1023 398 1067 tritae
420 1030 570 1067 vestes
591 1031 636 1067 et
663 1024 899 1076 laceratae,
932 1025 1004 1068 vel
1042 1038 1158 1079 quae
1195 1023 1362 1080 alioqui
1399 1024 1791 1069 mortificationem
1820 1039 1901 1081 pa-

269 1099 388 1143 riant
410 1107 455 1145 et
485 1100 811 1144 confusionem.
1479 1087 1481 1089 .

356 1177 563 1221 Ministro
591 1177 778 1221 concedi
804 1177 969 1241 poterit
1006 1177 1249 1233 aliquando
1286 1177 1466 1234 publica
1502 1192 1652 1221 coram
1681 1177 1896 1222 fratribus

267 1253 570 1308 mortificatio,
590 1255 659 1298 vel
679 1254 855 1310 iniungi
878 1254 1012 1298 etiam
1030 1254 1322 1311 poenitentia,
1343 1254 1380 1298 si
1398 1254 1460 1298 ita
1482 1242 1689 1300 videatur
1711 1255 1894 1300 rectori.

267 1330 390 1374 Huic
413 1330 565 1384 etiam,
590 1331 628 1374 si
649 1331 712 1374 ita
734 1331 940 1374 videatur
962 1331 1245 1387 prouinciali,
1271 1347 1326 1376 ex
1348 1331 1510 1376 idonea
1533 1340 1684 1375 causa.

355 1408 680 1464 Vnusquisque
716 1416 843 1452 notet
881 1408 1084 1464 proprias
1117 1422 1170 1451 ac
1209 1409 1439 1452 naturales
1477 1409 1812 1464 complexiones
1848 1416 1894 1452 et

265 1484 402 1528 animi
439 1484 763 1542 aegritudines,
803 1486 875 1529 vel
905 1500 1021 1540 quae
1060 1484 1417 1530 melancholicae
1454 1493 1560 1529 sunt
1597 1486 1670 1528 vel
1706 1485 1896 1529 choleri-

264 1576 361 1615 cae,
386 1569 494 1615 etc.,
519 1562 592 1606 vel
614 1561 780 1617 alioqui
801 1576 918 1617 quae
940 1563 996 1605 ad
1018 1569 1255 1618 peccatum
1284 1561 1465 1617 aliquod
1486 1562 1719 1616 inclinant,
1745 1569 1794 1605 vt
1817 1576 1897 1606 eas

264 1654 346 1695 pro
367 1639 484 1682 virili
505 1638 553 1681 in
574 1638 758 1682 Christo
781 1640 1021 1683 emendare
1044 1639 1228 1682 nitatur.
1255 1640 1358 1682 Hoc
1385 1646 1554 1691 autem,
1579 1653 1671 1681 non
1701 1640 1846 1682 solum
1869 1655 1895 1684 a

264 1715 456 1772 singulis
477 1730 561 1772 pro
578 1730 627 1759 se
644 1723 712 1760 est
730 1716 997 1768 curandum,
1018 1715 1230 1759 adhibitis
1247 1715 1456 1760 remediis
1478 1715 1694 1772 appositis
1712 1723 1756 1760 et
1774 1730 1895 1759 mor—

242 1792 587 1836 'tificationibus
607 1807 632 1836 e
668 1792 856 1835 consilio
894 1792 1158 1836 confessarii
1195 1793 1268 1836 vel
1305 1792 1567 1848 superioris,
1607 1794 1686 1836 sed
1715 1807 1798 1849 pro
1821 1793 1893 1836 his

264 1884 431 1927 magno
453 1869 603 1912 studio
626 1876 671 1912 et
693 1884 774 1926 pro
796 1884 844 1913 se
866 1877 911 1912 et
933 1883 1014 1925 pro
1037 1868 1247 1912 omnibus
1279 1877 1347 1913 est
1370 1870 1725 1926 procurandum.

353 1948 547 1991 Carcere
568 1961 625 1990 ne
648 1954 842 1998 Vtamur,
869 1945 953 1989 nisi
977 1961 1049 1989 res
1076 1953 1195 1990 esset
1228 1953 1319 1989 tam
1348 1961 1516 2003 vrgens
1549 1954 1730 2002 tamque
1751 1948 1892 1990 vehe-

263 2039 407 2077 mens,
431 2030 481 2066 vt
501 2027 590 2069 483
611 2023 804 2066 animam
826 2038 879 2066 ea
900 2024 994 2066 sola
1015 2023 1189 2066 ratione
1217 2022 1432 2066 lucrifieri
1455 2038 1587 2079 posse
1610 2030 1891 2079 compertum

263 2109 383 2146 esset
406 2100 569 2143 rectori
591 2114 647 2143 ex
669 2100 856 2143 consilio
893 2100 1220 2143 consultorum.
1247 2101 1412 2144 Carcer
1434 2114 1541 2144 vero
1570 2107 1665 2142 tum
1694 2106 1792 2144 esto
1813 2114 1891 2143 cu-

261 2179 481 2232 biculum,
502 2178 737 2220 commode
759 2178 815 2220 ad
837 2178 923 2220 hoc
945 2192 971 2220 a
993 2176 1223 2233 superiore
1244 2177 1486 2229 delectum,
1507 2191 1622 2232 quae
1649 2184 1800 2220 tamen
1822 2190 1892 2220 re-

261 2255 405 2299 clusio
426 2269 520 2298 non
558 2261 648 2297 tam
682 2268 836 2297 carcer
866 2262 985 2298 esset
1015 2254 1296 2310 appellanda,
1337 2268 1472 2309 quam
1505 2253 1790 2296 mortificatio
1821 2254 1894 2297 vel

261 2332 514 2388 disciplina,
534 2346 651 2386 quae
675 2330 879 2387 vsurpari
902 2330 1036 2374 etiam
1060 2331 1117 2373 ob
1137 2330 1246 2373 alias
1268 2345 1357 2373 non
1383 2338 1471 2374 tam
1491 2337 1707 2387 Vrgentes
1729 2343 1895 2373 causas.

262 2416 428 2466 potest.

351 2486 525 2542 Culpae
547 2485 757 2528 dicantur
778 2498 833 2527 ex
856 2491 1099 2540 suggestu.

351 2565 574 2619 Tempore
607 2561 891 2605 vacationum
926 2561 971 2603 in
1003 2561 1207 2617 collegiis
1239 2568 1550 2616 proponantur
1582 2560 1895 2604 mortificatio-

261 2655 358 2693 nes,
385 2653 575 2696 quarum
599 2639 734 2682 index
757 2638 890 2680 datus
913 2645 981 2680 est
1005 2637 1255 2680 rectoribus
1284 2638 1317 2690 ²,
1350 2644 1398 2679 vt
1426 2638 1586 2680 fratres
1614 2643 1819 2692 petentes
1847 2643 1897 2680 et·

260 2717 358 2760 illas
391 2716 610 2760 facientes
642 2722 918 2759 renouentur
950 2714 995 2755 in
1027 2713 1211 2769 spiritu:
1247 2721 1292 2757 et
1324 2713 1361 2756 si
1394 2713 1531 2768 aliqui
1562 2727 1652 2756 non
1684 2719 1891 2768 peterent

260 2794 455 2849 aliquam
484 2790 876 2836 mortificationem
906 2791 975 2834 vel
1005 2792 1120 2833 forte
1148 2790 1366 2834 leuiorem
1389 2797 1609 2846 peterent,
1644 2796 1690 2832 et
1718 2788 1764 2831 in
1794 2790 1896 2832 Do-

333 2922 341 2941 ¹
394 2917 456 2954 Cf.
477 2917 658 2952 Monam.
679 2916 838 2964 Ignat.,
858 2914 911 2950 IV
931 2926 1021 2958 ser.‚
1043 2915 1070 2960 I,
1088 2923 1170 2959 2453
1192 2920 1232 2950 et
1250 2914 1363 2959 infra,
1383 2925 1475 2961 pag.
1498 2914 1567 2959 556
1593 2925 1669 2948 ms.
1690 2913 1804 2959 hujus
1828 2924 1895 2948 co-

261 2978 375 3059 dun?
396 3035 495 3071 Vide
514 3047 641 3082 supra,
664 3046 752 3082 pag.
773 3041 855 3079 447.
