2098 3470
819 192 1252 233 Insrnucnonsss—61
1739 202 1807 240 501

215 298 360 344 Simul
397 298 533 342 etiam
570 297 658 342 illis
695 297 872 342 consuli
909 297 1065 350 debet,
1100 295 1225 351 quod
1261 294 1476 339 Christus
1514 294 1604 340 385
1642 295 1858 340 dominus

215 382 372 420 noster
407 374 620 427 consulit,
659 374 872 418 omnibus
907 372 1175 430 religionem
1213 371 1507 428 ingressuris,
1538 372 1576 414 si
1613 371 1857 415 videantur

217 451 430 508 propensi
451 452 508 495 ad
529 451 651 495 illam
671 450 1053 503 distributionem,
1078 456 1128 491 vt
1150 448 1271 491 bona
1292 462 1376 491 sua
1397 447 1445 491 in
1467 463 1691 504 pauperes
1714 456 1759 493 et
1782 449 1857 505 pia

215 542 353 586 opera
368 528 658 581 distribuant,
672 536 721 570 vt
738 527 874 572 etiam
890 527 937 570 id
954 525 1123 570 faciant
1138 526 1268 569 iuxta
1282 524 1636 568 constitutiones
1653 533 1853 569 nostras.

215 605 264 651 Si
285 607 409 648 hunc
430 605 477 648 in
499 606 684 649 modum
706 603 941 656 admoniti,
961 602 1255 647 nihilominus
1276 602 1387 646 dent
1402 601 1488 659 ipsi
1504 617 1589 645 sua
1606 603 1764 647 amicis
1780 604 1856 648 vel

214 681 426 739 cognatis
447 697 539 725 non
561 682 822 739 egentibus,
853 681 926 726 vel
953 680 1121 736 alioqui
1144 694 1237 723 non
1266 686 1390 723 recte
1419 678 1694 723 distribuant
1723 689 1856 724 ante-

215 773 352 815 quam
375 759 685 811 admittantur,
711 774 804 802 non
819 759 990 803 debent
1011 756 1194 813 quidem
1218 763 1403 813 propter
1423 757 1514 799 hoc
1536 757 1683 800 solum
1708 757 1850 811 refici,

215 835 391 879 etiamsi
420 835 666 879 existimari
693 836 859 880 debeat
884 834 988 878 illos
1015 833 1195 890 ingredi
1216 847 1322 876 cum
1351 847 1521 890 magna
1543 825 1853 889 imperfectio·

217 926 291 958 ne:
315 913 397 956 sed
418 926 473 955 eo
495 912 642 968 magis
663 911 1043 955 considerandum
1071 918 1142 954 est
1169 909 1422 966 accipiendi
1444 923 1502 952 ne
1531 910 1623 953 sint
1653 925 1711 953 an
1741 926 1851 965 non3

215 972 513 1034 esset'autem
537 988 714 1032 facilius
729 988 909 1033 definiri
927 1002 1017 1031 non
1036 987 1358 1039 admittendos,
1383 986 1423 1030 si
1444 988 1645 1030 humana
1667 988 1851 1040 astutia,

216 1073 460 1121 antequam
490 1065 858 1122 ingrederentur,
889 1079 994 1108 cum
1022 1070 1178 1109 essent
1203 1064 1443 1108 commode
1474 1063 1640 1117 induti,
1672 1071 1718 1108 et
1749 1079 1854 1108 cum

216 1142 517 1199 suppellectili
553 1150 602 1187 et
638 1142 831 1187 coeteris
862 1140 1276 1194 commoditatibus,
1308 1140 1519 1185 venirent
1557 1148 1707 1185 tamen
1748 1155 1853 1185 cum

217 1218 408 1264 abiectis
430 1219 634 1263 vestibus
655 1226 702 1262 et
718 1219 911 1272 detritis,
931 1218 1195 1276 praesertim
1218 1217 1256 1262 si
1278 1233 1362 1262 sua
1379 1218 1599 1261 diuitibus
1616 1219 1692 1262 illa
1708 1219 1854 1262 dedis-

220 1282 323 1340 sent
344 1297 416 1340 vel
438 1311 530 1340 non
551 1296 810 1353 egentibus.

308 1374 480 1416 Verum
501 1373 540 1417 si
562 1373 808 1430 recipiendi
830 1388 922 1417 non
938 1373 1219 1427 viderentur,
1244 1388 1337 1416 non
1353 1380 1473 1417 esset
1495 1373 1584 1417 illis
1607 1380 1760 1418 tamen
1782 1373 1855 1416 in-

217 1449 462 1493 dicandum
482 1458 667 1507 propter
687 1450 776 1495 386
800 1452 920 1494 hanc
941 1465 1126 1494 causam
1154 1450 1254 1494 illos
1281 1450 1423 1504 reiici,
1448 1465 1598 1507 neque
1635 1451 1756 1495 enirn
1787 1466 1855 1495 re-

219 1540 328 1572 uera
355 1525 527 1570 idcirco
558 1542 650 1570 non
687 1527 1050 1580 admitterentur,
1081 1528 1203 1583 quod
1238 1509 1360 1571 bona
1395 1527 1749 1580 distribuissent,
1775 1530 1855 1573 sed

217 1603 343 1659 quod
365 1618 444 1660 per
465 1603 679 1647 astutiam
702 1613 747 1649 et
769 1604 908 1647 animi
929 1603 1240 1660 duplicitatem
1259 1604 1306 1647 id
1323 1604 1554 1648 fecissent.

300 1666 508 1736 vTempus
529 1680 798 1737 disponendi
819 1681 877 1724 de
898 1681 1030 1725 bonis
1053 1682 1242 1725 Patrum
1266 1681 1547 1737 fratrumque
1569 1681 1654 1726 erit
1669 1682 1717 1725 in
1734 1682 1855 1725 arbi-

218 1753 307 1800 trio
334 1765 380 1801 et
407 1757 706 1813 dispositione
741 1758 1056 1810 commissarii,
1088 1759 1162 1803 vel
1188 1758 1497 1817 prouincialis,
1523 1758 1562 1802 si
1591 1759 1853 1803 commissa-

218 1833 312 1878 rius
333 1849 426 1877 non
449 1831 602 1888 fuerit3
628 1835 975 1891 seruabiturque
1003 1837 1126 1891 quod
1147 1835 1313 1879 dicitur
1336 1844 1403 1891 3.²
1423 1844 1567 1892 parte,
1588 1836 1736 1892 capite
1771 1836 1852 1891 1.⁰,

216 1910 342 1954 iuxta
364 1913 599 1956 decretum
623 1920 707 1955 230
727 1921 773 1956 et
797 1919 880 1967 3,.Ξιε
901 1912 1273 1970 congregationis
1294 1914 1539 1970 generalis,
1564 1921 1610 1958 et
1631 1914 1854 1970 praescri-

217 1995 345 2044 ptum
375 1989 602 2044 generalis
622 1989 869 2045 praepositi
898 1992 925 2032 ¹.

304 2066 485 2109 Maturo
507 2065 694 2108 consilio
717 2074 902 2109 vtentur
919 2066 1239 2122 prouinciales,
1258 2074 1309 2110 vt
1325 2067 1605 2125 praecipiant
1626 2070 1746 2111 bona
1762 2069 1854 2112 dis-

216 2141 353 2185 tribui
391 2141 653 2194 immobilia,
695 2157 780 2186 nec
813 2143 907 2187 fere
944 2143 990 2186 id
1028 2143 1196 2187 faciant
1225 2152 1332 2189 ante
1359 2144 1606 2190 editionem
1643 2153 1854 2189 votorum

215 2218 475 2263 solennium
498 2220 571 2262 vel
598 2219 936 2271 coadiutorum,
962 2219 1048 2263 nisi
1084 2228 1210 2264 certo
1238 2229 1425 2278 sperent
1452 2223 1526 2265 vel
1553 2237 1607 2265 ea
1636 2222 1854 2265 distribu-

218 2294 340 2338 tione
361 2295 620 2340 confirmari
641 2304 863 2352 perpetuo
892 2295 1239 2342 distribuentem
1262 2312 1413 2354 posse;
1439 2299 1512 2343 vel
1542 2299 1618 2341 vbi
1647 2299 1854 2342 firmissi-

216 2386 319 2416 mus
340 2372 442 2428 quis
464 2373 539 2426 sit,
563 2381 609 2417 et
630 2373 793 2418 melius
814 2373 1040 2417 iudicetur
1063 2375 1120 2417 ad
1148 2374 1235 2420 Dei
1263 2376 1502 2420 seruitium
1532 2384 1578 2420 et
1600 2390 1852 2433 pauperum

217 2449 585 2504 subuentionem,
610 2451 944 2507 expectandum
968 2465 1063 2494 non
1083 2461 1154 2495 est
1175 2451 1365 2496 diutius.
1759 2452 1762 2455 ’

304 2527 375 2570 Ne
402 2527 786 2583 praetermittatur
817 2526 1002 2583 exigere
1029 2528 1086 2571 ab
1115 2527 1186 2582 iis,
1211 2529 1291 2585 qui
1318 2529 1637 2581 admittuntur,
1671 2537 1719 2572 vt
1747 2543 1853 2585 pro-

217 2602 398 2646 mittant
413 2617 463 2646 se
479 2602 744 2648 dimissuros
760 2605 880 2647 bona
896 2619 980 2648 sua
1000 2612 1103 2661 post
1126 2605 1320 2662 primum
1337 2621 1525 2659 annum,
1546 2606 1673 2649 iuxta
1691 2605 1854 2650 Socie-

217 2679 322 2723 tatis
343 2680 602 2724 institutum
623 2688 713 2725 etc.
738 2688 772 2724 ².

283 2861 306 2879 ἰ
353 2852 463 2887 Haec
480 2852 743 2899 paragraphus
760 2852 892 2888 addita
910 2853 1121 2899 posterius.

283 2998 292 3018 ⁸
348 2999 545 3046 Congreg.
564 3011 661 3046 gen.
685 3001 753 3046 2.⁸‚
771 3000 877 3036 decr.
899 3000 945 3036 23
962 3006 1002 3036 et
1019 3010 1080 3047 413
1099 3008 1140 3038 et
1157 3013 1344 3048 congreg.
1364 3001 1432 3046 3.·;
1452 3001 1558 3037 decr.
1582 3001 1638 3037 16.
