2098 3470
291 310 338 347 70
865 304 1045 341 Nori-rm
1071 313 1262 341 comeum

244 406 295 442 ad
331 406 528 454 superius,
557 406 773 444 discrimen
798 409 899 446 inter
932 409 1233 446 universitatem
1267 414 1307 446 et
1342 409 1557 458 collegium
1584 410 1755 460 regium,
1776 415 1866 457 etc.;
1894 403 1898 406 l

245 477 318 514 sed
346 477 610 515 minutissima
635 479 749 527 plura
775 479 896 516 etiam
922 480 1258 517 commendantur
1286 479 1337 516 de
1372 480 1514 518 ordine
1550 481 1790 528 domestico,
1824 482 1877 519 de

246 549 371 585 sacris
389 548 532 586 ritibus
557 549 596 586 in
621 550 774 598 templo
800 550 1057 597 adhibendis,
1083 550 1135 587 de
1162 550 1323 597 scholis,
1350 551 1402 588 de
1428 552 1594 599 templo,
1621 552 1672 588 de
1707 552 1886 590 officinis

247 619 411 660 fratrum
433 620 664 668 adjutorum
684 626 774 667 etc„
795 633 848 658 ex
869 621 1017 669 quibus
1037 633 1085 658 ea
1103 626 1273 668 tantum,
1294 633 1399 669 quae
1421 623 1471 659 ad
1494 623 1701 660 historiam
1729 623 1879 671 aliquid

247 690 348 728 lucis
369 691 512 728 afferre
526 692 695 739 possint,
708 692 969 740 excerpenda
985 693 1318 731 existimavimus.
1335 694 1394 730 Ea
1409 705 1508 731 vero
1525 695 1566 731 in
1582 695 1660 731 hoc
1676 694 1882 732 volumine

253 762 358 799 inter
377 767 639 799 monumenta
660 762 892 800 Lusitaniae
912 764 1172 811 reperientur.
1195 764 1276 802 Inc.
1303 782 1315 792 a
1332 775 1360 801 1.
1383 765 1443 801 La
1463 764 1603 814 iglesia
1625 777 1670 802 se
1690 766 1796 815 haga
1815 750 1883 803 dei

250 833 376 870 modo
397 845 478 880 que
499 845 542 870 se
563 834 614 870 ha
635 833 825 880 habladO,
846 846 896 871 en
923 834 960 871 el
986 836 1149 872 residuo
1175 835 1240 872 del
1267 841 1411 883 quarto
1438 847 1639 874 nueuo...»
1667 836 1764 875 Des.
1795 837 1880 883 «89.

250 903 336 941 Los
356 905 541 942 nouicios
563 916 606 941 se
628 905 857 942 confiessen
877 918 902 954 y
923 907 1168 956 comulguen
1195 912 1307 944 entre
1335 919 1538 945 semana...
1565 907 1782 957 recogidos
1807 919 1883 956 por

250 980 340 1012 otro
363 981 507 1022 quarto
529 975 580 1012 de
602 975 1049 1014 hora.—Confessores:
1070 978 1145 1015 M.⁰
1161 978 1307 1029 Miron,
1328 978 1477 1028 Miguel
1495 978 1546 1015 de
1562 979 1704 1026 Sousa,
1719 979 1882 1016 Manuel

252 1034 435 1092 Aluarez,
456 1047 639 1095 Goncalo
661 1035 844 1094 Aluarez,
865 1049 955 1098 Ruy
974 1049 1159 1096 Vicente,
1180 1050 1282 1087 Pero
1301 1050 1413 1096 Diaz,
1429 1050 1778 1099 Vascogoncelos,
1797 1050 1882 1088 An-

250 1118 364 1155 tonio
385 1118 545 1164 Soarez,
562 1119 665 1166 Joan
682 1119 733 1156 de
753 1119 920 1166 Nouae,
948 1119 1138 1167 Cabrera,
1158 1121 1304 1167 Varea,
1326 1122 1427 1158 Pero
1455 1121 1620 1158 Gomez:
1648 1133 1746 1170 pero
1772 1126 1884 1160 estos

253 1189 353 1239 [scil.
373 1195 455 1227 tres
475 1190 650 1237 ultimos,
671 1203 775 1238 quos
796 1203 877 1228 una
897 1191 1000 1229 clavi
1020 1204 1093 1229 seu
1113 1193 1269 1230 uncinis
1289 1191 1454 1244 claudit]
1484 1193 1709 1241 ocupenlos
1736 1204 1884 1242 poco.»

334 1260 420 1299 Fol.
449 1268 688 1310 125v-134v,
711 1263 950 1299 continetur:
974 1263 1225 1311 «Respuesta
1245 1264 1297 1300 de
1318 1265 1376 1301 las
1397 1264 1527 1301 dudas
1547 1276 1628 1312 que
1654 1269 1883 1314 perguntoo

253 1331 292 1368 el
313 1332 354 1370 Ρ.
374 1332 526 1382 Miguel
547 1333 599 1370 de
619 1333 755 1370 Sosa.»
781 1333 865 1371 Sub
886 1335 965 1371 hoc
984 1335 1112 1381 titulo,
1133 1342 1182 1382 45
1203 1336 1492 1383 responsiones
1511 1336 1563 1372 ad
1585 1335 1708 1373 dubia
1726 1336 1884 1384 praedi-

252 1409 330 1451 cta,
357 1409 419 1441 tot
445 1405 622 1441 numeris
648 1404 874 1451 distinctae,
901 1405 1113 1453 habentur,
1148 1406 1296 1454 quibus
1329 1407 1404 1444 alia
1433 1407 1559 1455 plura,
1594 1407 1770 1461 numeris
1801 1418 1885 1444 non

251 1477 422 1526 signata,
439 1476 678 1514 succedunt.
699 1476 840 1514 Sermo
857 1482 919 1514 est
937 1477 989 1514 de
1009 1477 1132 1515 rebus
1151 1478 1458 1526 particularibus
1474 1478 1526 1515 ad
1546 1479 1726 1527 regimen
1746 1478 1884 1516 Socie—

251 1547 347 1584 tatis
368 1546 659 1595 spectantibus,
679 1547 783 1584 inter
802 1559 904 1595 quas
923 1549 1035 1586 utilia
1053 1549 1168 1597 plura
1192 1549 1405 1586 traduntur
1430 1549 1483 1586 de
1505 1549 1668 1597 jejuniis
1694 1554 1735 1586 et
1758 1549 1885 1586 absti-

252 1619 412 1664 nentiis,
427 1618 760 1656 adolescentibus
775 1620 1066 1666 concedendis,
1082 1620 1134 1657 de
1151 1620 1271 1657 sociis
1287 1631 1402 1657 sacro
1419 1621 1706 1657 exercitiorum
1720 1631 1886 1658 recessu

254 1690 510 1736 excolendis,
536 1690 588 1727 de
615 1690 772 1728 cautela
807 1691 1008 1728 servanda
1041 1692 1082 1728 in
1115 1691 1257 1728 studiis
1284 1691 1483 1728 tironibus
1513 1691 1802 1737 concedendis,
1834 1691 1888 1728 de

257 1762 363 1798 votis
384 1762 642 1808 novitiorum,
662 1762 716 1799 de
741 1761 954 1799 duratione
980 1763 1210 1809 novitiatus,
1236 1762 1288 1799 de
1316 1762 1551 1799 facultatum
1577 1763 1891 1809 renuntiatione,

254 1833 306 1870 de
326 1833 477 1870 vestitu
498 1833 716 1879 sociorum,
736 1833 788 1870 de
807 1834 962 1870 ratione
984 1834 1185 1871 servanda
1204 1834 1244 1871 in
1270 1834 1516 1870 novitiorum
1541 1833 1789 1880 dimissione,
1809 1838 1886 1871 etc.

256 1905 339 1942 Inc.
364 1915 425 1943 «1.
446 1904 531 1941 Los
551 1903 745 1941 officiales
765 1904 817 1941 de
838 1915 997 1942 casa...»
1019 1904 1116 1942 Des.
1140 1920 1200 1942 «...
1221 1904 1285 1942 De
1305 1903 1363 1941 las
1382 1904 1574 1942 limosnas
1603 1915 1648 1941 se
1666 1915 1744 1954 aga
1769 1915 1893 1942 como

255 1988 299 2013 se
318 1976 546 2013 determino
566 1987 655 2025 ya.»

337 2047 424 2085 Fol.
450 2047 678 2096 135r-138r,
699 2046 775 2084 sub
796 2047 875 2084 hoc
894 2046 1023 2084 titulo:
1048 2045 1212 2084 «Orden
1233 2047 1299 2084 del
1320 2047 1492 2096 collegio
1518 2047 1571 2084 de
1601 2046 1791 2084 Coimbra
1817 2058 1891 2097 ge-

256 2119 420 2165 nerals»,
441 2119 481 2156 in
505 2128 553 2167 37
580 2118 843 2167 paragraphis
870 2118 1037 2167 signatis
1067 2118 1169 2155 ordo
1194 2119 1389 2166 temporis
1419 2123 1459 2155 et
1489 2118 1785 2164 exercitiorum,
1804 2122 1891 2155 tum

259 2190 311 2227 ad
332 2190 478 2236 studia,
498 2195 585 2226 tum
605 2189 656 2226 ad
678 2189 871 2237 spiritum,
892 2189 1175 2237 spectantium,
1202 2189 1400 2227 statuitur.
1427 2189 1592 2227 Editum
1617 2194 1679 2226 est
1705 2190 1786 2226 hoc
1805 2198 1892 2226 mo·

258 2266 496 2299 numentum
530 2260 639 2309 apud
673 2258 852 2297 Monum.
886 2259 1068 2308 Paedag.
1102 2261 1205 2297 inter
1233 2259 1309 2298 alia
1337 2261 1378 2298 id
1397 2272 1540 2310 genus,
1566 2271 1657 2310 pag.
1687 2260 1778 2309 637.
1807 2259 1891 2297 Inc.

261 2333 430 2370 ‹Dende
450 2344 662 2381 pascoa...»
687 2331 783 2369 Des.
811 2349 869 2369 «...
890 2332 1140 2380 penitencias
1161 2343 1212 2369 en
1231 2332 1294 2370 los
1314 2343 1507 2369 errores.»
1548 2364 1549 2369 ,

249 2394 253 2397 ’
339 2404 425 2442 Fol.
466 2404 696 2450 138v-141r,
730 2403 940 2440 instructio
969 2403 1172 2451 quaedam
1205 2404 1257 2441 de
1292 2404 1474 2441 oratione
1507 2402 1672 2451 ponitur
1704 2401 1780 2439 sub
1813 2403 1892 2439 hoc

257 2476 388 2513 titulo:
411 2474 578 2513 «Orden
599 2475 651 2511 de
678 2475 880 2522 oracion.»
910 2474 1115 2523 Quoniam
1149 2475 1189 2511 in
1217 2475 1337 2512 variis
1364 2473 1575 2511 codicibus
1600 2473 1698 2510 varii
1725 2472 1777 2510 de
1803 2483 1897 2510 ora-

258 2547 371 2584 tione
390 2550 585 2584 tractatus
606 2546 648 2583 P.
671 2545 826 2582 Natalis
845 2546 1113 2594 reperiuntur,
1133 2557 1217 2582 non
1242 2545 1316 2582 abs
1342 2557 1385 2582 re
1412 2545 1498 2582 fore
1524 2545 1804 2581 existimamus
1828 2543 1894 2581 hic

261 2618 583 2656 animadvertere
603 2618 709 2654 hanc
729 2617 1035 2654 instructionem
1055 2628 1219 2665 prorsus
1240 2616 1291 2653 ab
1312 2616 1386 2663 illis
1407 2616 1582 2662 differre,
1609 2626 1715 2662 quae
1741 2619 1836 2652 sunt
1854 2615 1898 2652 in-

266 2688 359 2727 cod.
393 2688 511 2726 Vatic.
536 2686 571 2733 ό,
594 2688 661 2726 fol.
688 2697 779 2735 404,
805 2692 846 2724 et
873 2687 925 2724 ab
951 2687 1029 2733 illa,
1055 2699 1161 2734 quae
1188 2687 1227 2724 in
1261 2687 1352 2724 cod.
1389 2686 1557 2724 coll-xta
1581 2692 1661 2736 per
1692 2683 1895 2732 Natalem,

265 2761 305 2798 ff.
329 2761 517 2809 316-323‚
539 2760 779 2796 continetur.
800 2758 860 2795 Ibi
881 2759 988 2795 enim
1013 2759 1114 2795 ratio
1141 2758 1347 2804 orationis,
1374 2769 1479 2805 quae
1507 2758 1637 2807 magis
1663 2768 1900 2794 accommo-

265 2831 359 2868 data
375 2836 437 2868 est
456 2830 638 2867 instituto
655 2830 881 2875 Societatis,
902 2835 942 2866 et
957 2829 1109 2866 fructus
1124 2841 1179 2866 ex
1198 2829 1264 2866 illa
1285 2829 1469 2866 eliciendi
1486 2829 1614 2866 fusius
1630 2827 1896 2876 explicantur.

264 2903 310 2940 In
331 2904 407 2939 hac
434 2907 569 2939 autem
594 2901 730 2949 potius
756 2901 808 2937 de
842 2900 984 2937 ordine
1005 2901 1244 2946 domestico,
1265 2901 1377 2948 quod
1406 2901 1458 2937 ad
1485 2901 1710 2937 orationem
1744 2899 1902 2944 attinet,

266 2986 400 3012 sermo
420 2979 494 3019 est,
509 2978 595 3010 tum
615 2972 762 3019 locum,
778 2972 847 3009 ubi
867 2983 916 3008 ea
934 2972 1181 3021 peragenda,
1197 2977 1283 3009 tum
1302 2977 1463 3020 tempus
1484 2972 1558 3019 ipsi
1578 2969 1898 3019 impendendum

268 3050 308 3083 et
327 3045 403 3082 alia
419 3044 471 3081 ad
491 3044 652 3092 praxim
677 3043 987 3084 accommodata
1012 3043 1176 3080 brevius
1201 3048 1494 3091 proponuntur.
1522 3042 1739 3079 Accedunt
1765 3041 1899 3088 aliqua

264 3117 317 3154 de
338 3116 519 3164 corporis
538 3114 879 3161 afflictationibus,
899 3119 940 3152 et
959 3115 1011 3152 de
1033 3114 1319 3152 benedictione
1341 3120 1381 3151 et
1396 3115 1614 3164 gratiarum
1630 3113 1790 3170 actione
1805 3117 1902 3149 ante
