2098 3470
0 0 499 42 ’ww-fa
555 0 574 10 ²
617 3 619 5 ¹
676 0 698 5 ”
734 0 737 3 ·
806 0 846 10 ’·

10 62 13 63 ⁷
100 62 104 67 ,
134 50 167 69 >·-‚
679 48 693 64 ι

526 259 803 296 MonunssmA
825 265 1088 295 Pnovmcuu:
1107 257 1447 303 Rumina-54
1686 254 1760 292 333

252 359 434 418 Singuli
457 360 618 405 fratres
638 361 838 404 habeant
851 358 1032 415 ‚aliquas
1052 357 1293 415 imagines,
1316 364 1363 402 et
1383 357 1431 400 in
1454 357 1649 414 singulis
1670 357 1804 401 cubi-

164 439 282 483 culis
302 444 558 494 apponatur
577 451 695 493 aqua
715 435 973 490 benedicta,
998 443 1044 481 et
1065 435 1112 479 in
1133 435 1378 480 biblioteca
1398 434 1575 491 priuata
1606 442 1651 479 et
1673 448 1801 478 com-

165 515 308 560 muni.

253 593 371 636 Cum
388 592 553 648 aliquis
568 591 694 636 venit
708 605 764 634 ex
782 590 906 634 Vrbe
922 589 1144 647 priuatus,
1161 603 1246 633 nec
1263 588 1586 632 authoritatem
1605 588 1804 644 aliquam

163 670 332 714 habeat
348 685 375 712 a
393 672 528 714 Patre
543 675 700 712 nostro
717 666 935 724 generali,
954 674 1006 709 vt
1027 665 1197 722 aliquid
1214 665 1464 709 constituat
1487 665 1532 708 in
1550 665 1807 722 prouinciis

164 753 244 790 aut
265 739 487 803 collegiis,
522 746 595 789 vel
622 744 661 788 si
687 744 854 788 scribat
881 759 939 788 ex
965 744 1108 796 Vrbe,
1131 742 1246 786 nihil
1271 749 1512 798 propterea
1533 744 1802 785 mutandum

165 822 252 866 erit
272 821 691 880 ingubernatione,
715 821 812 873 sed,
831 820 870 863 si
890 820 954 863 ita
975 820 1200 872 videatur,
1225 818 1389 876 poterit
1407 818 1640 862 admoneri
1665 821 1806 863 Pater

164 906 322 944 noster
343 898 570 956 generalis
590 913 648 941 an
669 897 780 940 velit
800 897 876 941 illa
896 911 999 942 esse
1018 896 1253 939 mutanda.

256 977 418 1020 Plures
453 975 717 1032 disciplinae
743 975 872 1027 fiant,
897 981 943 1019 et
964 980 1160 1030 quatuor
1191 973 1263 1016 vel
1293 983 1316 1027 5
1341 972 1506 1016 cilicia:
1533 987 1673 1015 vnum
1694 987 1801 1029 pos-

163 1053 257 1097 sint
278 1053 386 1096 hinc
405 1054 589 1105 habere,
620 1051 794 1108 reliqua
824 1051 1057 1095 mittemus
1088 1065 1145 1094 ex
1167 1049 1374 1102 Colonia,
1399 1057 1446 1094 et
1472 1050 1584 1093 fiant
1606 1050 1699 1092 duo
1722 1058 1806 1092 aut

165 1138 260 1175 tres
280 1129 416 1173 sacci:
442 1128 825 1185 disciplinantium
846 1129 1021 1185 plures.

251 1205 388 1250 Domi
409 1205 456 1248 in
478 1205 673 1262 collegio
694 1206 882 1249 breuem
910 1204 1109 1248 tunicam
1132 1203 1409 1258 interiorem,
1435 1218 1552 1261 quae
1573 1205 1688 1247 solet
1710 1203 1801 1246 dici

162 1290 360 1337 sottana,
384 1297 442 1325 ne
464 1283 611 1325 ferant
633 1281 791 1334 nostri,
816 1297 874 1326 ne
895 1281 1153 1338 superiores
1175 1282 1374 1338 quidem.

152 1419 155 1421 d
250 1360 322 1404 Ne
348 1358 594 1415 propinent
620 1358 740 1401 inter
766 1373 815 1402 se
843 1354 1004 1402 Patres
1025 1367 1104 1401 aut
1126 1360 1304 1412 fratres,
1331 1373 1435 1402 cum
1466 1359 1538 1404 vel
1565 1358 1612 1401 in
1641 1358 1807 1403 itinere

162 1436 270 1490 sint,
293 1437 368 1480 vel
389 1437 579 1479 fortasse
600 1435 721 1492 apud
742 1435 937 1491 aliquem
959 1436 1186 1492 prandent
1206 1437 1279 1479 vel
1296 1443 1510 1490 coenant;
1535 1435 1660 1479 domi
1681 1436 1803 1480 enim

165 1513 356 1557 dubium
378 1527 478 1558 esse
500 1527 591 1556 non
613 1519 763 1569 potest
786 1512 894 1568 quin
916 1512 1155 1570 propinare
1183 1527 1276 1556 non
1298 1521 1504 1570 possunt.

254 1589 447 1636 Curabit
473 1598 623 1633 rector
643 1596 708 1642 vt,
740 1589 1073 1646 quamprimum
1102 1590 1201 1634 fieri
1226 1591 1466 1635 commode
1494 1590 1660 1647 possit,
1691 1591 1809 1634 fiant

162 1666 353 1725 pulpita,
378 1681 496 1722 quae
516 1666 726 1719 dicimus,
749 1681 832 1723 pro
852 1666 1050 1723 singulis
1069 1666 1283 1711 Patribus
1310 1675 1356 1711 et
1379 1668 1596 1711 fratribus
1626 1668 1804 1712 studio-

163 1743 242 1797 sis,
265 1742 313 1786 in
335 1743 501 1798 quibus
523 1742 760 1786 commode
787 1743 971 1787 studere
993 1742 1168 1799 possint
1194 1751 1228 1797 ³,
1253 1750 1300 1788 et
1328 1758 1548 1800 reponere
1576 1759 1660 1788 sua
1683 1745 1799 1787 scri-

160 1828 256 1877 pta,
281 1819 347 1863 ita
369 1827 520 1864 tamen
542 1826 592 1862 vt
613 1819 768 1863 clausa
790 1834 881 1862 non
903 1819 1010 1862 sint.

149 1894 153 1898 ⁴
249 1898 383 1953 Quae
404 1904 621 1939 emuntur
642 1910 724 1952 pro
745 1895 996 1940 domestico
1016 1911 1101 1940 vsu
1122 1897 1170 1940 in
1192 1898 1307 1951 foro,
1333 1897 1372 1941 si
1393 1906 1604 1945 emantur
1626 1914 1652 1942 a
1674 1899 1805 1951 viris,

159 1988 216 2017 ea
235 1979 430 2031 possunt
452 1974 638 2017 domum
667 1973 845 2018 adferre
881 1973 928 2026 ii;
953 1973 991 2016 si
1013 1988 1040 2017 a
1077 1974 1359 2027 mulieribus,
1391 1990 1450 2020 ne
1479 1974 1804 2032 permittantur

161 2059 212 2094 vt
238 2049 364 2107 ipsae
384 2051 443 2094 ad
479 2050 723 2107 collegium
752 2057 957 2093 nostrum
994 2051 1068 2095 vel
1104 2051 1419 2096 conuictorum
1458 2053 1606 2096 ferant
1627 2068 1697 2106 ea,
1722 2054 1807 2098 sed

162 2126 286 2170 illinc
307 2134 511 2184 accepta,
551 2127 625 2172 vel
646 2142 726 2184 per
753 2142 803 2171 se
830 2134 1025 2183 emptor,
1055 2127 1129 2172 vel
1156 2128 1242 2185 per'
1264 2143 1458 2185 puerum
1490 2129 1703 2186 aliquem,
1729 2129 1804 2172 cui

162 2203 334 2260 aliquid
355 2204 520 2256 soluat,
544 2204 733 2248 domum
760 2204 953 2248 adferat.
990 2190 998 2198 ⁸

251 2280 597 2325 Admoneantur
629 2281 791 2325 fratres
817 2295 975 2326 omnes
1010 2281 1167 2325 vltima
1194 2282 1270 2328 die
1304 2283 1453 2327 carnis
1491 2283 1642 2340 priuii,
1668 2291 1732 2335 vt,
1765 2283 1804 2326 si

162 2357 321 2411 velint,
347 2358 653 2402 confiteantur
671 2366 718 2402 et
738 2358 1076 2402 communicent
1102 2358 1150 2403 in
1171 2359 1245 2403 die
1267 2359 1488 2413 cinerum,
1515 2360 1626 2403 nulli
1650 2368 1805 2405 tamen

166 2433 489 2491 praecipiatur.

252 2511 572 2555 Obseruentur
594 2512 781 2568 regulae
802 2511 1091 2566 bibliotecae,
1116 2521 1162 2558 et
1179 2514 1332 2556 nullus
1348 2513 1490 2558 libere
1507 2513 1801 2569 permittatur

163 2587 343 2645 ingredi
363 2589 420 2631 ad
457 2589 659 2632 clausam
695 2588 1003 2642 bibliotecam,
1043 2589 1132 2633 nisi
1154 2604 1209 2634 ex
1248 2591 1464 2634 facultate
1496 2590 1702 2641 rectoris,
1729 2591 1804 2632 vel

164 2664 368 2721 generali
400 2665 473 2710 vel
494 2664 771 2721 particulari;
798 2674 932 2711 erunt
958 2666 1081 2710 enim
1103 2667 1243 2723 aliqui
1270 2667 1408 2719 domi,
1435 2666 1603 2721 quibus
1636 2667 1804 2722 poterit

163 2741 263 2784 dari
285 2741 513 2798 generalis
534 2741 733 2798 licentia;
759 2743 850 2796 alii,
876 2743 1044 2799 quibus
1066 2759 1158 2788 non
1180 2744 1381 2788 debebit.

249 2819 322 2863 Ne
342 2818 618 2875 accipiamus
639 2833 795 2863 curam
812 2820 1070 2876 juratorum
1093 2821 1314 2865 ecclesiae
1336 2829 1535 2864 nostrae:
1562 2820 1663 2862 illos
1686 2819 1804 2862 dixit

161 2907 212 2938 se
234 2902 518 2938 mutaturum
541 2895 769 2952 princepS,
801 2910 906 2939 cum
935 2896 1129 2952 venerit,
1161 2905 1206 2943 et
1235 2906 1502 2941 curaturum
1532 2904 1581 2939 vt
1604 2896 1663 2940 sit
1686 2895 1806 2939 alius

161 2971 462 3016 sacristanus.

235 3075 253 3093 ²
279 3066 358 3101 Ms.
373 3068 554 3112 possunt.
