2098 3470
799 210 1232 250 lnsrnucrtonzs-61
1643 216 1658 222 r
1721 205 1789 251 489

294 319 411 362 Cum
433 316 491 360 sit
512 314 790 366 indifferens,
816 314 876 357 ad
896 313 1019 370 quod
1042 319 1192 356 tamen
1214 310 1412 354 officium
1435 310 1506 353 vel
1535 307 1834 353 ministerium

202 394 352 452 magis
373 393 632 444 inclinetur,
657 406 774 447 quae
796 389 1052 436 obedientia
1074 387 1317 432 iucundior
1339 391 1422 434 360
1451 386 1515 429 illi
1543 393 1679 438 esset,
1711 392 1756 429 et
1788 384 1835 427 in

201 475 296 527 qua
316 466 549 528 prouincia
570 469 643 513 vel
664 466 884 524 collegio?

293 548 369 592 An
390 545 556 590 sentiat
578 546 791 588 affectum
813 557 923 601 erga
945 549 1168 599 cognatos
1190 542 1262 585 vel
1284 540 1453 584 amieos
1477 541 1722 592 seculares,
1756 539 1834 594 qui

206 630 383 675 noceat,
408 623 481 668 vel
502 623 646 666 soleat
674 635 776 666 esse
803 621 1037 672 molestus,
1072 625 1118 663 et
1150 634 1208 662 an
1235 625 1366 674 putet
1398 617 1541 661 teneri
1572 632 1621 662 se
1653 624 1702 659 vt
1734 615 1836 659 illos

201 700 355 745 iuuet?

294 778 370 821 An
391 776 703 833 exceptionem
726 774 860 818 faciat
881 773 1076 829 aliquam
1098 771 1295 829 generis,
1322 771 1532 823 nationis,
1567 771 1640 813 vel
1663 769 1833 826 patriae

204 854 323 898 inter
345 855 504 898 Patres
526 860 572 896 et
594 853 776 896 fratres?

293 932 371 975 An
393 930 530 974 nimia
551 930 609 973 sit
630 943 739 973 vsus
762 927 1061 973 familiaritate
1082 941 1193 984 erga
1214 927 1409 982 aliquem
1428 927 1628 977 fratrem,
1650 925 1721 968 vel
1746 926 1834 967 Pa-

198 995 335 1061 trem,
361 1008 435 1052 vel
455 1007 640 1050 omnino
662 1013 917 1058 externum,
941 1006 1014 1049 vel
1036 1011 1211 1062 contra,
1236 1004 1388 1060 aliqua
1410 1002 1649 1048 auersione
1676 1001 1830 1053 animi,

202 1100 262 1128 an
287 1085 422 1130 etiam
445 1099 544 1129 eam
566 1082 767 1128 exterius
788 1081 1077 1140 significarit?

292 1162 368 1205 An
406 1161 574 1216 aliquid
601 1160 659 1204 de
686 1159 834 1212 bonis,
866 1159 996 1215 siqua
1022 1159 1203 1211 habeat,
1243 1157 1406 1214 egerit,
1445 1157 1519 1201 vel
1550 1155 1832 1199 distribuerit

203 1245 251 1283 et
273 1252 381 1281 num
400 1237 575 1293 aliquid
596 1243 764 1280 statuat
785 1237 842 1280 de
863 1236 950 1279 illis
971 1250 1109 1292 agere
1129 1250 1186 1279 ex
1207 1235 1416 1278 instituto
1434 1233 1690 1285 SocietatiS,
1712 1239 1756 1277 et
1774 1246 1834 1275 an

203 1314 375 1371 aliquid
396 1315 579 1359 debeat?
1040 1365 1046 1371 ·

293 1392 370 1435 An
393 1390 763 1434 mortificationes
785 1390 957 1446 aliquas
980 1389 1136 1434 fecerit
1158 1390 1329 1444 absque
1351 1388 1568 1432 facultate
1589 1386 1834 1444 superioris

201 1467 278 1512 vel
300 1467 583 1512 confessarii?

291 1545 367 1598 An
398 1544 667 1589 desiderarit
698 1552 743 1587 et
771 1544 998 1589 desideret
1030 1544 1183 1588 studio
1220 1543 1526 1601 perfectionis,
1568 1550 1613 1588 et
1650 1549 1834 1600 propter

195 1620 370 1665 Christi
392 1635 590 1666 amorem
613 1629 659 1665 et
681 1621 981 1666 reuerentiam
1011 1621 1104 1678 pati
1131 1621 1333 1674 iniurias,
1367 1620 1684 1673 contumelias,
1721 1620 1833 1663 falsa

199 1698 471 1751 testimonia,
503 1699 671 1741 stultus
700 1698 858 1742 haberi
887 1699 1025 1755 (nulla
1056 1699 1162 1742 data
1198 1684 1472 1754 occasione),
1512 1705 1562 1740 vt
1600 1697 1833 1742 Christum

176 1776 355 1832 -Jesum
378 1774 598 1818 imitetur?
1497 1826 1504 1832 ⁸

288 1855 358 1898 361
378 1853 452 1895 An
470 1851 666 1908 aliquam
684 1867 845 1908 passus
867 1852 1163 1898 offensionem
1185 1854 1242 1898 ab
1260 1853 1412 1909 aliquo
1431 1855 1566 1898 Patre
1583 1854 1656 1898 vel
1676 1854 1830 1906 fratre,

198 1929 271 1974 vel
293 1928 390 1986 ipse
412 1943 469 1972 an
493 1929 687 1985 aliquem
710 1929 971 1974 offenderit?

174 2001 179 2005 ’
243 2059 248 2064 1
288 2007 411 2050 Num
432 2006 589 2062 aliquit
609 2006 722 2050 sciat
743 2006 800 2050 de
830 2007 964 2050 Patre
991 2007 1143 2064 aliquo
1171 2009 1243 2053 vel
1272 2008 1426 2062 fratre,
1466 2010 1588 2064 quod
1627 2008 1834 2053 videatur

198 2082 514 2126 emendatione
536 2083 745 2140 dignum,
769 2083 944 2127 etiamsi
966 2092 1192 2130 secretum
1215 2085 1289 2142 sit,
1313 2086 1446 2129 modo
1468 2086 1515 2128 in
1543 2087 1833 2131 confessione

194 2158 245 2202 id
264 2173 358 2202 non
380 2159 570 2203 sciatur:
596 2175 701 2203 narn
729 2160 775 2203 id
807 2168 989 2205 tenetur
1020 2161 1242 2218 superiori
1272 2163 1580 2217 manifestare,
1613 2165 1832 2219 quemad-

200 2236 383 2279 modum
406 2237 601 2281 habetur
627 2238 699 2291 4.ο
726 2237 873 2294 capite
900 2238 1134 2283 examinis.
1170 2240 1293 2284 Idem
1325 2247 1507 2296 petatur
1534 2241 1591 2284 de
1624 2240 1831 2297 superio-

203 2312 345 2356 ribus.

289 2390 364 2433 An
386 2389 594 2433 videatur
613 2390 698 2434 sibi
721 2393 919 2435 fructum
943 2407 991 2436 se
1014 2392 1176 2437 fecisse
1197 2394 1254 2437 ab
1274 2394 1434 2450 vltimo
1457 2395 1663 2438 examine
1685 2403 1730 2438 et
1751 2408 1830 2436 vo-

200 2473 350 2510 torum
373 2467 685 2520 renouatione,
710 2475 756 2512 et
778 2483 835 2511 an
857 2469 1108 2525 promptior
1129 2469 1187 2513 sit
1213 2471 1271 2515 ad
1298 2472 1466 2524 omnia,
1498 2486 1614 2527 quae
1643 2472 1698 2514 ad
1727 2472 1831 2514 obe-

199 2542 430 2596 dientiam,
461 2551 507 2587 et
536 2543 754 2589 rationem
777 2545 971 2588 instituti
999 2546 1208 2602 attinent,
1233 2555 1279 2591 et
1302 2563 1410 2592 num
1439 2548 1600 2591 maiori
1624 2555 1831 2591 teneatur

198 2620 353 2663 studio
374 2620 685 2676 perfectionis?

289 2685 524 2740 Postremo
547 2697 870 2755 interrogetur,
895 2714 952 2743 an
974 2699 1156 2756 aliquod
1177 2701 1366 2745 dubium
1396 2703 1579 2755 habeat,
1613 2702 1685 2745 vel
1713 2702 1828 2744 diffi-

200 2774 416 2818 cultatem
445 2788 717 2830 quacunque
745 2775 791 2819 in
820 2791 883 2829 re,
919 2791 1027 2820 num
1056 2777 1166 2834 quid
1187 2778 1428 2830 desideret,
1455 2794 1562 2822 num
1586 2779 1693 2834 quid
1718 2793 1828 2821 con-

201 2850 449 2903 solationis,
474 2851 802 2906 instructionis,
822 2860 871 2896 vt
893 2854 1042 2897 omnia
1063 2864 1286 2912 proponat
1309 2856 1603 2909 confidenter,
1626 2856 1827 2898 futurum

200 2933 251 2970 vt
271 2926 335 2970 illi
357 2927 603 2971 satisfaciat
625 2929 808 2972 Christo
830 2930 1040 2988 propitio.

292 3005 394 3047 Hoc
411 3019 600 3049 examen
617 3005 869 3062 excipietur
885 3007 1067 3064 scripto,
1089 3010 1468 3064 quemadmodum
1489 3010 1573 3053 alia
1591 3011 1821 3052 huiusmo-
