2098 3470
757 240 1203 278 SUPPLRMENTnM—-26
1243 245 1248 250 ·
1682 244 1751 290 875

247 342 387 386 Anno
403 356 515 388 vero
531 342 607 396 48,
633 354 684 397 13
702 341 869 395 Martii,
886 348 1114 395 steterunt
1129 356 1280 387 coram
1299 343 1529 400 pontifice,
1546 346 1692 390 Paulo
1711 355 1797 390 ter-

152 419 240 474 tio,
256 418 488 476 accepturi
501 417 700 476 genibus
719 417 851 461 flexis
870 418 1236 463 benedictionem
1251 435 1276 463 a
1293 421 1387 465 Sua
1403 421 1672 475 Sanctitate,
1692 422 1797 478 qui·

156 498 245 540 bus
266 495 630 542 exhortationem
651 495 888 552 pulchram
913 496 968 538 ad
992 495 1189 551 spatium
1221 497 1395 542 mediae
1424 499 1564 542 horae
1597 498 1719 552 fecit,
1744 513 1797 543 ac

156 573 279 618 misit
301 572 401 616 illos
422 571 682 624 duodecim,
708 586 824 628 quos
862 571 924 615 ibi
955 580 1220 628 praesentes
1248 573 1446 627 videbat,
1480 576 1623 630 (erant
1645 582 1796 619 autem

156 651 214 695 R.
240 650 294 693 P.
321 649 568 701 Polancus,
594 655 641 693 et
663 650 718 691 P.
746 650 912 692 Petrus
941 648 1186 692 Codacius:
1213 649 1286 691 isti
1315 651 1422 702 duo,
1449 652 1525 706 qui
1554 651 1795 696 discessuri

154 741 247 770 non
270 727 432 783 erant).
454 721 572 770 Cum
597 734 749 770 autem
774 727 896 770 Suae
919 724 1162 770 Sanctitati
1185 725 1459 771 innotuisset
1481 729 1596 771 duos
1618 730 1792 782 adesse,

155 803 235 860 qui
257 817 360 847 cum
385 802 474 847 illis
495 804 653 848 decem
676 817 768 846 non
792 810 921 847 erant
943 801 1127 853 abituri,
1153 802 1231 845 ait:
1261 803 1412 846 «Nihil
1430 806 1583 848 refert:
1610 806 1794 848 confero

154 879 522 925 benedictionem
544 894 627 936 pro
648 879 935 924 duodecim.»
962 879 1095 921 Tunc
1126 879 1308 923 demum
1339 881 1694 924 recordabantur
1715 896 1792 924 no·

152 956 235 1001 stri
257 958 311 1001 R.
339 959 392 1001 P.
418 956 688 1013 Hieronymi
717 957 982 1008 Domenech
1004 963 1051 1001 et
1071 955 1240 1012 Juliani
1269 958 1276 977 ¹

151 1034 311 1078 decem
333 1035 728 1091 praestolabantur
748 1034 794 1076 in
818 1033 989 1086 Sicilia,
1015 1033 1078 1076 ita
1101 1040 1151 1075 ut
1174 1034 1268 1078 Sua
1291 1035 1518 1079 Sanctitas
1541 1035 1668 1091 quasi
1692 1050 1793 1091 pro-

151 1112 365 1167 phetasse
383 1110 629 1155 videretur.

239 1190 296 1232 R.
323 1190 377 1232 P.
403 1187 610 1245 Ignatius
630 1187 763 1231 iussit
786 1202 866 1243 per
889 1189 1071 1232 Patrem
1110 1187 1318 1231 Natalem
1358 1203 1383 1230 a
1412 1189 1506 1232 Sua
1535 1189 1791 1233 Sanctitate

149 1265 246 1322 peti
275 1279 412 1308 unam
446 1264 639 1322 gratiam
662 1279 743 1321 pro
782 1267 835 1308 P.
878 1267 1016 1308 Petro
1052 1264 1240 1308 Canisio
1278 1273 1324 1309 et
1359 1266 1494 1310 Patre
1522 1267 1708 1319 Nostro,
1744 1275 1790 1310 ut

149 1342 345 1400 singulis
367 1341 600 1385 sacrificiis
621 1341 718 1385 suis
740 1349 927 1398 possent
949 1356 1086 1384 unam
1117 1341 1310 1384 animam
1349 1357 1404 1386 ex
1442 1343 1706 1399 purgatorio
1734 1344 1788 1386 li-

147 1421 325 1472 berare,
348 1433 484 1475 quam
514 1418 602 1462 illis
634 1420 727 1464 Sua
755 1418 986 1464 Sanctitas
1015 1418 1314 1463 libentissime
1342 1420 1585 1472 concessit,
1610 1420 1784 1464 dicens:

151 1497 326 1541 «Fiam
353 1510 460 1540 cum
481 1511 565 1539 sua
597 1503 754 1539 sancta
782 1495 1116 1550 benedictione,
1139 1496 1272 1540 vivae
1307 1496 1432 1538 vocis
1455 1498 1654 1540 oraculo.
1682 1499 1788 1553 Quo

151 1574 294 1626 facto,
318 1580 365 1617 et
387 1572 662 1629 exosculatis
684 1573 877 1629 pedibus
900 1573 1025 1618 Suae
1047 1572 1329 1626 Sanctitatis,
1355 1581 1400 1617 et
1431 1573 1642 1616 manibus
1669 1589 1785 1618 non—

147 1651 379 1694 nullorum
402 1649 714 1702 cardinalium,
739 1649 1048 1694 discesserunt
1070 1649 1286 1706 postridie
1315 1649 1440 1693 iussu
1465 1651 1587 1694 Suae
1610 1652 1786 1695 Sancti-

147 1727 255 1771 tatis
276 1741 435 1770 omnes
456 1726 634 1782 equites
655 1726 891 1782 Neapolim
911 1740 1112 1782 usque...

231 1803 363 1847 Feria
385 1804 446 1847 lV
470 1804 782 1847 hebdomadae
804 1810 987 1847 sanctae
1009 1801 1156 1861 [1548]
1182 1804 1402 1861 navigare
1417 1811 1671 1860 coeperunt
1694 1820 1780 1848 una

140 1895 246 1924 cum
268 1880 453 1924 domino
469 1882 648 1938 Joanne
670 1880 852 1931 Osorio,
878 1879 955 1935 qui
978 1889 1075 1924 erat
1096 1880 1140 1923 in
1165 1882 1359 1936 quadam
1384 1881 1612 1933 navicula;
1639 1882 1780 1924 nostri

139 1971 249 2001 vero
269 1971 428 2001 ornnes
449 1956 583 2000 simul
605 1966 734 2001 erant
758 1957 801 1999 in
827 1971 916 2000 una
938 1957 1024 2000 alia
1047 1973 1185 2014 parva
1207 1957 1434 2010 navicula;
1460 1972 1551 2013 quo
1573 1958 1672 2001 viso
1695 1958 1781 2000 rni-

140 2035 326 2087 rabatur
348 2036 484 2077 Pater
506 2042 676 2086 noster,
702 2042 748 2078 et
771 2034 919 2078 aiebat
940 2049 989 2079 se
1012 2049 1247 2090 nunquam
1272 2043 1362 2078 tarn
1386 2042 1566 2078 vastum
1591 2049 1713 2078 mare
1737 2035 1779 2077 in

141 2117 233 2154 tam
257 2125 395 2166 parva
416 2110 520 2154 navi
544 2110 801 2166 navigasse.
830 2111 1029 2166 «Quare,
1050 2111 1212 2167 inquit,
1233 2111 1371 2155 timeo
1394 2112 1541 2163 nobis,
1560 2127 1618 2156 ne
1635 2111 1779 2167 patia—

140 2201 243 2230 mur
264 2188 406 2232 multa
428 2194 473 2232 et
496 2202 664 2243 magna
686 2187 932 2244 pericula.»
958 2188 1024 2230 Illi
1047 2203 1156 2231 vero
1173 2189 1507 2245 responderunt
1526 2188 1663 2231 moris
1681 2202 1780 2232 esse

141 2263 208 2308 uti
241 2273 331 2308 tam
362 2264 514 2321 parvis
541 2264 737 2321 navigiis
765 2265 900 2308 etiam
923 2265 1169 2321 aliquando
1191 2280 1366 2309 secure.
1396 2267 1643 2320 Postquam
1668 2279 1778 2307 vero

139 2340 326 2398 triginta
349 2349 427 2384 aut
441 2340 621 2385 circiter
642 2341 909 2384 milliaribus
930 2341 977 2384 in
1000 2342 1141 2385 altum
1159 2342 1309 2386 evecti
1329 2349 1497 2392 essent,
1520 2342 1605 2384 fuit
1625 2343 1778 2383 turba-

140 2425 236 2461 tum
265 2432 391 2462 mare
419 2432 508 2461 non
538 2433 714 2474 parum,
746 2426 791 2463 et
819 2426 985 2462 ventus
1014 2419 1200 2475 rapidus
1230 2433 1347 2475 pene
1370 2420 1525 2461 ambas
1547 2418 1780 2461 naviculas

138 2494 391 2551 mergebat,
412 2509 601 2550 quarum
625 2494 811 2538 alterius
828 2496 975 2538 malus
997 2497 1294 2552 rumpebatur
1312 2495 1356 2537 in
1374 2496 1487 2537 duas
1511 2502 1674 2550 partes.
1696 2494 1777 2537 Di-

138 2570 288 2614 missis
308 2585 421 2627 ergo
441 2571 570 2623 velis,
596 2572 672 2614 vix
704 2572 818 2614 salvi
851 2572 1087 2628 Neapolim
1112 2579 1388 2615 remearunt.
1416 2573 1486 2615 De
1509 2578 1641 2613 nocte
1670 2585 1779 2613 vero

138 2647 368 2691 civitatem
399 2647 594 2704 ingressi
624 2662 726 2691 cum
750 2648 1036 2700 difficultate,
1071 2657 1116 2691 et
1150 2648 1312 2693 misere
1345 2647 1453 2691 satis
1487 2646 1776 2702 quieverunt,

136 2739 280 2780 quum
302 2724 425 2768 aliud
446 2724 726 2767 domicilium
749 2724 895 2768 coacti
920 2726 1107 2769 fuerunt
1129 2725 1391 2781 accipere...

226 2800 358 2845 Feria
386 2802 445 2853 V,
476 2800 650 2844 scilicet
682 2800 914 2857 postridie,
949 2815 1054 2844 cum
1086 2801 1272 2845 alterius
1304 2800 1539 2844 naviculae
1571 2800 1775 2842 arborem

138 2885 493 2935 permutassent,
519 2892 699 2920 rursum
724 2893 773 2922 se
795 2878 852 2920 ad
875 2878 1185 2934 navigandum
1221 2886 1395 2934 parant,
1430 2891 1590 2919 sereno
1622 2875 1708 2918 iam
1731 2884 1777 2918 et

1287 990 1296 1008 ,
1321 957 1420 1012 ejus
1444 958 1570 1010 socii,
1598 959 1675 1014 qui
1708 960 1794 1001 hos

139 2954 383 3010 tranquillo
404 2955 533 2999 coelo
556 2961 602 2998 et
626 2954 755 2997 mari.

211 3051 220 3070 ¹
271 3048 466 3095 Julianus,
484 3047 646 3083 flander.
665 3047 727 3083 Cf.
750 3048 1000 3094 POLANCUM‚
1024 3047 1189 3092 chron„
1208 3049 1240 3093 I,
1260 3057 1342 3093 242,
1363 3047 1445 3083 380.
