2098 3470
298 219 367 266 586
645 231 648 235 ·
767 220 922 259 PATms
948 223 1192 259 HmRoNYm
1218 223 1369 260 NADAL

249 322 507 365 diuinarum
530 323 854 380 contemplatio
876 331 922 367 et
945 332 1110 381 gustus
1133 324 1176 366 in
1203 324 1405 374 Christo,
1426 333 1725 382 augmentum
1742 327 1880 372 etiam

248 393 468 441 virtutum
491 399 709 450 omnium,
729 415 854 444 amor
876 401 1129 445 vocationis
1153 408 1350 454 nostrae,
1376 401 1571 446 instituti
1593 411 1638 446 et
1666 403 1769 448 finis
1791 405 1878 449 So·

248 475 441 519 cietatis.

343 555 436 597 12.⁰
459 552 532 598 die
560 548 887 599 cofisideranda
912 562 1018 598 sunt
1046 556 1234 598 vulnera
1262 555 1428 611 omnia,
1454 556 1530 599 illa
1564 557 1826 613 praesertim
1851 570 1878 613 5

247 628 322 672 X.i
343 629 616 683 resuscitati,
643 638 688 674 et
710 645 815 674 cum
833 646 999 687 magna
1018 631 1166 674 cordis
1183 632 1325 674 nostri
1344 632 1623 677 exultatione
1651 641 1696 676 et
1718 633 1880 677 iucun-

247 706 388 750 ditate
417 707 769 761 meditandum,
796 709 1023 764 quomodo
1054 709 1243 751 vulnera
1280 708 1352 751 illa
1391 709 1711 752 confortabant
1740 710 1879 755 corda

245 784 572 839 apostolorum.
598 785 808 828 Addatur
830 784 964 827 etiarn
993 784 1294 828 consideratio
1316 785 1606 828 exultationis
1628 794 1673 829 et
1700 787 1872 847 gaudii,

245 861 367 916 quod
409 877 464 905 ex
507 861 594 904 illis
629 861 908 918 percipiebat
949 861 1207 905 beatissima
1243 863 1304 906 V.
1346 848 1505 906 Maria:
1552 863 1645 915 fiet,
1693 863 1879 907 Christo

244 937 460 994 propitio,
492 945 540 981 vt
568 938 819 982 exhilarent
847 947 864 963 ³
893 953 944 981 ac
973 940 1187 981 roborent
1217 939 1405 982 vulnera
1442 939 1517 983 illa
1555 954 1632 982 cor
1670 947 1875 984 nostrum

244 1014 290 1057 in
319 1015 406 1058 X.⁰

309 1091 403 1146 13.⁰
466 1093 635 1136 Eadem
659 1093 847 1136 vulnera
871 1091 1042 1135 Christi
1065 1090 1389 1147 gloriosissima
1412 1092 1647 1148 regnantis
1669 1092 1715 1135 in
1747 1093 1878 1137 coelo

243 1169 658 1225 contemplandum,
683 1183 800 1224 quae
822 1175 929 1211 sunt
952 1182 1088 1223 supra
1112 1181 1247 1222 quam
1285 1183 1310 1211 a
1339 1168 1470 1211 nobis
1502 1168 1694 1225 intelligi
1722 1177 1874 1225 potest

243 1245 576 1302 fulgentissima
598 1253 734 1301 atque
751 1244 1096 1302 speciosissima.
1122 1244 1202 1288 Illa
1224 1246 1389 1289 decore
1412 1260 1495 1288 suo
1518 1259 1570 1288 ac
1594 1246 1776 1302 fulgore
1799 1246 1872 1288 di-

243 1322 349 1365 uino
378 1330 618 1378 penetrent
649 1323 785 1366 corda
818 1330 989 1373 nostra,
1016 1321 1102 1366 583
1124 1321 1378 1365 exhilarent
1411 1329 1548 1377 atque
1580 1316 1872 1366 cbnfirment.

242 1399 481 1448 Addamus
503 1399 638 1444 etiam
662 1402 785 1443 B.¹¹¹³‘³
807 1399 861 1442 V.
890 1398 1058 1442 Mariae
1080 1398 1280 1460 diuinam
1304 1398 1424 1441 illam
1448 1399 1805 1443 consolationem
1827 1399 1875 1444 in

243 1476 425 1534 fulgore
446 1477 626 1520 illorum
648 1478 889 1521 vulnerum
912 1476 957 1518 in
981 1477 1124 1519 coelo.

269 1568 281 1580 ·
331 1555 569 1598 Postremo
591 1554 866 1597 considerari
888 1562 1083 1609 possunt
1100 1554 1291 1597 vulnera
1308 1553 1496 1606 Christi,
1517 1553 1780 1597 vniuersum
1799 1548 1873 1597 or—>

240 1633 342 1675 bem
371 1630 773 1686 iudicantis,‘quae
806 1645 983 1673 summo
1011 1629 1182 1686 gaudio
1218 1637 1264 1673 et
1295 1629 1432 1673 animi
1465 1629 1775 1676 consolatione
1802 1645 1874 1674 re-

238 1709 429 1765 plebunt
450 1708 625 1751 animos
653 1707 875 1750 iustorum
909 1714 954 1749 et
988 1721 1191 1762 corpora3
1217 1707 1533 1750 damnatorum
1563 1721 1672 1750 vero
1699 1713 1746 1750 et
1773 1707 1871 1750 ani-

238 1800 336 1829 mos
359 1793 404 1829 et
432 1799 622 1841 corpora
653 1799 829 1827 summo
862 1794 1048 1836 terrore,
1074 1785 1261 1828 horrore
1293 1790 1430 1839 atque
1461 1784 1619 1826 dolore
1651 1782 1868 1828 afficient.

329 1863 488 1905 Potest
509 1861 644 1905 etiam
667 1861 824 1904 haberi
846 1861 921 1904 illa
949 1861 1275 1916 contemplatio
1309 1859 1445 1912 Vtilis,
1470 1859 1614 1903 facilis
1643 1866 1688 1903 et
1719 1859 1872 1916 quoti-

238 1939 390 1996 diana,
421 1946 471 1982 vt
499 1939 762 1994 frequenter
798 1938 1138 1982 consideremus
1166 1939 1316 1980 Deum
1345 1952 1446 1981 esse
1484 1943 1786 1993 praesentem,
1823 1944 1873 1979 vt

238 2015 413 2061 infinite
446 2017 634 2070 bonum,
675 2015 809 2059 simul
842 2022 889 2057 vt
928 2014 1102 2058 infinite
1139 2014 1326 2066 iustum3
1367 2014 1429 2056 ita
1467 2013 1778 2072 concipiamus
1814 2029 1871 2058 ex

237 2092 375 2148 priori
403 2092 767 2137 consideratione
805 2107 1002 2135 amorem
1035 2090 1121 2135 Dei
1157 2098 1203 2134 et
1240 2091 1419 2135 filialem
1459 2091 1682 2142 timorem,
1715 2105 1771 2134 ex
1804 2098 1867 2134 2⁸.

237 2184 346 2215 vero
369 2170 575 2214 timorem
597 2169 814 2213 initialem
837 2171 909 2213 vel
931 2169 1067 2213 etiam
1086 2169 1315 2222 seruilem,
1337 2168 1414 2223 qui
1433 2175 1582 2212 tamen
1602 2182 1692 2211 non
1710 2167 1867 2212 exclu-

236 2247 313 2290 dat
338 2246 626 2299 charitatem,
652 2247 733 2291 sed
755 2246 1015 2289 introducat
1033 2253 1079 2289 et
1101 2253 1287 2302 augeat.

235 2411 324 2457 584
640 2400 646 2404 ”
806 2465 811 2470 .
1002 2377 1101 2470 Jlis.

238 2541 385 2572 RATIO
434 2540 809 2579 QUEMADMODUM
864 2540 1088 2570 RECITARI
1145 2538 1312 2569 POSSIT
1367 2537 1614 2567 ROSARIUM
1656 2521 1675 2548 b
1722 2536 1869 2566 VITAE

325 2617 537 2656 CHRISTI,
564 2617 607 2647 SI
638 2616 751 2655 QUIS
781 2617 841 2646 EX
865 2616 1145 2646 DEUOTIONE
1168 2614 1452 2645 MOUEBITUR
1475 2614 1537 2644 AD
1567 2613 1712 2644 ILLUD
1735 2612 1869 2643 RECI-

326 2695 544 2725 TANDUM.

326 2788 501 2833 Poterit
538 2786 716 2832 recitari
754 2786 974 2830 rosarium
1012 2787 1133 2830 vitae
1168 2784 1338 2829 domini
1371 2791 1416 2829 et
1449 2782 1691 2827 saluatoris
1723 2782 1868 2826 nostri

228 2868 341 2924 Jesu
370 2864 558 2921 Christi,
588 2864 710 2909 vitae
731 2863 903 2907 scilicet
931 2863 1176 2916 increatae,
1208 2877 1261 2906 ac
1289 2861 1409 2905 vitae
1437 2868 1615 2904 creatae
1643 2859 1864 2912 mortalis,

306 3045 324 3061 a
373 3033 596 3069 exhilerent
613 3043 684 3068 ms.
736 3033 803 3059 -b
829 3031 1051 3066 rossarium
1072 3041 1142 3066 ms.
