2098 3470
314 249 386 295 656
787 251 941 287 PATms
966 252 1210 288 HIERONYffl
1236 251 1388 287 NADAL

268 367 371 396 nam
401 352 553 395 studia
581 353 765 396 futurus
802 361 956 397 noster
993 353 1291 396 concionator
1328 354 1492 397 debeat
1530 353 1809 399 incumbere.
1845 358 1908 399 Et

268 429 463 486 primum
487 429 667 490 quidem
694 445 720 472 a
749 430 1058 486 superioribus
1089 430 1315 485 explorari
1337 431 1488 473 debet:
1514 430 1671 483 nostri,
1704 432 1738 474 si
1766 447 1905 487 quam

267 506 537 549 naturalem
566 506 827 550 facultatem
862 508 1062 550 habeant
1090 508 1145 549 ad
1184 506 1427 549 conciones
1464 514 1509 550 et
1537 506 1893 563 inclinationem3

265 583 389 638 quod
412 582 548 626 etiam
573 583 616 626 in
641 583 866 626 nouitiatu
891 583 1125 626 obseruari
1149 583 1318 638 poterit
1334 590 1380 626 et
1396 583 1597 637 debebit;
1618 585 1902 640 experientia

263 659 383 704 enim
407 674 492 702 nos
521 660 656 704 docet
690 659 867 715 aliquos
895 674 995 703 esse
1024 659 1085 701 ita
1122 659 1301 715 ineptos
1330 666 1491 703 natura
1528 661 1586 703 ad
1622 661 1899 705 concionan-

263 737 390 789 dum,
416 743 467 779 vt
489 737 614 780 nulla
636 736 875 788 industria,
903 737 1024 779 nulla
1054 735 1319 780 exercitatio
1346 735 1446 779 illos
1483 736 1642 780 iuuare
1670 752 1802 793 posse
1830 739 1899 781 vi-
1940 744 1943 746 '

264 814 443 857 deatur:
470 813 584 857 alios
605 821 763 857 contra
783 813 848 858 'ita
880 821 1025 869 aptos,
1050 821 1100 855 vt
1121 827 1265 868 paruo
1294 813 1484 869 negotio
1512 828 1704 870 magnos
1732 815 1899 859 faciant

262 890 309 933 in
339 905 393 936 ea
416 891 634 935 facultate
655 905 944 947 progressus:
979 890 1053 933 alii
1076 896 1183 932 sunt
1200 890 1317 934 inter
1339 891 1423 933 hos
1446 890 1598 943 medii,
1624 891 1903 946 quietiamsi

261 981 365 1011 cum
387 967 656 1020 dificultate,
683 975 833 1012 tamen
858 968 1009 1022 aliquo
1029 968 1130 1010 loco
1153 974 1345 1023 possunt
1368 967 1474 1023 poni
1503 967 1621 1011 inter
1648 969 1898 1012 conciona-

261 1052 397 1089 tores.

348 1123 397 1165 In
435 1121 592 1178 primis
629 1137 766 1178 opera
804 1136 894 1164 non
933 1128 1001 1165 est
1038 1122 1239 1164 ludenda
1269 1121 1354 1164 nisi
1387 1123 1443 1165 ad
1482 1121 1895 1175 mortificationem;

259 1206 396 1255 atque
418 1199 552 1243 etiam
586 1199 661 1242 vbi
689 1213 778 1242 non
819 1206 888 1241 sat
926 1205 1104 1241 constet
1141 1198 1199 1242 de
1236 1197 1554 1254 ineptitudine.
1589 1200 1638 1241 In
1669 1200 1906 1243 secundos

258 1284 366 1319 sunt
387 1276 475 1319 iam
499 1276 606 1320 inde
627 1291 653 1319 a
675 1275 901 1318 nouitiatu
926 1274 1046 1317 oculi
1069 1274 1339 1318 coniiciendi
1363 1282 1409 1318 et
1432 1275 1900 1319 accurata'institutio

259 1353 532 1398 adhibenda.
559 1353 724 1397 Tertiis
747 1353 854 1396 item
877 1352 1114 1408 diligentia
1138 1359 1207 1395 est
1230 1353 1535 1405 admouenda,
1560 1361 1610 1395 vt
1632 1354 1788 1396 eoru-m
1814 1368 1895 1395 na-

263 1430 422 1473 turalis
453 1430 680 1473 dificultas
712 1431 783 1473 vel
815 1428 1076 1472 inhabilitas
1107 1428 1328 1484 deposcit,
1354 1430 1514 1473 saltem
1549 1430 1785 1485 tantisper,
1813 1431 1894 1472 do-

258 1521 347 1550 nec
370 1522 474 1563 spes
497 1506 646 1563 aliqua
668 1507 899 1562 profectus
918 1506 1183 1549 ostendetur
1211 1507 1238 1548 ¹.

351 1586 522 1640 Magna
543 1591 695 1627 autem
719 1597 830 1626 cura
851 1597 1024 1634 eorum,
1051 1582 1128 1637 qui
1151 1583 1207 1625 ad
1230 1582 1473 1634 conciones
1494 1582 1794 1635 destinantur,
1821 1584 1903 1627 illa.

259 1674 360 1704 esse
376 1661 529 1712 debet,
556 1667 607 1702 vt
623 1659 969 1716 diligentissime
990 1658 1036 1701 in
1056 1658 1284 1709 nouitiatu
1300 1666 1613 1713 exerceantur,
1635 1659 1826 1715 primum
1846 1669 1903 1703 vt*

257 1736 465 1780 funditus
481 1736 711 1792 extirpent
733 1744 933 1780 veterem
957 1735 1203 1788 hominem,
1223 1743 1268 1778 et
1291 1742 1517 1779 amatores
1535 1737 1733 1780 euadant
1748 1737 1903 1781 omnis⁴

257 1812 636 1866 mortificationis,
661 1820 710 1855 vt
733 1813 778 1855 in
801 1812 1057 1856 obedientia
1085 1811 1177 1855 sint
1204 1807 1424 1868 insignes,
1449 1812 1495 1854 in
1528 1812 1745 1856 orationis
1771 1813 1893 1856 omni

256 1905 428 1946 genere
451 1891 745 1942 excellentes,
770 1905 946 1933 summa
969 1891 1166 1934 euadant
1188 1889 1478 1945 simplicitate
1507 1890 1656 1932 cordis
1676 1897 1722 1933 et
1744 1890 1901 1932 humi—v

256 1968 400 2013 litate.
426 1967 650 2011 Breuiter:
676 1967 888 2009 omnibus
909 1966 1156 2010 virtutibus
1179 1966 1402 2022 religiosis
1417 1974 1468 2008 vt
1489 1966 1578 2009 sint
1601 1966 1894 2010 ornatissimi..

256 2047 314 2088 Et
343 2045 456 2087 illud
484 2045 699 2088 studeant
727 2043 983 2100 superiores
1011 2044 1056 2086 in
1085 2043 1242 2100 primis
1269 2043 1368 2086 illos
1396 2044 1576 2096 docere,
1600 2045 1892 2098 quemadmo-

255 2123 363 2165 dum
382 2120 624 2166 Societatis
646 2120 904 2164 institutum
929 2127 1230 2176 cognoscant,
1256 2127 1302 2163 et
1323 2121 1459 2163 finem
1482 2127 1687 2162 nostrum
1711 2120 1902 2176 penitus*

254 2200 455 2242 habeant
492 2198 620 2241 cordi
656 2197 941 2253 impressum.
984 2198 1113 2240 Haec
1143 2197 1286 2248 enim,
1319 2211 1435 2252 quae
1473 2210 1595 2239 nunc
1631 2197 1895 2252 perstrinxi,

254 2276 468 2319 omnibus
490 2274 671 2331 quidem
701 2274 885 2316 nouitiis
913 2281 1020 2317 sunt
1043 2274 1330 2329 procuranda
1358 2273 1615 2329 diligenter3
1641 2274 1721 2317 sed
1750 2273 1891 2317 desti-

255 2352 375 2396 natis
397 2353 456 2396 ad
478 2351 724 2395 conciones
740 2358 791 2393 vt
812 2351 970 2393 maiori
992 2350 1234 2397 sedulitate
1251 2357 1296 2394 et
1318 2349 1469 2392 studio
1485 2349 1800 2402 adhibeantur,
1822 2351 1890 2392 fa-

255 2429 319 2472 cit
341 2429 484 2473 maior
507 2411 700 2480 fructus,
726 2427 803 2483 qui
826 2428 882 2470 ab
905 2427 976 2470 his
999 2434 1223 2483 speratur,
1243 2433 1288 2470 et
1306 2426 1452 2469 maius
1469 2433 1626 2469 contra
1648 2426 1898 2470 detrimen-

254 2514 367 2559 tum,
395 2507 517 2562 quod
540 2507 597 2548 ab
618 2504 708 2547 illis
725 2503 933 2548 accidere
955 2511 1120 2560 potest,
1147 2503 1184 2546 si
1214 2503 1402 2559 perfecti
1430 2517 1524 2546 non
1553 2504 1756 2547 euadunt
1784 2503 1889 2547 reli-

253 2583 386 2640 giosi,
415 2581 797 2638 quemadmodum
821 2580 898 2636 qui
921 2580 1160 2626 excellenti
1183 2587 1292 2623 sunt
1313 2579 1500 2636 ingenio
1522 2580 1594 2623 vel
1615 2578 1784 2635 insigni
1808 2579 1890 2622 ali-

254 2675 343 2716 qua
365 2660 602 2704 habilitate
623 2657 833 2715 praediti,
853 2672 1022 2714 magna
1040 2672 1148 2700 cura
1169 2664 1275 2700 sunt
1291 2655 1576 2699 instituendi.
1602 2657 1764 2711 Neque
1781 2670 1896 2699 vero

253 2737 339 2780 erit
361 2751 546 2793 scopus,
571 2750 666 2792 quo
682 2734 879 2778 intendit
901 2734 1124 2790 superior,
1150 2733 1250 2777 vilis
1279 2732 1567 2789 aperiendus,
1593 2726 1751 2776 saltem
1781 2739 1891 2776 ante

253 2814 403 2857 studia
425 2812 638 2866 literaria3
659 2818 834 2863 tantum
858 2811 1009 2854 animo
1032 2818 1101 2855 est
1122 2811 1196 2853 ille
1219 2810 1321 2854 finis
1343 2810 1589 2866 gerendus.

343 2892 472 2934 Haec
499 2904 635 2946 porro
662 2887 812 2932 studia
849 2887 1096 2943 spiritualia
1125 2901 1214 2930 non
1245 2894 1351 2929 sunt
1380 2876 1557 2929 tantum
1586 2886 1632 2928 in
1661 2885 1893 2928 nouitiatu

323 3058 333 3079 ¹
386 3056 498 3092 Prius
516 3054 755 3096 ostenditur,
771 3052 862 3089 dein
881 3054 897 3088 z·
920 3065 1110 3088 conversa
1129 3052 1167 3088 in
1187 3065 1219 3088 e.
