2098 3470
718 243 721 247 .
779 213 1212 253 ΙΝετΒυοτιοΝκε-ὀῐ
1414 232 1416 237 ,
1699 220 1765 258 541

183 317 323 375 recipi
339 333 431 362 non
446 332 593 375 posse.
614 318 718 362 Hoc
734 313 1026 361 confirmatur
1041 329 1099 360 ex
1115 314 1265 358 officio
1281 314 1485 368 rectoris,
1505 315 1627 371 quod
1649 329 1820 370 magno

183 395 335 439 studio
355 395 552 439 confecit
577 396 629 439 P.
654 395 712 438 N.
739 392 966 451 generalis
986 394 1168 449 Laynez
1195 393 1224 444 ¹,
1249 391 1275 435 8
1299 405 1398 447 cap.

836 526 900 557 DE
944 524 1164 556 SYNDICIS

203 611 206 614 ⁴
273 628 557 672 Aduertatur
572 632 622 669 vt
637 625 974 670 constituantur
987 622 1180 680 syndici:
1194 622 1312 666 inter
1327 621 1526 666 nouitios
1538 621 1720 677 quidem
1740 621 1819 677 qui

183 719 240 750 ex
264 703 373 761 ipsis
395 711 530 749 erunt
550 702 846 760 probatiores;
866 701 985 745 inter
1004 700 1132 753 alios,
1156 699 1235 756 qui
1251 714 1343 743 non
1361 706 1470 743 sunt
1488 699 1665 752 nouitii,
1686 706 1823 742 erunt

185 781 362 838 syndici
383 781 491 825 item
514 780 814 838 probatioreS,
837 786 884 822 et
906 777 1116 824 aedituus
1131 778 1268 822 debet
1284 791 1385 821 esse
1407 776 1624 833 syndicus
1647 791 1817 830 rerum,

187 873 305 915 quae
325 858 373 902 in
395 858 563 914 templo
583 862 671 904 475
692 857 826 910 fiunt;
851 855 1022 912 janitor
1041 869 1198 899 earum
1220 869 1389 907 rerum,
1421 868 1538 910 quae
1565 853 1612 896 in
1640 854 1755 897 atrio
1775 861 1823 898 et

186 935 313 980 iuxta
334 935 538 978 ianuam.
565 935 742 979 Omnes
763 940 914 978 tamen
935 931 1011 976 alii
1038 930 1231 988 syndici,
1256 932 1409 987 quoad
1436 931 1536 976 eius
1562 931 1660 974 fieri
1689 938 1819 988 pote-

125 1036 135 1048 «-
189 1013 264 1066 rit,
289 1011 381 1056 sint
401 1011 581 1064 secreti,
605 1018 652 1054 et
674 1017 911 1055 mutentur
931 1023 1275 1065 nonnunquam.
1322 1007 1329 1016 '

274 1088 345 1141 Ei,
377 1088 455 1144 qui
475 1087 657 1145 publice
679 1087 874 1143 aliquem
902 1086 950 1130 in
980 1085 1221 1131 refectorio
1250 1084 1539 1142 reprehendit
1568 1086 1706 1142 (quod
1735 1099 1820 1128 nos

187 1166 298 1211 dare
319 1165 542 1221 capellum
564 1163 789 1220 dicimus),
810 1177 902 1207 non
924 1170 994 1208 est
1014 1162 1319 1207 necessarium
1346 1170 1398 1205 vt
1424 1162 1600 1219 gratiae
1628 1169 1825 1219 agantur

189 1243 266 1287 vel
285 1242 419 1287 venia
441 1246 636 1298 petatur,
662 1240 839 1285 tametsi
867 1239 1104 1284 consilium
1126 1239 1184 1283 sit
1204 1239 1488 1283 humilitatis.

278 1317 676 1376 Reprehensiones
698 1319 826 1374 (quas
853 1317 1050 1374 capellos
1069 1316 1278 1372 dicimus)
1299 1316 1362 1360 ita
1383 1317 1511 1374 fiant,
1538 1323 1588 1359 vt
1609 1317 1734 1360 nulla
1755 1316 1827 1359 di-

190 1394 528 1448 caturhiniuria,
568 1396 648 1440 sed
685 1394 851 1438 diserte
887 1393 1140 1452 attingatur
1175 1394 1399 1446 defectus,
1424 1395 1484 1437 ob
1519 1407 1658 1451 quem
1678 1394 1730 1436 fit
1752 1409 1825 1438 re-

189 1471 449 1531 prehensio,
474 1479 521 1517 et
542 1471 842 1528 amplificetur
862 1486 944 1528 pro
965 1471 1125 1515 merito
1147 1471 1262 1525 eius,
1286 1470 1364 1527 qui
1393 1471 1754 1528 reprehenditur,
1780 1479 1826 1514 et

189 1549 317 1593 iuxta
338 1547 685 1593 instructionem
703 1547 967 1604 superioris,
987 1562 1111 1591 nunc
1130 1549 1284 1605 lepore
1305 1548 1529 1601 adhibito,
1549 1562 1674 1591 nunc
1691 1563 1825 1592 seue-

191 1626 340 1679 ritate,
364 1639 487 1669 nunc
509 1626 753 1670 verborum
777 1624 1038 1669 acrimonia.
1060 1625 1205 1670 Simul
1220 1625 1356 1670 etiam
1374 1634 1564 1682 possunt
1586 1635 1632 1671 et
1653 1626 1825 1669 debent

191 1702 382 1747 indicari
403 1702 478 1746 alii
497 1703 704 1746 defectus
723 1703 884 1746 eodem
921 1702 1071 1755 modo,
1096 1716 1187 1759 quo
1223 1702 1395 1746 dictum
1417 1710 1502 1756 est,
1527 1703 1664 1747 modo
1687 1718 1744 1746 ne
1767 1717 1826 1746 ex

190 1778 639 1836 praesumptionibus
661 1786 840 1836 agatur,
865 1780 938 1822 vel
965 1779 1151 1823 incertis
1170 1778 1365 1834 indiciis,
1389 1795 1508 1825 neue
1537 1780 1827 1837 attingantur

190 1871 264 1900 res
289 1863 506 1901 secretae.
540 1860 625 1902 476
654 1857 852 1899 Possunt
889 1855 1026 1900 etiam
1063 1855 1210 1900 notari
1247 1858 1476 1900 naturales
1507 1856 1828 1901 inclinationes

191 1933 565 1988 vniuscuiusque‚
596 1940 643 1977 et
664 1947 737 1977 res
764 1947 922 1977 omnes
949 1932 1210 1986 exteriores,
1235 1948 1352 1989 quae
1381 1942 1539 1978 notatu
1572 1934 1739 1991 dignae
1762 1933 1828 1976 vi-

191 2011 373 2054 dentur.

636 2126 699 2156 DE
733 2125 1086 2156 PROCURATORE
1117 2126 1374 2157 SANITATIS

283 2220 612 2263 Procuratores
633 2217 839 2262 sanitatis
861 2217 1200 2262 constituantur
1219 2219 1264 2262 in
1288 2219 1499 2262 omnibus
1521 2220 1742 2277 collegiis.

282 2295 352 2341 Sit
374 2303 638 2352 procurator
659 2294 866 2338 sanitatis
887 2294 1065 2350 aliquis,
1090 2294 1167 2351 qui
1195 2296 1447 2341 medicinae
1474 2311 1656 2354 operam
1687 2298 1827 2341 dede—

195 2373 268 2426 rit,
295 2373 367 2416 vel
388 2372 466 2428 qui
489 2371 625 2416 fuerit
645 2371 1009 2435 pharmacopola,
1035 2371 1072 2414 si
1095 2371 1171 2427 qui
1190 2372 1447 2416 huiusmodi
1464 2374 1570 2416 sint.
1596 2374 1658 2417 Hi
1680 2373 1719 2416 si
1737 2388 1829 2416 non

194 2450 301 2504 sint,
326 2449 596 2506 designetur
632 2449 791 2491 saltem
826 2447 1003 2504 aliquis,
1029 2449 1107 2504 qui
1145 2450 1267 2493 bono
1296 2451 1464 2507 polleat
1486 2451 1668 2502 iudicio,
1694 2458 1739 2493 et
1772 2451 1829 2493 ad

195 2528 286 2571 tale
308 2541 477 2570 munus
497 2533 631 2583 aptus
652 2525 726 2569 sit.

783 2646 846 2676 DE
878 2645 1242 2677 DISPENSATORE

282 2738 581 2795 Dispensator
608 2738 802 2794 primum
840 2737 1005 2791 omnia,
1044 2753 1162 2794 quae
1183 2739 1269 2783 sibi
1308 2740 1472 2784 fuerint
1510 2740 1740 2796 assignata
1772 2740 1831 2782 ad

196 2850 236 2886 in
254 2862 311 2894 re,
330 2851 431 2886 ultra
447 2850 632 2896 triduum,
651 2850 718 2898 qui
736 2849 822 2885 aliis
840 2854 996 2896 praeest
1013 2862 1091 2895 non
1108 2850 1263 2887 facilem
1282 2864 1324 2888 se
1349 2852 1545 2895 exhibeat,
1566 2863 1638 2887 nec
1664 2851 1748 2886 sine
1775 2850 1828 2886 fa-

195 2911 343 2946 cultate
359 2909 576 2956 Praepositi
594 2909 813 2955 Generalis,
835 2910 898 2944 vel
916 2914 1024 2944 certe
1042 2909 1312 2956 provincialis,
1329 2910 1367 2946 id
1385 2910 1572 2948 faciet...»
1592 2911 1722 2945 Instit.
1743 2910 1831 2945 Soc.

186 2968 287 3017 Jesu
302 2968 417 3012 (edit.
440 2969 537 3014 cit.)‚
557 2968 608 3009 11,
626 2967 685 3013 34.

267 3029 279 3048 ²
330 3029 468 3063 Exstat
485 3027 526 3063 in
547 3027 641 3066 Coa.
671 3028 796 3064 Vatic.
816 3027 854 3070 6,
873 3027 943 3063 fol.
970 3037 1050 3073 125.
1071 3028 1171 3064 Vide
1186 3041 1314 3076 supra,
1336 3041 1450 3076 pagg.
1470 3029 1597 3073 46-47.
