2098 3470
786 322 967 359 Non-ru
991 329 1183 359 comeum
1712 321 1759 366 85

40 439 52 446 ⁴
97 399 107 414 t
120 405 137 454 s
171 427 407 478 regularum
426 426 686 465 sacerdotum
710 425 979 474 antiquarum,
1002 424 1056 462 de
1089 424 1238 473 quibus
1258 436 1392 473 supra,
1425 425 1529 462 foliis
1568 425 1804 474 166v-17or‚

169 496 452 537 disseruimus.
486 497 613 536 Multa
631 498 672 535 in
704 482 767 535 his
798 496 1093 542 desiderantur,
1119 502 1207 534 tum
1225 507 1281 533 ex
1313 495 1476 545 regulis,
1496 508 1601 543 quae
1620 508 1729 534 nunc
1748 498 1808 533 vi-

43 575 59 585 *
124 602 130 606 .
174 574 286 620 gent,
306 575 393 608 turn
412 570 534 607 etiam
553 581 609 607 ex
627 569 702 607 illis
721 566 983 618 plenioribus.
1002 566 1095 605 Alia
1111 567 1290 604 vicissim
1306 568 1563 605 continentur
1582 569 1715 605 minus
1734 579 1806 616 op·

12 692 15 695 Δ
173 639 351 690 'portuna
365 646 407 679 et
425 641 542 679 nimis·
561 632 828 690 particularia,
852 651 959 688 quae
986 639 1137 677 deinde
1168 644 1376 687 expuncta
1409 639 1582 686 fuerunt,
1607 651 1646 677 v.
1667 651 1704 689 g.
1727 640 1805 686 illa,

0 718 6 744 ἔ
31 744 33 746 .
147 730 150 733 ·
168 723 284 761 -quae
302 713 344 750 in
363 713 544 750 adventu
557 712 742 763 ,cujusvis
761 710 928 761 praelati
948 710 1232 749 sacerdotibus
1249 711 1363 748 hisce
1382 711 1518 748 verbis
1538 710 1807 760 injungeban-

2 771 4 775 ’
171 789 254 822 tur:
279 783 518 821 ‹Veniendo
536 783 660 834 algun
677 782 847 832 perlado
866 782 891 820 εἰ·
909 779 1017 829 casa,
1041 782 1079 819 el
1103 782 1253 830 primer
1284 782 1497 820 sacerdote
1530 793 1611 830 que
1636 782 1675 819 lo
1696 793 1808 830 sepa,

173 854 218 892 le
236 854 344 905 haga
363 857 579 903 compar-iia
597 845 847 892 hasta'tanto
866 865 948 902 que
967 853 1005 891 el
1023 853 1209 902 superior
1225 852 1263 890 16
1277 853 1372 903 diga
1387 865 1469 900 que
1484 865 1528 890 se
1543 864 1713 902 uaya...»
1731 858 1807 891 etc.

172 925 327 964 ‚Manus
343 926 385 963 in
403 926 518 964 hisce
535 921 690 975 regulis*
705 924 851 962 eadem
864 925 981 972 redit,
1000 936 1107 973 quae
1125 924 1247 973 paulo
1262 925 1461 972 superius,
1475 923 1669 971 fs.·45·52‚
1688 936 1807 973 regu-

172 997 238 1035 las
256 996 450 1047 praefecti
468 996 666 1034 ecclesiae
684 1001 726 1034 et
744 995 894 1034 aeditui
914 997 1110 1034 exaravit.
1130 995 1214 1034 Inc.
1236 996 1343 1033 «Las
1367 996 1519 1042 fiestas‚
1538 1008 1615 1044 por
1639 995 1809 1033 atender

170 1079 231 1107 en
249 1067 288 1106 la
306 1067 448 1118 iglesia
466 1057 492 1105 a
509 1067 567 1105 las
599 1067 943 1106 confessiones...»
977 1067 1076 1105 Des.
1098 1083 1160 1105 «...
1181 1078 1263 1116 que
1282 1067 1319 1104 el
1345 1067 1497 1115 pueblo
1523 1078 1678 1116 ruegue
1697 1067 1715 1084 ³
1735 1079 1810 1115 por

171 1131 283 1181 ellos
301 1150 354 1176 en
373 1139 574 1189 general.»
1302 1123 1306 1126 ’
1369 1134 1375 1141 “

259 1209 347 1248 Fol.
369 1216 390 1258 5
397 1217 491 1257 5r-5
498 1216 561 1257 5v‚
581 1209 783 1248 habentur
800 1210 904 1248 aliae
922 1209 1088 1260 regulae
1102 1209 1304 1259 prioribus
1323 1209 1500 1255 additae,
1521 1214 1562 1246 et
1587 1209 1639 1246 ab
1660 1209 1808 1246 eodem

176 1279 353 1328 librario,
372 1282 442 1330 qui
459 1281 547 1319 illas
565 1281 736 1331 scripsit,
755 1287 960 1320 exaratae.
981 1280 1139 1319 Omnes
1157 1281 1242 1318 sere
1259 1282 1339 1318 hae
1355 1281 1535 1330 regulae,
1554 1280 1648 1318 licet
1667 1291 1807 1317 emen-

40 1405 43 1407 .
172 1352 315 1400 datae,
333 1357 377 1390 et
396 1353 530 1402 aptius
548 1352 785 1402 dispositae,
816 1353 858 1390 in
889 1353 1029 1391 ultima
1061 1352 1240 1390 editione
1273 1358 1457 1390 servatae
1491 1353 1664 1390 fuerunt.
1704 1352 1809 1390 «Ine.

11 1418 33 1460 3
102 1464 105 1465 ⁷
143 1443 148 1446 -
175 1420 383 1474 «Tengan
401 1423 526 1462 todos
542 1423 581 1461 la
599 1424 743 1462 misma
761 1424 890 1462 forma
922 1423 977 1462 de
1003 1423 1228 1462 absoluer.›
1266 1423 1364 1462 Des.
1399 1440 1460 1462 «...
1480 1424 1518 1461 la
1544 1435 1699 1461 mesma
1719 1435 1813 1461 casa

171 1493 344 1539 adonde
362 1506 478 1532 van.»
1782 1486 1786 1489 ⁵

255 1560 346 1604 Fol.
371 1565 544 1615 57r-60r,
565 1565 741 1616 «Reglas
768 1565 836 1603 del
867 1565 1120 1615 procurador
1143 1565 1211 1604 del
1243 1566 1454 1616 collegio.»
1490 1565 1575 1603 Sub
1597 1567 1675 1603 hoc
1695 1566 1811 1604 titulo

173 1636 379 1686 reperitur
397 1636 634 1685 exemplum
652 1637 876 1685 antiquum,
895 1636 948 1674 ab
969 1636 1118 1675 eodem
1136 1637 1388 1687 amanuensi,
1407 1638 1477 1685 qui
1492 1637 1625 1686 priora
1641 1638 1813 1686 scripsit,

174 1707 408 1754 exaratum,
426 1707 656 1758 regularum
674 1707 923 1755 earumdem,
943 1719 1050 1756 quae
1068 1709 1109 1746 in
1129 1708 1272 1746 codice
1292 1707 1461 1746 Affiscell.
1478 1707 1528 1745 de
1542 1707 1670 1757 regul.
1688 1707 1729 1747 S.
1752 1708 1797 1751 J.
1803 1738 1813 1756 ,

179 1790 222 1817 n.
245 1787 310 1826 23,
330 1762 546 1826 habentur,
563 1784 717 1817 mutam
741 1780 872 1828 prima
896 1785 1024 1828 parte,
1056 1791 1163 1828 quae
1182 1780 1247 1818 hic
1267 1785 1330 1817 est
1348 1780 1402 1817 de
1422 1779 1542 1817 bonis
1563 1780 1736 1830 collegii,
1756 1780 1812 1817 ibi

155 1853 318 1891 tantem
335 1849 390 1887 de
421 1847 693 1900 eleemosynis
725 1850 1022 1899 comparandis;
1054 1863 1150 1889 nam
1183 1851 1332 1889 domus
1363 1852 1573 1900 professae
1601 1852 1813 1889 facultates

176 1919 360 1967 stabiles,
379 1921 485 1959 sicut
502 1918 688 1972 collegia,
710 1921 922 1970 possidere
954 1927 1176 1971 nequeunt.
1196 1922 1286 1960 Alia
1311 1924 1477 1972 insuper
1502 1923 1640 1960 addita
1660 1929 1754 1960 sunt
1773 1924 1812 1960 in
1832 1921 1845 1934 “

180 1991 244 2030 his
261 1992 423 2042 regulis,
444 1997 489 2030 ut
506 1992 688 2042 collegiis
706 1982 1126 2032 accommodarentur.
1148 1993 1400 2042 Desumptae
1428 2000 1563 2031 tamen
1585 2006 1640 2030 ex
1659 1994 1734 2031 illis
1753 1995 1812 2031 vi-

173 2063 344 2110 denum
362 2075 458 2101 nam
476 2064 798 2110 emendationes,
817 2075 920 2112 quas
940 2065 979 2102 in
1000 2065 1087 2102 illas
1112 2066 1275 2114 propria
1303 2077 1427 2102 manu
1453 2065 1606 2102 Natalis
1638 2065 1813 2110 induxit,

177 2134 249 2173 hic
266 2145 433 2184 prorsus
451 2135 685 2173 retinentur.
711 2135 795 2173 Ine.
831 2135 904 2172 «El
937 2136 1075 2173 officio
1095 2136 1161 2173 del
1194 2136 1444 2184 procurador
1462 2148 1506 2173 se
1532 2137 1667 2184 puede
1687 2148 1812 2174 cono-

176 2216 312 2244 661...»
336 2205 434 2244 Des.
457 2222 520 2244 «...
541 2206 671 2256 segun
690 2206 731 2243 lo
751 2206 948 2244 ordenare
968 2207 1004 2244 el
1025 2208 1245 2256 superior.»
1267 2207 1354 2244 Fol.
1374 2208 1453 2244 60v
1474 2219 1649 2245 vacuum
1669 2214 1742 2245 est.

264 2276 352 2317 Fol.
371 2277 557 2324 61r-64v,
573 2282 669 2314 sunt
686 2277 852 2327 regulae
869 2277 1072 2316 infirmarii
1087 2279 1290 2326 antiquae,
1306 2279 1432 2316 multo
1451 2279 1656 2328 longiores
1670 2262 1811 2316 recen-

99 2396 105 2399 ,
180 2336 366 2395 floribus,
380 2359 487 2396 quae
506 2349 548 2386 in
563 2347 758 2386 Instituta
775 2347 816 2386 S.
838 2347 883 2391 J.
904 2349 1116 2387 habentur.
1136 2349 1296 2387 Titulus
1313 2356 1385 2387 est:
1406 2349 1578 2387 «Officio
1598 2350 1664 2387 del
1685 2350 1812 2387 enfcr-

131 2423 155 2473 J
185 2408 336 2458 mero.»
358 2418 509 2458 Tribus
529 2419 711 2468 partibus
731 2425 919 2458 constant
937 2422 1015 2458 hae
1034 2421 1210 2470 regulae.
1231 2421 1359 2459 Prima
1379 2422 1538 2458 disserit
1557 2422 1608 2458 de
1629 2422 1687 2467 iis,
1708 2433 1813 2468 quac

54 2485 58 2487 ’
83 2482 102 2508 '‘-
136 2476 148 2494 ἶ
182 2490 392 2529 servanda
407 2496 502 2528 sunt
519 2489 572 2528 ab
599 2491 818 2528 infirmario
843 2503 939 2541 erga
965 2491 1159 2530 infirmos.
1179 2493 1262 2531 Inc.
1292 2499 1437 2542 «tenga
1463 2493 1638 2530 cuidado
1660 2493 1711 2529 de
1732 2494 1813 2529 ani·

123 2607 130 2615 ἢ
189 2561 400 2600 mai-los...»
419 2561 516 2599 Des.
542 2578 600 2600 «...
620 2573 701 2610 que
715 2574 767 2599 an
780 2562 836 2599 de
856 2574 922 2599 ser
937 2563 1211 2601 enterrados.»
1233 2564 1421 2602 Secunda
1437 2563 1489 2600 de
1509 2576 1603 2600 cura
1625 2563 1812 2600 habenda

68 2634 94 2661 Ἦ
178 2643 340 2679 eorum,
358 2633 428 2680 qui
446 2632 553 2670 bene
570 2632 719 2670 valent.
740 2633 823 2671 Inc.
850 2632 1003 2670 ‹Como
1029 2645 1204 2682 acerqua
1230 2635 1282 2671 de
1309 2635 1540 2682 aquelles...
1577 2634 1671 2670 Des.
1698 2651 1754 2670 «...
1777 2634 1812 2670 al

138 2699 142 2733 l
186 2703 367 2742 ministro
385 2715 484 2752 para
498 2715 579 2751 que
597 2705 803 2752 proueia.»
825 2703 963 2742 Tertia
982 2710 1166 2742 versatur
1185 2706 1289 2743 circa
1305 2707 1512 2750 rationem,
1534 2717 1613 2752 qua
1634 2705 1812 2741 officium

148 2790 158 2805 ν
180 2785 306 2813 suum
325 2774 565 2812 infirmarius
585 2786 746 2812 servare
761 2774 898 2813 debet.
919 2775 1002 2813 Ine.
1026 2776 1226 2814 «Procure
1242 2777 1293 2813 de
1313 2784 1427 2813 tener
1444 2776 1697 2813 charidad...=
1716 2776 1812 2812 Des,

69 2834 121 2897 ,Ῑῖ,
188 2861 252 2885 «...
270 2856 323 2883 en
341 2857 422 2882 una
439 2844 551 2882 tabla
569 2846 594 2883 ό
614 2851 760 2883 carta.»
795 2845 1029 2893 Sequuntur
1060 2858 1215 2894 paucae
1247 2847 1422 2896 regulae,
1454 2847 1615 2883 additae
1636 2846 1712 2883 sub
1734 2847 1812 2883 hoc

93 2912 102 2932 ³
118 2969 123 2974 ⁴
140 2898 154 2913 Ἰ
179 2915 314 2959 titulo:
342 2915 577 2953 «Afiadidas
611 2916 647 2953 al
680 2916 816 2954 officio
842 2916 909 2953 del
944 2917 1208 2955 enfermero.»
1244 2918 1324 2955 Iuc.
1386 2918 1527 2954 Piense
1549 2930 1572 2966 y
1607 2918 1740 2954 confie
1762 2929 1811 2954 en

76 2992 114 3013 ῑ
186 2985 367 3026 Dios...»‘
377 2986 475 3024 Des.
497 3002 559 3024 «...
576 2998 694 3024 cosas
713 2986 766 3024 de
785 2987 823 3024 la
842 2987 1118 3026 enfermaria.»
1139 2989 1284 3026 Manus
1306 2989 1464 3025 diversa
1486 3000 1507 3025 a
1534 2989 1813 3036 praecedenti-

258 3142 279 3160 ⁸
302 3133 393 3176 MS„
412 3144 551 3180 ruego.
