2098 3470
331 267 401 304 382
806 268 961 306 PATms
987 269 1230 305 Hmnonnu
1255 269 1406 307 NADAL

365 370 427 414 42
457 368 756 413 Prouincialis
784 377 853 414 est
879 371 1074 424 efficere,
1105 377 1154 413 vt
1181 384 1354 423 omnes,
1385 370 1463 426 qui
1492 371 1539 414 in
1567 372 1804 428 prouincia
1831 388 1914 418 sua

274 446 375 490 aliis
397 453 631 503 praesunt,
657 446 900 491 efficaciter
917 446 1012 490 suis
1037 447 1287 503 fungantur
1309 448 1484 491 officiis:
1509 463 1560 492 ac
1585 448 1647 491 illi
1670 449 1716 492 in
1738 449 1927 506 primis,⁴

274 522 441 578 quibus
478 522 573 579 ipse
611 522 901 578 prouincialis
938 531 1117 579 praeest
1154 523 1428 578 immediate,
1468 525 1739 580 quibuscum
1772 541 1910 584 agere

274 598 470 656 amplius
492 614 627 655 quam
649 614 754 642 cum
772 599 869 643 aliis
887 601 1038 644 debet:
1059 601 1259 643 omnium
1279 601 1454 644 animos
1469 601 1515 644 in
1535 602 1729 646 Domino
1746 602 1909 660 erigat,

272 677 641 732 consoleturque,
665 677 952 733 peculiariter
972 691 1081 719 vero
1107 692 1280 730 eorum,
1306 678 1384 733 qui
1406 678 1572 721 auxilio
1590 679 1735 735 magis
1752 687 1908 737 egent3

273 753 332 796 sit
358 753 512 808 itaque
543 753 788 810 refugium,
820 769 911 797 non
939 753 1008 797 his
1036 754 1198 806 solum,
1231 755 1309 798 sed
1344 755 1572 809 omnibus,
1606 762 1830 812 quotquot
1863 756 1909 800 in

270 845 356 874 sua
373 829 606 886 prouincia
626 830 805 882 viuum,
832 830 984 873 debita
1006 829 1247 883 suauitate,
1273 831 1624 888 dispensatione,
1651 833 1907 888 prudentia,

270 922 323 951 ac
346 906 598 963 vigilantia,
624 906 825 950 omniurn
847 906 1210 963 aegritudinibus
1232 908 1482 952 medeatur.
1511 908 1732 952 Vltimum
1755 916 1908 955 autem

267 984 535 1040 diligentiae
558 999 706 1040 genus
727 984 811 1029 erit
834 992 1033 1027 statuere
1055 999 1181 1037 num,
1208 984 1285 1040 qui
1307 984 1369 1027 ita
1391 1000 1529 1041 aeger
1555 993 1624 1029 est
1653 986 1820 1039 animo,
1851 987 1911 1030 sit

269 1061 314 1103 in
339 1060 568 1105 Societate
588 1061 870 1113 retinendus,
896 1076 953 1104 an
977 1060 1273 1105 dimittendus
1291 1061 1456 1117 potius,
1478 1077 1559 1106 seu
1577 1063 1633 1105 ad
1649 1064 1910 1120 generalem

268 1138 568 1194 ablegandus,
595 1146 672 1181 aut
699 1137 982 1181 xenodochio
1010 1144 1055 1182 et
1083 1152 1332 1193 pauperum
1362 1138 1558 1182 seruitiis
1588 1139 1647 1181 ad
1675 1140 1902 1196 probatio-

270 1229 374 1258 nem
397 1213 709 1258 destinandus.
735 1215 893 1269 Itaque
915 1213 1134 1270 singulari
1156 1213 1398 1269 prudentia
1427 1215 1711 1270 exploratum
1741 1216 1909 1260 habere

268 1292 466 1344 studeat,
497 1305 587 1346 qua
615 1290 789 1335 ratione
816 1291 985 1346 optime
1013 1290 1059 1333 in
1094 1289 1288 1333 Domino
1319 1290 1459 1347 possit
1491 1305 1595 1334 cum
1635 1306 1908 1348 vnoquoque

269 1383 427 1424 agere,
453 1382 536 1410 sua
559 1367 855 1424 proportione
878 1375 922 1411 et
946 1368 1107 1423 gradu.

359 1445 419 1489 43
442 1444 698 1500 Diligenter
719 1443 1173 1499 circumspiciendum
1203 1451 1287 1496 est,
1318 1443 1354 1487 si
1383 1443 1460 1499 qui
1489 1444 1639 1489 idonei
1666 1445 1907 1489 videantur

267 1521 429 1574 futuri,
467 1521 632 1576 quibus
663 1520 873 1577 primaria
905 1519 1148 1564 Societatis
1177 1520 1323 1563 officia
1354 1527 1452 1563 tuto
1480 1520 1654 1577 possint
1681 1521 1727 1564 in
1757 1521 1906 1577 aliqua

265 1598 500 1655 prouincia
522 1597 741 1641 committi
762 1611 847 1641 suo
866 1605 1083 1653 tempore,
1103 1596 1356 1640 cuiusmodi
1372 1597 1464 1640 'sint
1480 1597 1739 1654 praepositi,
1760 1606 1906 1643 recto-

264 1676 341 1730 ris,
367 1675 576 1727 ministri,
607 1674 883 1718 nouitiorum
912 1674 1146 1732 praefecti,
1176 1682 1221 1718 et
1249 1675 1364 1727 eius,
1394 1675 1472 1730 qui
1499 1675 1648 1718 valeat
1677 1675 1907 1720 exercitiis

264 1752 575 1809 spiritualibus
597 1751 708 1795 alios
729 1767 811 1808 pro
834 1766 956 1795 more
974 1751 1213 1796 Societatis
1230 1751 1483 1805 instituere,
1503 1751 1900 1804 concionatorum,

260 1828 660 1883 confessariorum,
691 1835 1050 1885 procuratorum,
1082 1830 1319 1872 lectorum.
1354 1829 1636 1872 Sumendum
1665 1836 1819 1874 autem
1847 1830 1905 1873 de

263 1905 529 1950 huiusmodi
553 1906 911 1962 experimentum
942 1912 1077 1958 esset,
1108 1904 1430 1948 committendo
1452 1905 1539 1948 illis
1571 1920 1902 1961 nonnunquam

263 1983 474 2040 negocia,
506 1983 551 2026 in
576 1997 768 2038 quorum
797 1982 1083 2038 expeditione
1111 1982 1252 2038 possit
1275 1982 1424 2037 aliqua
1454 1981 1628 2038 accepti
1651 1983 1808 2026 talenti
1839 1983 1902 2025 si-

262 2060 502 2118 gnificatio
520 2059 678 2116 accipi.
699 2060 798 2102 Hac
817 2066 968 2102 tamen
986 2059 1031 2102 in
1049 2075 1098 2103 re
1114 2059 1225 2101 illud
1241 2066 1310 2102 est
1327 2059 1600 2112 cauendum,
1621 2074 1679 2103 ne
1696 2074 1722 2102 a
1738 2059 1903 2103 studiis

262 2127 356 2181 suis
385 2139 457 2182 vel
486 2136 657 2192 alioqui
685 2136 949 2179 necessariis
978 2135 1357 2192 occupationibus
1386 2142 1623 2191 propterea
1652 2151 1901 2180 amouean-

262 2222 352 2269 tur,
377 2229 495 2258 neue
517 2228 673 2257 eorum
694 2227 908 2269 magnam
932 2212 1098 2256 faciant
1120 2212 1352 2255 iacturam.
1376 2213 1477 2255 Hoc
1500 2219 1652 2256 autem
1670 2207 1900 2269 specimen

261 2291 438 2336 facilius
461 2291 559 2347 capi
587 2292 644 2335 de
671 2290 742 2333 his
768 2289 948 2345 poterit,
980 2289 1057 2344 qui
1085 2288 1410 2332 consummatis
1438 2289 1599 2332 studiis
1630 2296 1900 2333 exercentur

257 2369 317 2412 ad
341 2368 660 2416 ministerium.

349 2447 530 2489 Habeat
553 2446 671 2502 apud
692 2460 741 2489 se
762 2443 1051 2501 prouincialis
1069 2457 1348 2486 summorum
1367 2442 1633 2498 pontificum
1651 2441 1898 2498 diplomata

257 2522 425 2576 omnia,
451 2521 798 2565 constitutiones
826 2519 1083 2572 Societatis,
1115 2521 1296 2562 decreta
1325 2518 1606 2575 generalium
1636 2533 1898 2575 congrega-

259 2599 454 2651 tionum,
486 2598 668 2654 regulas
695 2610 867 2648 omnes,
900 2604 995 2638 tum
1024 2610 1146 2647 suas,
1179 2602 1275 2636 tum
1305 2595 1367 2638 44
1399 2593 1588 2636 aliorum
1625 2593 1894 2647 officiorum,

256 2674 581 2718 instructiones
598 2672 906 2725 commissarii,
928 2680 973 2716 et
991 2687 1108 2727 quae
1125 2671 1350 2728 generalis
1374 2670 1656 2727 praepositus
1679 2671 1735 2714 ad
1758 2685 1895 2726 quae-

255 2752 343 2795 sita
364 2751 648 2807 responderit
668 2749 1028 2807 prouincialium3
1055 2747 1167 2791 sciat
1189 2747 1544 2791 consuetudines
1565 2754 1610 2790 et
1629 2747 1895 2792 traditiones

254 2828 495 2873 Societatis
517 2829 804 2884 approbatas,
830 2833 875 2870 et
898 2825 1114 2881 quicquid
1134 2824 1293 2867 iuuare
1315 2838 1418 2867 eum
1441 2823 1599 2879 possit,
1624 2838 1715 2879 quo
1742 2825 1891 2880 perfe-

257 2906 375 2948 ctius
397 2920 480 2948 suo
504 2906 724 2961 fungatur
745 2902 910 2946 officio.

344 2984 412 3025 Ex
432 2980 823 3033 instructionibus,
849 2993 961 3034 quas
984 2977 1207 3034 acceperit
1227 2976 1534 3033 prouinc-ialis,
1561 2991 1676 3032 quae
1693 2991 1892 3023 censue-

254 3059 311 3101 rit
344 3059 556 3115 expedire
587 3057 790 3114 collegiis
822 3070 930 3099 suae
963 3044 1240 3111 prouinciae,
1281 3053 1586 3097 communicet
1618 3054 1890 3108 rectoribus,
