2098 3470
810 263 1244 303 lnsrnucuonsss—61
1727 261 1799 308 469

202 370 363 427 lapsus
383 369 549 422 carnis,
575 369 763 423 furtum,
788 367 1020 426 percussio
1042 366 1241 411 violenta
1261 374 1295 419 ³,
1319 365 1518 411 defectio
1539 380 1566 409 a
1594 365 1842 418 Societate,

204 453 256 492 et
275 445 348 490 his
368 446 537 503 peiora.
1697 445 1701 448 ’

180 574 181 578 ¹
296 523 540 567 Caeterum
579 529 769 578 peccata
804 520 998 566 venialia
1034 527 1080 565 et
1116 519 1389 564 tentationes
1420 519 1532 562 citra
1564 533 1841 563 consensum

208 613 302 643 non
323 605 632 651 reseruantur,
658 598 744 642 nisi
767 597 844 642 vbi
866 597 1117 656 periculum
1138 596 1355 649 scandali,
1382 597 1455 641 vel
1475 596 1651 653 peccati
1668 603 1840 640 morta-

200 676 264 720 lis
285 676 471 729 faciant,
495 683 544 718 vt
566 675 758 719 venialia
792 676 867 719 illa
896 681 1085 732 peccata
1118 675 1191 719 vel
1219 673 1493 719 tentationes
1522 673 1743 718 rationem
1772 674 1840 716 in-

200 753 352 796 duant
373 752 549 808 peccati
568 752 787 806 mortalis;
813 759 859 797 et
880 751 979 797 eius
1000 751 1183 807 quidem
1204 750 1328 806 quod
1342 757 1583 807 propterea
1599 758 1840 794 censeatur

197 828 330 874 exire
350 828 397 872 in
417 833 506 876 284
528 837 680 872 actum
702 828 987 872 exteriorem.
1014 829 1078 872 At
1093 827 1171 870 vbi
1187 842 1354 885 graues
1370 827 1541 883 alioqui
1564 827 1839 871 tentationes

199 913 254 950 et
272 906 515 950 diuturnae
537 913 660 959 sunt,
684 904 896 950 hortandi
917 912 1024 949 sunt
1046 904 1348 962 poenitentes,
1373 911 1422 947 vt
1444 917 1522 947 cor
1544 918 1678 947 suum
1701 918 1839 960 supe-

206 981 312 1026 riori
338 997 530 1039 syncere
557 982 776 1039 aperiant,
809 989 859 1025 vt
884 980 1110 1025 Dominus
1138 980 1387 1024 humilibus
1424 981 1502 1024 det
1530 980 1741 1038 gratiam,
1781 982 1839 1025 ad

204 1071 283 1103 eas
303 1059 568 1103 vincendas.

293 1136 385 1180 Vbi
422 1145 575 1181 autern
614 1144 840 1187 rectores,
881 1136 952 1179 vel
987 1135 1243 1192 superiores
1283 1134 1402 1179 infra
1447 1134 1751 1192 prouinciales
1792 1135 1838 1178 in

203 1212 352 1256 dictos
373 1227 507 1256 casus
530 1214 670 1270 (quod
690 1215 817 1257 Deus
838 1213 1029 1268 auertat)
1051 1211 1317 1265 inciderent,
1336 1219 1631 1257 reseruentur
1648 1212 1836 1269 prouin-

203 1289 321 1342 ciali;
346 1297 392 1334 et
414 1289 490 1332 vbi
513 1289 821 1346 prouincialis,
847 1289 1064 1346 generali3
1089 1289 1152 1332 ita
1173 1296 1341 1344 tamen,
1364 1297 1430 1342 vt,
1456 1289 1493 1332 si
1523 1290 1703 1333 occulta
1724 1291 1837 1333 haec

201 1374 395 1424 peccata
432 1367 622 1420 fuerint,
662 1368 958 1411 absoluantur
998 1366 1180 1423 quidem
1217 1381 1243 1410 a
1280 1381 1365 1410 suo
1407 1366 1709 1419 confessario;
1756 1367 1838 1410 sed

198 1443 448 1488 iubeantur
474 1458 579 1487 cum
608 1445 896 1488 commodum
924 1443 1061 1488 fuerit
1087 1443 1365 1501 superiorem
1397 1443 1538 1497 adire3
1572 1444 1650 1486 vbi
1682 1452 1835 1489 autern

202 1520 446 1566 manifesta
469 1520 654 1574 fuerint,
679 1521 943 1577 praesertim
959 1521 997 1564 si
1013 1521 1256 1566 accesserit
1272 1522 1552 1574 scandalum,
1573 1537 1666 1565 non
1683 1523 1837 1565 absol-

199 1605 390 1651 uantur,
414 1598 496 1641 sed
517 1597 670 1641 statim
693 1597 970 1654 superiorem
992 1612 1126 1641 suum
1148 1598 1330 1651 adeant,
1362 1613 1446 1641 sua
1473 1605 1662 1655 peccata
1688 1598 1849 1642 mani--

190 1674 427 1733 'festaturi.
466 1675 645 1718 Placuit
683 1690 791 1719 vero
828 1675 943 1718 Rdo.
985 1675 1112 1719 Patri
1148 1683 1304 1719 nostro
1340 1675 1558 1732 generali,
1594 1676 1642 1718 in
1674 1676 1836 1732 quauis

148 1742 152 1746 ¹
198 1751 437 1808 prouincia
461 1751 680 1795 constitui
702 1766 843 1796 vnum
866 1766 922 1795 ex
943 1753 1176 1809 professis,
1201 1753 1257 1796 ad
1274 1767 1410 1810 quem
1427 1753 1472 1796 in
1489 1753 1671 1797 casibus
1694 1768 1835 1798 reser-

195 1827 320 1872 uatis
342 1828 485 1885 possit
506 1828 798 1885 prouincialis
820 1843 1069 1883 recurrere,
1094 1844 1153 1874 ne
1180 1838 1373 1888 cogatur
1399 1845 1578 1887 semper
1605 1832 1662 1874 ad
1691 1845 1835 1888 gene-

196 1905 341 1950 ralem
365 1905 598 1958 accedere,
622 1920 714 1949 non
737 1914 888 1950 tamen
910 1906 1024 1950 dix-it
1046 1907 1182 1952 Pater
1203 1907 1431 1964 generalis
1452 1907 1671 1951 iudicium
1700 1923 1834 1952 suum

134 2000 140 2002 ⁷
192 1981 255 2027 de
275 1996 398 2026 nouo
426 1996 533 2026 casu
563 1981 598 2035 ¹³,
629 1984 751 2038 quod
789 1983 852 2026 illi
886 1984 1034 2028 fuerat
1064 1999 1092 2028 a
1128 1984 1488 2042 congregatione
1519 1985 1832 2031 commissum.

199 2059 342 2104 Porro
362 2059 688 2116 explicationes
711 2072 753 2114 7,
785 2073 831 2104 11
858 2069 904 2104 et
938 2073 988 2104 12
1012 2075 1163 2114 casus,
1188 2061 1364 2107 etiamsi
1391 2062 1439 2105 in
1460 2062 1657 2108 decretis
1685 2063 1835 2108 editae

193 2149 290 2180 non
317 2135 503 2190 fuerint,
537 2136 723 2181 iubente
761 2137 1120 2194 congregatione
1156 2138 1335 2183 additae
1371 2147 1479 2183 sunt
1515 2140 1713 2199 casibus,
1756 2140 1833 2196 qui

194 2213 387 2257 fuerunt
407 2213 654 2270 prouinciis
675 2228 779 2257 cum
808 2214 894 2258 illis
919 2215 1239 2274 communicati
1260 2223 1292 2259 0.

59 2324 97 2335 j
119 2380 121 2382 ,
190 2335 281 2381 285
312 2327 478 2385 CASUS‚
505 2346 708 2385 QUORUM
731 2348 1005 2379 ABSOLUTIO
1035 2349 1321 2381 RESERUATA
1344 2350 1434 2381 EST
1457 2351 1716 2381 SUPERIORI
1748 2352 1831 2381 Do-

283 2422 377 2454 sz
406 2423 498 2454 VEL
536 2424 762 2455 COLLEGII
802 2425 863 2455 ET
900 2426 962 2456 AB
995 2426 1108 2457 ALIO
1145 2426 1243 2458 NISI
1281 2428 1345 2458 DE
1381 2427 1629 2458 EXPRESSA
1662 2427 1830 2457 LICEN-

260 2498 365 2530 'TIA
402 2500 609 2532 ABSOLUI
648 2501 744 2532 NON
785 2502 1018 2534 POSSUNT.
1058 2504 1109 2534 HI
1146 2503 1279 2535 EDITI
1315 2505 1503 2543 QUIDEM
1538 2505 1760 2536 FUERANT
1800 2506 1828 2535 A

281 2576 395 2608 RDO.
428 2577 584 2608 PATRE
612 2578 804 2610 NOSTRO
836 2579 1019 2619 JACOBO
1048 2581 1252 2621 LAYNEZ,
1288 2582 1398 2612 PIAE
1429 2582 1705 2620 MEMORIAE;
1743 2582 1828 2611 NO-

283 2653 482 2685 UISSIME
505 2655 671 2686 AUTEM
694 2657 724 2686 A
748 2657 859 2688 RDO.
888 2658 1044 2688 PATRE
1061 2658 1248 2690 NOSTRO
1266 2659 1566 2690 PRAEPOSITO
1585 2659 1827 2689 GENERALI

281 2730 324 2760 P.
350 2730 609 2763 EUERARDO
632 2733 947 2765 MERCURIANO
976 2735 1239 2766 RECOGNITI
1264 2737 1326 2766 EX
1347 2735 1679 2767 COMMISSIONE
1708 2735 1827 2766 CON-

278 2805 609 2839 GREGATIONIS
633 2804 717 2845 23⁶
746 2811 807 2841 ET
831 2806 914 2853 3.²e
936 2811 1224 2844 GENERALIS.

279 2905 473 2949 Furtum
497 2907 570 2950 vel
590 2909 825 2964 vsurpatio
846 2917 894 2954 et
914 2911 1220 2968 appropriatio
1242 2912 1433 2955 alicuius
1455 2911 1535 2956 rei.

261 3020 282 3038 ι
327 3010 521 3047 violentia
545 3023 618 3048 ms.
670 3014 736 3041 -b
763 3014 872 3050 Haec
895 3014 918 3050 3
941 3016 1063 3052 verba
1086 3016 1283 3063 posterius
1305 3015 1448 3052 addita.
1502 3025 1566 3043 -c
1594 3014 1825 3050 Communi-

188 3070 304 3105 casae
321 3081 395 3108 ms-
