2098 3470
288 314 361 363 270,
761 306 918 344 PATms
943 307 1186 344 Hmnom‘m
1212 307 1364 343 NADAL

236 407 286 450 in
309 408 460 463 aliquo
483 423 538 453 ex
561 407 648 451 illis
679 408 901 453 cubiculis
928 408 1140 462 ambitus,
1171 409 1249 464 qui
1278 415 1485 465 spectant
1513 410 1569 452 ad
1592 410 1803 466 plateam;
1829 418 1876 454 et

235 485 282 527 in
305 486 464 530 eodem
487 487 626 528 choro
653 493 947 542 reponentur,
981 499 1284 542 quaecunque
1311 486 1449 529 habet
1479 487 1531 529 P.
1559 487 1873 531 Theodoricus

234 562 283 605 in
304 562 485 605 sacello.
512 562 739 607 Sacellum
762 577 872 606 uero
889 562 1122 620 parabitur
1142 563 1373 615 decenter,
1407 570 1457 605 ut
1478 562 1568 606 illic
1596 563 1771 624 possint
1793 579 1873 608 au-

232 638 333 683 dire
354 639 538 682 missam
562 640 723 683 fratres
745 639 962 696 quotidie;
988 639 1125 683 missa
1147 654 1274 693 uero,
1300 654 1435 696 quam
1457 639 1518 682 ibi
1548 640 1749 694 audient,
1783 655 1873 696 quo

235 715 311 760 die
332 723 440 759 sunt
463 716 809 767 comunicaturi,
834 717 896 760 ita
913 724 1064 760 autem
1088 725 1105 742 a
1127 715 1373 773 parabitur,
1395 724 1444 760 ut
1460 724 1701 774 postquam
1719 717 1872 762 audie-

235 792 327 835 rint
349 793 548 845 missam,
573 793 748 850 possint
770 793 926 837 uenire
944 794 1000 836 ad
1018 793 1154 838 finem
1177 793 1275 837 eius
1299 793 1477 847 missae,
1499 808 1616 849 quae
1633 793 1808 839 dicetur
1826 794 1872 837 in

232 869 364 913 altari
385 869 560 922 maiori,
585 877 631 913 et
652 870 998 914 comunicare...

325 946 493 990 Omnia
521 947 638 990 ostia
665 946 977 990 cubiculorum
1007 947 1099 990 sint
1134 946 1196 989 ita
1217 945 1389 1000 clausa,
1416 954 1465 990 ut
1496 947 1646 1003 quiuis
1673 947 1872 992 exterius

233 1023 376 1080 possit
398 1022 592 1080 ingredi,
617 1031 933 1081 praeterquam
957 1023 1160 1078 rectoris,
1185 1023 1376 1067 ministri
1399 1032 1444 1069 et
1462 1024 1779 1080 procuratoris.

325 1101 722 1157 Quemadmodum
745 1102 830 1144 hoc
852 1115 971 1143 anno
995 1101 1164 1164 factum
1187 1108 1271 1155 est,
1296 1102 1353 1144 ad
1381 1102 1669 1157 sepulchrum
1692 1100 1872 1146 ueneris

231 1177 380 1221 sancti
402 1192 483 1234 per
505 1177 629 1222 uices
657 1177 806 1221 adsint
827 1185 909 1231 Δί.ΟΥ
937 1178 1098 1221 fratres
1122 1184 1216 1220 tota
1245 1185 1394 1230 nocte,
1426 1185 1680 1234 postquam,
1706 1177 1872 1221 clausis

238 1254 387 1299 ianuis
411 1254 582 1311 templi,
608 1269 764 1298 omnes
792 1254 966 1298 externi
989 1254 1079 1297 sint
1116 1254 1303 1298 exclusi:
1344 1262 1451 1299 ante
1485 1257 1575 1299 hoc
1603 1262 1796 1311 tempus,
1822 1261 1873 1297 ut

236 1333 354 1376 solet
376 1332 421 1374 in
444 1331 707 1384 Germania,
732 1339 973 1376 cantentur
997 1339 1105 1374 tono
1127 1346 1447 1388 germanorum
1464 1332 1624 1389 psalmi
1640 1332 1745 1375 hinc
1766 1332 1871 1375 inde

231 1424 262 1452 a
284 1409 515 1461 fratribus,
540 1408 659 1452 binis
679 1407 785 1451 hinc
807 1408 927 1461 inde,
953 1408 1161 1464 quamuis
1193 1424 1285 1452 non
1308 1409 1366 1452 sit
1393 1408 1455 1452 ita
1483 1423 1669 1452 necesse
1697 1415 1748 1451 ut
1777 1415 1872 1452 tota

207 1474 209 1476 .
234 1493 372 1530 nocte
393 1492 596 1530 cantent.
622 1486 817 1529 Possent
838 1485 1027 1530 concedi
1048 1500 1102 1528 ea
1132 1493 1281 1539 nocte,
1313 1493 1551 1542 postquam
1579 1485 1870 1530 discesserint

230 1562 425 1616 externi,
450 1561 715 1619 disciplinae
741 1562 788 1604 in
825 1564 980 1614 choro,
1011 1562 1090 1605 ubi
1127 1557 1314 1606 manent
1347 1561 1524 1614 nouitii,
1550 1577 1629 1619 per
1657 1562 1799 1617 uices,
1823 1562 1870 1605 id

236 1646 321 1693 est,
348 1646 399 1682 ut
427 1652 478 1683 10
500 1639 575 1683 uel
603 1651 652 1682 12
675 1640 830 1692 semel,
856 1649 901 1682 et
929 1652 980 1682 10
1003 1640 1076 1682 uel
1105 1651 1154 1682 12
1173 1639 1335 1683 iterum
1357 1640 1512 1683 semel.

326 1715 541 1760 Officium
563 1717 874 1761 hebdomadae
895 1723 1080 1760 sanctae
1101 1717 1180 1759 fiat
1204 1723 1252 1760 ut
1273 1718 1360 1760 hoc
1383 1717 1552 1760 factum
1575 1723 1644 1760 est
1667 1731 1802 1769 anno,
1823 1723 1870 1761 et

236 1795 406 1837 Romae
427 1794 494 1846 fit,
519 1800 699 1850 praeter
719 1793 1027 1849 sepulchrum,
1053 1793 1184 1836 cuius
1206 1793 1293 1837 alia
1314 1801 1383 1838 est
1412 1793 1524 1837 ratio
1546 1793 1592 1836 in
1624 1793 1870 1838 Germania

233 1877 282 1913 et
305 1885 434 1916 usuS.

326 1946 590 1991 Portabitur
610 1961 721 1991 uero
756 1954 1089 1991 sacramentum
1119 1947 1176 1991 ad
1203 1948 1494 2004 sepulchrum
1526 1962 1630 1991 cum
1659 1947 1714 1991 iis
1743 1962 1867 1991 cere-

235 2024 415 2077 moniis,
442 2023 608 2080 quibus
629 2024 744 2069 solet
774 2025 961 2078 Romae,
996 2024 1081 2067 nisi
1109 2024 1167 2068 sit
1194 2024 1279 2067 alia
1311 2025 1595 2068 consuetudo
1631 2024 1866 2068 catholicis

234 2101 462 2155 comunis,
487 2116 604 2157 quae
625 2116 651 2145 a
672 2100 803 2144 nobis
819 2101 999 2157 probari
1016 2101 1172 2157 possit.

325 2180 375 2221 In
403 2186 586 2222 sanctos
623 2179 827 2237 angelos,
868 2178 945 2233 qui
977 2179 1237 2234 gubernant
1268 2177 1582 2231 Germaniam,
1617 2177 1663 2220 in
1686 2168 1870 2221 sanctos

236 2255 513 2300 Germaniae
533 2261 580 2298 et
595 2254 794 2299 ciuitatis
815 2255 873 2298 sit
891 2254 1133 2311 peculiaris
1155 2254 1355 2298 deuotio.

326 2332 514 2376 Etiamsi
531 2332 608 2388 qui
629 2333 800 2376 habent
823 2339 930 2375 uota
950 2331 996 2374 in
1019 2333 1107 2375 hoc
1128 2331 1322 2388 collegio
1344 2347 1435 2375 non
1465 2331 1655 2376 fecerint
1676 2329 1869 2388 promis-

234 2410 411 2454 sionem
435 2409 737 2454 distribuendi
758 2410 894 2461 bona,
920 2409 957 2452 si
980 2423 1096 2464 quae
1127 2410 1313 2461 habent,
1346 2409 1470 2452 iuxta
1497 2408 1756 2452 institutum
1785 2410 1869 2454 So-

233 2486 430 2540 cietatis,
456 2488 512 2530 de
549 2501 640 2542 quo
670 2487 865 2530 habetur
895 2485 942 2528 in
973 2485 1196 2542 principio
1218 2499 1246 2540 4
1283 2500 1382 2542 cap.
1409 2485 1644 2538 examinis,
1670 2500 1761 2529 non
1783 2486 1869 2530 erit

236 2564 561 2615 necessarium,
587 2578 691 2606 cum
714 2569 822 2609 uota
843 2564 1058 2616 habeant,
1083 2563 1203 2606 illam
1226 2562 1568 2619 promissionem
1591 2563 1743 2615 edere,
1764 2576 1868 2606 cum

232 2656 293 2685 ex
314 2648 423 2684 uoto
445 2639 730 2684 obedientiae
763 2640 818 2682 ad
842 2638 888 2681 id
925 2639 1204 2696 obligentur.
1234 2639 1327 2695 Qui
1358 2647 1509 2683 autem
1534 2647 1645 2683 uota
1673 2654 1766 2683 non
1788 2641 1869 2683 ha·

234 2718 359 2770 bent,
385 2717 422 2761 si
440 2717 562 2759 illam
585 2715 927 2773 promissionem
951 2731 1042 2758 non
1065 2715 1319 2769 ediderunt,
1347 2715 1489 2772 primo
1507 2715 1713 2760 examine
1731 2716 1869 2759 edant

234 2794 357 2837 illam
380 2794 742 2851 promissionem,
768 2799 827 2837 -et
855 2793 911 2836 de
943 2801 1123 2838 caetero
1160 2794 1431 2837 obseruetur
1458 2791 1717 2848 diligenter,
1750 2799 1800 2835 ut
1821 2792 1867 2835 in

235 2871 379 2928 prima
408 2871 689 2927 probatione,
720 2884 826 2913 cum
858 2869 1191 2922 examinantur,
1212 2870 1349 2914 edant
1372 2869 1491 2912 illam
1521 2868 1868 2926 promissionem

233 2962 450 2991 omnes...

305 3126 323 3143 a
348 3114 428 3159 Sic;
449 3114 519 3151 sed
543 3125 834 3162 supervacanea
852 3114 947 3150 haec
966 3113 1154 3160 particula
1172 3113 1338 3151 videtur.

2092 1527 2098 1671 l
