<?xml version="1.0" encoding="UTF-8"?>
<!DOCTYPE html PUBLIC "-//W3C//DTD XHTML 1.0 Transitional//EN"
    "http://www.w3.org/TR/xhtml1/DTD/xhtml1-transitional.dtd">
<html xmlns="http://www.w3.org/1999/xhtml" xml:lang="en" lang="en">
 <head>
  <title>
</title>
<meta http-equiv="Content-Type" content="text/html;charset=utf-8" />
  <meta name='ocr-system' content='tesseract 3.04.00' />
  <meta name='ocr-capabilities' content='ocr_page ocr_carea ocr_par ocr_line ocrx_word'/>
</head>
<body>
  <div class='ocr_page' id='page_1' title='image "./epistolaephieron04nadauoft_0457.png"; bbox 0 0 2098 3470; ppageno 0'>
   <div class='ocr_carea' id='block_1_1' title="bbox 0 0 307 62">
    <p class='ocr_par' dir='ltr' id='par_1_1' title="bbox 0 0 307 62">
     <span class='ocr_line' id='line_1_1' title="bbox 0 0 307 62; baseline 0 3408"><span class='ocrx_word' id='word_1_1' title='bbox 0 0 307 62; x_wconf 95' lang='lat' dir='ltr'> </span> 
     </span>
    </p>
   </div>
   <div class='ocr_carea' id='block_1_2' title="bbox 792 238 1787 286">
    <p class='ocr_par' dir='ltr' id='par_1_2' title="bbox 792 238 1787 286">
     <span class='ocr_line' id='line_1_2' title="bbox 792 238 1787 286; baseline -0.006 -5"><span class='ocrx_word' id='word_1_2' title='bbox 792 242 1232 281; x_wconf 62' lang='lat' dir='ltr'>{amoenorum—61</span> <span class='ocrx_word' id='word_1_3' title='bbox 1721 238 1787 286; x_wconf 86' lang='lat'>431</span> 
     </span>
    </p>
   </div>
   <div class='ocr_carea' id='block_1_3' title="bbox 167 340 1847 2096">
    <p class='ocr_par' dir='ltr' id='par_1_3' title="bbox 198 340 1842 1018">
     <span class='ocr_line' id='line_1_3' title="bbox 290 340 1840 404; baseline -0.006 -12"><span class='ocrx_word' id='word_1_4' title='bbox 290 348 454 392; x_wconf 89' lang='lat' dir='ltr'>Danda</span> <span class='ocrx_word' id='word_1_5' title='bbox 475 353 711 404; x_wconf 87' lang='lat' dir='ltr'>praeterea</span> <span class='ocrx_word' id='word_1_6' title='bbox 730 353 801 391; x_wconf 90' lang='lat' dir='ltr'>est</span> <span class='ocrx_word' id='word_1_7' title='bbox 820 359 975 403; x_wconf 89' lang='lat' dir='ltr'>opera,</span> <span class='ocrx_word' id='word_1_8' title='bbox 1007 359 1065 388; x_wconf 92' lang='lat' dir='ltr'>ne</span> <span class='ocrx_word' id='word_1_9' title='bbox 1092 358 1174 401; x_wconf 86' lang='lat' dir='ltr'>per</span> <span class='ocrx_word' id='word_1_10' title='bbox 1194 344 1481 388; x_wconf 79' lang='lat' dir='ltr'>consultores</span> <span class='ocrx_word' id='word_1_11' title='bbox 1510 343 1583 398; x_wconf 75' lang='lat' dir='ltr'>vel</span> <span class='ocrx_word' id='word_1_12' title='bbox 1610 340 1840 399; x_wconf 89' lang='lat' dir='ltr'>generalis</span> 
     </span>
     <span class='ocr_line' id='line_1_4' title="bbox 198 419 1840 481; baseline -0.004 -13"><span class='ocrx_word' id='word_1_13' title='bbox 198 425 275 470; x_wconf 86' lang='lat' dir='ltr'>vel</span> <span class='ocrx_word' id='word_1_14' title='bbox 291 423 582 481; x_wconf 92' lang='lat' dir='ltr'>prouincialis</span> <span class='ocrx_word' id='word_1_15' title='bbox 601 423 873 480; x_wconf 82' lang='lat' dir='ltr'>impediatur</span> <span class='ocrx_word' id='word_1_16' title='bbox 894 421 1206 466; x_wconf 88' lang='lat' dir='ltr'>subordinatio</span> <span class='ocrx_word' id='word_1_17' title='bbox 1227 419 1515 465; x_wconf 75' lang='lat' dir='ltr'><strong>obedientiae</strong></span> <span class='ocrx_word' id='word_1_18' title='bbox 1537 427 1583 463; x_wconf 94' lang='lat' dir='ltr'>et</span> <span class='ocrx_word' id='word_1_19' title='bbox 1605 420 1840 476; x_wconf 89' lang='lat' dir='ltr'>guberna-</span> 
     </span>
     <span class='ocr_line' id='line_1_5' title="bbox 203 495 1840 558; baseline -0.004 -14"><span class='ocrx_word' id='word_1_20' title='bbox 203 501 339 544; x_wconf 87' lang='lat' dir='ltr'>tionis</span> <span class='ocrx_word' id='word_1_21' title='bbox 359 501 556 558; x_wconf 90' lang='lat' dir='ltr'>collegii.</span> <span class='ocrx_word' id='word_1_22' title='bbox 577 501 787 545; x_wconf 91' lang='lat' dir='ltr'>Pendent</span> <span class='ocrx_word' id='word_1_23' title='bbox 809 499 930 544; x_wconf 91' lang='lat' dir='ltr'>enim</span> <span class='ocrx_word' id='word_1_24' title='bbox 953 506 1102 544; x_wconf 92' lang='lat' dir='ltr'>rector</span> <span class='ocrx_word' id='word_1_25' title='bbox 1122 506 1169 543; x_wconf 91' lang='lat' dir='ltr'>et</span> <span class='ocrx_word' id='word_1_26' title='bbox 1189 497 1266 541; x_wconf 88' lang='lat' dir='ltr'>alii</span> <span class='ocrx_word' id='word_1_27' title='bbox 1287 511 1446 541; x_wconf 91' lang='lat' dir='ltr'>omnes</span> <span class='ocrx_word' id='word_1_28' title='bbox 1468 496 1649 552; x_wconf 89' lang='lat' dir='ltr'>collegii</span> <span class='ocrx_word' id='word_1_29' title='bbox 1671 495 1840 539; x_wconf 89' lang='lat' dir='ltr'>officia-</span> 
     </span>
     <span class='ocr_line' id='line_1_6' title="bbox 204 572 1842 634; baseline -0.003 -14"><span class='ocrx_word' id='word_1_30' title='bbox 204 578 271 622; x_wconf 84' lang='lat' dir='ltr'>les</span> <span class='ocrx_word' id='word_1_31' title='bbox 300 585 347 622; x_wconf 92' lang='lat' dir='ltr'>et</span> <span class='ocrx_word' id='word_1_32' title='bbox 376 585 600 634; x_wconf 89' lang='lat' dir='ltr'>quotquot</span> <span class='ocrx_word' id='word_1_33' title='bbox 625 577 674 620; x_wconf 91' lang='lat' dir='ltr'>in</span> <span class='ocrx_word' id='word_1_34' title='bbox 699 592 756 622; x_wconf 92' lang='lat' dir='ltr'>eo</span> <span class='ocrx_word' id='word_1_35' title='bbox 781 577 961 629; x_wconf 92' lang='lat' dir='ltr'>viuunt,</span> <span class='ocrx_word' id='word_1_36' title='bbox 993 591 1020 619; x_wconf 86' lang='lat' dir='ltr'>a</span> <span class='ocrx_word' id='word_1_37' title='bbox 1046 575 1467 632; x_wconf 89' lang='lat' dir='ltr'>superintendente,</span> <span class='ocrx_word' id='word_1_38' title='bbox 1499 573 1574 616; x_wconf 93' lang='lat' dir='ltr'>hic</span> <span class='ocrx_word' id='word_1_39' title='bbox 1604 588 1630 616; x_wconf 89' lang='lat' dir='ltr'>a</span> <span class='ocrx_word' id='word_1_40' title='bbox 1655 572 1842 630; x_wconf 87' lang='lat' dir='ltr'>prouin-</span> 
     </span>
     <span class='ocr_line' id='line_1_7' title="bbox 201 651 1841 712; baseline -0.004 -14"><span class='ocrx_word' id='word_1_41' title='bbox 201 654 306 698; x_wconf 85' lang='lat' dir='ltr'>ciali</span> <span class='ocrx_word' id='word_1_42' title='bbox 326 655 399 698; x_wconf 91' lang='lat' dir='ltr'>vel</span> <span class='ocrx_word' id='word_1_43' title='bbox 420 655 638 712; x_wconf 86' lang='lat' dir='ltr'>generali.</span> <span class='ocrx_word' id='word_1_44' title='bbox 663 653 788 698; x_wconf 92' lang='lat' dir='ltr'>Nihil</span> <span class='ocrx_word' id='word_1_45' title='bbox 809 652 951 710; x_wconf 90' lang='lat' dir='ltr'>igitur</span> <span class='ocrx_word' id='word_1_46' title='bbox 970 667 1071 696; x_wconf 91' lang='lat' dir='ltr'>sese</span> <span class='ocrx_word' id='word_1_47' title='bbox 1097 652 1309 709; x_wconf 85' lang='lat' dir='ltr'>ingerant</span> <span class='ocrx_word' id='word_1_48' title='bbox 1337 651 1395 694; x_wconf 90' lang='lat' dir='ltr'>ad</span> <span class='ocrx_word' id='word_1_49' title='bbox 1421 665 1491 703; x_wconf 91' lang='lat' dir='ltr'>ea,</span> <span class='ocrx_word' id='word_1_50' title='bbox 1518 664 1634 705; x_wconf 90' lang='lat' dir='ltr'>quae</span> <span class='ocrx_word' id='word_1_51' title='bbox 1666 651 1723 692; x_wconf 89' lang='lat' dir='ltr'>ad</span> <span class='ocrx_word' id='word_1_52' title='bbox 1751 664 1841 706; x_wconf 88' lang='lat' dir='ltr'>gu-</span> 
     </span>
     <span class='ocr_line' id='line_1_8' title="bbox 204 726 1840 794; baseline -0.003 -21"><span class='ocrx_word' id='word_1_53' title='bbox 204 731 515 794; x_wconf 84' lang='lat' dir='ltr'>bemationem</span> <span class='ocrx_word' id='word_1_54' title='bbox 551 730 734 787; x_wconf 86' lang='lat' dir='ltr'>collegii</span> <span class='ocrx_word' id='word_1_55' title='bbox 765 729 977 782; x_wconf 84' lang='lat' dir='ltr'>attinent,</span> <span class='ocrx_word' id='word_1_56' title='bbox 1011 729 1312 780; x_wconf 87' lang='lat' dir='ltr'>consultores,</span> <span class='ocrx_word' id='word_1_57' title='bbox 1336 742 1422 772; x_wconf 93' lang='lat' dir='ltr'>nec</span> <span class='ocrx_word' id='word_1_58' title='bbox 1452 726 1569 770; x_wconf 87' lang='lat' dir='ltr'>alius</span> <span class='ocrx_word' id='word_1_59' title='bbox 1599 726 1840 783; x_wconf 85' lang='lat' dir='ltr'>quispiam,</span> 
     </span>
     <span class='ocr_line' id='line_1_9' title="bbox 203 804 1841 865; baseline -0.003 -14"><span class='ocrx_word' id='word_1_60' title='bbox 203 815 384 864; x_wconf 85' lang='lat' dir='ltr'>praeter</span> <span class='ocrx_word' id='word_1_61' title='bbox 404 823 503 862; x_wconf 92' lang='lat' dir='ltr'>eos,</span> <span class='ocrx_word' id='word_1_62' title='bbox 526 809 584 852; x_wconf 87' lang='lat' dir='ltr'>ad</span> <span class='ocrx_word' id='word_1_63' title='bbox 606 823 720 865; x_wconf 92' lang='lat' dir='ltr'>quos</span> <span class='ocrx_word' id='word_1_64' title='bbox 740 807 788 850; x_wconf 92' lang='lat' dir='ltr'>in</span> <span class='ocrx_word' id='word_1_65' title='bbox 809 821 896 851; x_wconf 89' lang='lat' dir='ltr'>suo</span> <span class='ocrx_word' id='word_1_66' title='bbox 918 807 1065 864; x_wconf 90' lang='lat' dir='ltr'>gradu</span> <span class='ocrx_word' id='word_1_67' title='bbox 1082 805 1279 863; x_wconf 87' lang='lat' dir='ltr'>pertinet</span> <span class='ocrx_word' id='word_1_68' title='bbox 1299 804 1591 862; x_wconf 87' lang='lat' dir='ltr'>gubernatio,</span> <span class='ocrx_word' id='word_1_69' title='bbox 1616 811 1662 847; x_wconf 90' lang='lat' dir='ltr'>et</span> <span class='ocrx_word' id='word_1_70' title='bbox 1684 804 1841 847; x_wconf 90' lang='lat' dir='ltr'>memi-</span> 
     </span>
     <span class='ocr_line' id='line_1_10' title="bbox 203 880 1842 942; baseline -0.003 -14"><span class='ocrx_word' id='word_1_71' title='bbox 203 883 355 928; x_wconf 86' lang='lat' dir='ltr'>nerint</span> <span class='ocrx_word' id='word_1_72' title='bbox 371 899 529 928; x_wconf 90' lang='lat' dir='ltr'>omnes</span> <span class='ocrx_word' id='word_1_73' title='bbox 546 885 748 942; x_wconf 88' lang='lat' dir='ltr'>regulae,</span> <span class='ocrx_word' id='word_1_74' title='bbox 763 898 879 940; x_wconf 85' lang='lat' dir='ltr'>quae</span> <span class='ocrx_word' id='word_1_75' title='bbox 895 883 1115 940; x_wconf 83' lang='lat' dir='ltr'>praecipit</span> <span class='ocrx_word' id='word_1_76' title='bbox 1131 890 1181 925; x_wconf 91' lang='lat' dir='ltr'>vt</span> <span class='ocrx_word' id='word_1_77' title='bbox 1196 882 1350 925; x_wconf 89' lang='lat' dir='ltr'>nullus</span> <span class='ocrx_word' id='word_1_78' title='bbox 1365 896 1467 926; x_wconf 89' lang='lat' dir='ltr'>sese</span> <span class='ocrx_word' id='word_1_79' title='bbox 1483 880 1633 924; x_wconf 90' lang='lat' dir='ltr'>officio</span> <span class='ocrx_word' id='word_1_80' title='bbox 1650 880 1842 925; x_wconf 89' lang='lat' dir='ltr'>alterius</span> 
     </span>
     <span class='ocr_line' id='line_1_11' title="bbox 206 961 401 1018; baseline 0.01 -16"><span class='ocrx_word' id='word_1_81' title='bbox 206 961 401 1018; x_wconf 88' lang='lat' dir='ltr'>ingerat.</span> 
     </span>
    </p>

    <p class='ocr_par' dir='ltr' id='par_1_4' title="bbox 207 1034 1843 1171">
     <span class='ocr_line' id='line_1_12' title="bbox 293 1034 1843 1095; baseline -0.004 -12"><span class='ocrx_word' id='word_1_82' title='bbox 293 1037 369 1083; x_wconf 76' lang='lat'>163</span> <span class='ocrx_word' id='word_1_83' title='bbox 391 1038 608 1095; x_wconf 82' lang='lat' dir='ltr'>Quotidie</span> <span class='ocrx_word' id='word_1_84' title='bbox 630 1039 687 1081; x_wconf 90' lang='lat' dir='ltr'>ad</span> <span class='ocrx_word' id='word_1_85' title='bbox 713 1052 764 1082; x_wconf 93' lang='lat' dir='ltr'>se</span> <span class='ocrx_word' id='word_1_86' title='bbox 791 1043 927 1080; x_wconf 90' lang='lat' dir='ltr'>vocet</span> <span class='ocrx_word' id='word_1_87' title='bbox 954 1044 1177 1082; x_wconf 89' lang='lat' dir='ltr'>rectorem</span> <span class='ocrx_word' id='word_1_88' title='bbox 1203 1035 1603 1093; x_wconf 88' lang='lat' dir='ltr'>superintendens,</span> <span class='ocrx_word' id='word_1_89' title='bbox 1628 1042 1678 1077; x_wconf 92' lang='lat' dir='ltr'>vt</span> <span class='ocrx_word' id='word_1_90' title='bbox 1706 1034 1843 1079; x_wconf 91' lang='lat' dir='ltr'>intel-</span> 
     </span>
     <span class='ocr_line' id='line_1_13' title="bbox 207 1114 1224 1171; baseline 0.003 -15"><span class='ocrx_word' id='word_1_91' title='bbox 207 1114 321 1171; x_wconf 87' lang='lat' dir='ltr'>ligat</span> <span class='ocrx_word' id='word_1_92' title='bbox 342 1116 725 1170; x_wconf 89' lang='lat' dir='ltr'>quemadmodum</span> <span class='ocrx_word' id='word_1_93' title='bbox 747 1114 913 1158; x_wconf 87' lang='lat' dir='ltr'>habeat</span> <span class='ocrx_word' id='word_1_94' title='bbox 933 1114 1224 1171; x_wconf 88' lang='lat' dir='ltr'>gubernatio.</span> 
     </span>
    </p>

    <p class='ocr_par' dir='ltr' id='par_1_5' title="bbox 167 1190 1846 1325">
     <span class='ocr_line' id='line_1_14' title="bbox 295 1190 1846 1247; baseline -0.002 -11"><span class='ocrx_word' id='word_1_95' title='bbox 295 1193 442 1236; x_wconf 91' lang='lat' dir='ltr'>Vocet</span> <span class='ocrx_word' id='word_1_96' title='bbox 463 1192 599 1236; x_wconf 89' lang='lat' dir='ltr'>etiam</span> <span class='ocrx_word' id='word_1_97' title='bbox 621 1206 948 1247; x_wconf 90' lang='lat' dir='ltr'>nonnunquam</span> <span class='ocrx_word' id='word_1_98' title='bbox 970 1191 1225 1234; x_wconf 88' lang='lat' dir='ltr'>ministrum</span> <span class='ocrx_word' id='word_1_99' title='bbox 1246 1199 1292 1234; x_wconf 93' lang='lat' dir='ltr'>et</span> <span class='ocrx_word' id='word_1_100' title='bbox 1313 1190 1678 1243; x_wconf 83' lang='lat' dir='ltr'>subministrum,</span> <span class='ocrx_word' id='word_1_101' title='bbox 1710 1197 1758 1232; x_wconf 83' lang='lat' dir='ltr'>vt</span> <span class='ocrx_word' id='word_1_102' title='bbox 1790 1191 1846 1233; x_wconf 91' lang='lat' dir='ltr'>de</span> 
     </span>
     <span class='ocr_line' id='line_1_15' title="bbox 167 1266 1462 1325; baseline 0.002 -14"><span class='ocrx_word' id='word_1_103' title='bbox 167 1272 170 1274; x_wconf 72' lang='grc'>’</span> <span class='ocrx_word' id='word_1_104' title='bbox 204 1267 317 1325; x_wconf 87' lang='lat' dir='ltr'>ipsis</span> <span class='ocrx_word' id='word_1_105' title='bbox 337 1268 451 1311; x_wconf 89' lang='lat' dir='ltr'>sciat</span> <span class='ocrx_word' id='word_1_106' title='bbox 472 1269 582 1324; x_wconf 89' lang='lat' dir='ltr'>quid</span> <span class='ocrx_word' id='word_1_107' title='bbox 603 1276 806 1325; x_wconf 87' lang='lat' dir='ltr'>geratur,</span> <span class='ocrx_word' id='word_1_108' title='bbox 830 1268 940 1324; x_wconf 92' lang='lat' dir='ltr'>quid</span> <span class='ocrx_word' id='word_1_109' title='bbox 959 1268 1263 1314; x_wconf 87' lang='lat' dir='ltr'>desideretur.</span> <span class='ocrx_word' id='word_1_110' title='bbox 1457 1266 1462 1269; x_wconf 38' lang='lat'><strong>³</strong></span> 
     </span>
    </p>

    <p class='ocr_par' dir='ltr' id='par_1_6' title="bbox 203 1343 1846 1479">
     <span class='ocr_line' id='line_1_16' title="bbox 294 1343 1846 1402; baseline -0.002 -13"><span class='ocrx_word' id='word_1_111' title='bbox 294 1346 442 1391; x_wconf 88' lang='lat' dir='ltr'>Vocet</span> <span class='ocrx_word' id='word_1_112' title='bbox 463 1345 708 1401; x_wconf 88' lang='lat' dir='ltr'>aliquando</span> <span class='ocrx_word' id='word_1_113' title='bbox 731 1354 777 1389; x_wconf 91' lang='lat' dir='ltr'>et</span> <span class='ocrx_word' id='word_1_114' title='bbox 797 1345 909 1389; x_wconf 91' lang='lat' dir='ltr'>alios</span> <span class='ocrx_word' id='word_1_115' title='bbox 930 1345 1166 1402; x_wconf 85' lang='lat' dir='ltr'>primarios</span> <span class='ocrx_word' id='word_1_116' title='bbox 1189 1347 1350 1390; x_wconf 90' lang='lat' dir='ltr'>Patres</span> <span class='ocrx_word' id='word_1_117' title='bbox 1372 1351 1418 1389; x_wconf 92' lang='lat' dir='ltr'>et</span> <span class='ocrx_word' id='word_1_118' title='bbox 1435 1346 1614 1396; x_wconf 87' lang='lat' dir='ltr'>fratres,</span> <span class='ocrx_word' id='word_1_119' title='bbox 1636 1358 1662 1387; x_wconf 92' lang='lat' dir='ltr'>a</span> <span class='ocrx_word' id='word_1_120' title='bbox 1679 1343 1846 1399; x_wconf 90' lang='lat' dir='ltr'>quibus</span> 
     </span>
     <span class='ocr_line' id='line_1_17' title="bbox 203 1421 767 1479; baseline 0.002 -15"><span class='ocrx_word' id='word_1_121' title='bbox 203 1421 433 1479; x_wconf 88' lang='lat' dir='ltr'>intelligat</span> <span class='ocrx_word' id='word_1_122' title='bbox 455 1422 566 1478; x_wconf 92' lang='lat' dir='ltr'>quid</span> <span class='ocrx_word' id='word_1_123' title='bbox 588 1429 767 1478; x_wconf 89' lang='lat' dir='ltr'>agatur.</span> 
     </span>
    </p>

    <p class='ocr_par' dir='ltr' id='par_1_7' title="bbox 204 1498 1846 1633">
     <span class='ocr_line' id='line_1_18' title="bbox 295 1498 1846 1544; baseline -0.002 -1"><span class='ocrx_word' id='word_1_124' title='bbox 295 1500 476 1544; x_wconf 88' lang='lat' dir='ltr'>Habeat</span> <span class='ocrx_word' id='word_1_125' title='bbox 498 1514 606 1542; x_wconf 91' lang='lat' dir='ltr'>suos</span> <span class='ocrx_word' id='word_1_126' title='bbox 628 1501 913 1544; x_wconf 82' lang='lat' dir='ltr'>consultores</span> <span class='ocrx_word' id='word_1_127' title='bbox 934 1507 980 1544; x_wconf 92' lang='lat' dir='ltr'>et</span> <span class='ocrx_word' id='word_1_128' title='bbox 995 1514 1086 1543; x_wconf 92' lang='lat' dir='ltr'>non</span> <span class='ocrx_word' id='word_1_129' title='bbox 1103 1500 1283 1544; x_wconf 90' lang='lat' dir='ltr'>omittat</span> <span class='ocrx_word' id='word_1_130' title='bbox 1299 1499 1429 1543; x_wconf 84' lang='lat' dir='ltr'>iuxta</span> <span class='ocrx_word' id='word_1_131' title='bbox 1446 1498 1669 1543; x_wconf 88' lang='lat' dir='ltr'>rationem</span> <span class='ocrx_word' id='word_1_132' title='bbox 1687 1498 1846 1543; x_wconf 90' lang='lat' dir='ltr'>Socie-</span> 
     </span>
     <span class='ocr_line' id='line_1_19' title="bbox 204 1574 1576 1633; baseline 0.001 -13"><span class='ocrx_word' id='word_1_133' title='bbox 204 1576 328 1629; x_wconf 86' lang='lat' dir='ltr'>tatis,</span> <span class='ocrx_word' id='word_1_134' title='bbox 352 1591 431 1620; x_wconf 88' lang='lat' dir='ltr'>eos</span> <span class='ocrx_word' id='word_1_135' title='bbox 451 1576 498 1619; x_wconf 93' lang='lat' dir='ltr'>in</span> <span class='ocrx_word' id='word_1_136' title='bbox 522 1591 570 1619; x_wconf 88' lang='lat' dir='ltr'>re</span> <span class='ocrx_word' id='word_1_137' title='bbox 591 1576 725 1633; x_wconf 87' lang='lat' dir='ltr'>graui</span> <span class='ocrx_word' id='word_1_138' title='bbox 753 1577 1006 1621; x_wconf 89' lang='lat' dir='ltr'>consulere.</span> <span class='ocrx_word' id='word_1_139' title='bbox 1573 1574 1576 1575; x_wconf 41' lang='lat'><em>⁷</em></span> 
     </span>
    </p>

    <p class='ocr_par' dir='ltr' id='par_1_8' title="bbox 206 1652 1846 1788">
     <span class='ocr_line' id='line_1_20' title="bbox 295 1652 1846 1710; baseline -0.001 -14"><span class='ocrx_word' id='word_1_140' title='bbox 295 1654 533 1697; x_wconf 83' lang='lat' dir='ltr'>Incumbat</span> <span class='ocrx_word' id='word_1_141' title='bbox 562 1653 609 1696; x_wconf 94' lang='lat' dir='ltr'>in</span> <span class='ocrx_word' id='word_1_142' title='bbox 637 1668 738 1697; x_wconf 87' lang='lat' dir='ltr'>eam</span> <span class='ocrx_word' id='word_1_143' title='bbox 768 1653 1052 1710; x_wconf 89' lang='lat' dir='ltr'>potissimum</span> <span class='ocrx_word' id='word_1_144' title='bbox 1080 1661 1271 1710; x_wconf 87' lang='lat' dir='ltr'>partem,</span> <span class='ocrx_word' id='word_1_145' title='bbox 1296 1653 1335 1698; x_wconf 92' lang='lat' dir='ltr'>si</span> <span class='ocrx_word' id='word_1_146' title='bbox 1366 1668 1503 1709; x_wconf 87' lang='lat' dir='ltr'>quam</span> <span class='ocrx_word' id='word_1_147' title='bbox 1524 1652 1764 1710; x_wconf 85' lang='lat' dir='ltr'>continget</span> <span class='ocrx_word' id='word_1_148' title='bbox 1802 1652 1846 1694; x_wconf 89' lang='lat' dir='ltr'>in</span> 
     </span>
     <span class='ocr_line' id='line_1_21' title="bbox 206 1730 1506 1788; baseline 0 -14"><span class='ocrx_word' id='word_1_149' title='bbox 206 1730 402 1787; x_wconf 88' lang='lat' dir='ltr'>collegio</span> <span class='ocrx_word' id='word_1_150' title='bbox 422 1731 629 1775; x_wconf 86' lang='lat' dir='ltr'>laborare</span> <span class='ocrx_word' id='word_1_151' title='bbox 652 1745 705 1774; x_wconf 89' lang='lat' dir='ltr'>ac</span> <span class='ocrx_word' id='word_1_152' title='bbox 729 1745 865 1787; x_wconf 89' lang='lat' dir='ltr'>egere</span> <span class='ocrx_word' id='word_1_153' title='bbox 889 1730 1046 1775; x_wconf 84' lang='lat' dir='ltr'>maiori</span> <span class='ocrx_word' id='word_1_154' title='bbox 1068 1731 1506 1788; x_wconf 91' lang='lat' dir='ltr'>superintendentia.</span> 
     </span>
    </p>

    <p class='ocr_par' dir='ltr' id='par_1_9' title="bbox 295 1808 1840 1866">
     <span class='ocr_line' id='line_1_22' title="bbox 295 1808 1840 1866; baseline -0.001 -14"><span class='ocrx_word' id='word_1_155' title='bbox 295 1808 346 1852; x_wconf 91' lang='lat' dir='ltr'>Si</span> <span class='ocrx_word' id='word_1_156' title='bbox 367 1808 444 1863; x_wconf 91' lang='lat' dir='ltr'>qui</span> <span class='ocrx_word' id='word_1_157' title='bbox 467 1809 559 1851; x_wconf 92' lang='lat' dir='ltr'>sint</span> <span class='ocrx_word' id='word_1_158' title='bbox 582 1808 744 1852; x_wconf 89' lang='lat' dir='ltr'>tentati</span> <span class='ocrx_word' id='word_1_159' title='bbox 766 1809 839 1852; x_wconf 87' lang='lat' dir='ltr'>vel</span> <span class='ocrx_word' id='word_1_160' title='bbox 856 1808 1062 1864; x_wconf 89' lang='lat' dir='ltr'>inquieti,</span> <span class='ocrx_word' id='word_1_161' title='bbox 1083 1823 1240 1853; x_wconf 88' lang='lat' dir='ltr'>eorum</span> <span class='ocrx_word' id='word_1_162' title='bbox 1256 1808 1499 1866; x_wconf 91' lang='lat' dir='ltr'>specialem</span> <span class='ocrx_word' id='word_1_163' title='bbox 1516 1815 1648 1866; x_wconf 86' lang='lat' dir='ltr'>gerat</span> <span class='ocrx_word' id='word_1_164' title='bbox 1666 1822 1840 1851; x_wconf 90' lang='lat' dir='ltr'>curam.</span> 
     </span>
    </p>

    <p class='ocr_par' dir='ltr' id='par_1_10' title="bbox 206 1884 1847 2096">
     <span class='ocr_line' id='line_1_23' title="bbox 297 1884 1845 1942; baseline -0.001 -14"><span class='ocrx_word' id='word_1_165' title='bbox 297 1884 463 1929; x_wconf 89' lang='lat' dir='ltr'>Videat</span> <span class='ocrx_word' id='word_1_166' title='bbox 485 1893 534 1926; x_wconf 92' lang='lat' dir='ltr'>vt</span> <span class='ocrx_word' id='word_1_167' title='bbox 555 1884 792 1941; x_wconf 86' lang='lat' dir='ltr'>prouideat</span> <span class='ocrx_word' id='word_1_168' title='bbox 813 1885 1207 1942; x_wconf 88' lang='lat' dir='ltr'>superintendens,</span> <span class='ocrx_word' id='word_1_169' title='bbox 1233 1893 1279 1930; x_wconf 92' lang='lat' dir='ltr'>et</span> <span class='ocrx_word' id='word_1_170' title='bbox 1304 1886 1488 1941; x_wconf 89' lang='lat' dir='ltr'>quidem</span> <span class='ocrx_word' id='word_1_171' title='bbox 1515 1885 1761 1942; x_wconf 90' lang='lat' dir='ltr'>diligenter</span> <span class='ocrx_word' id='word_1_172' title='bbox 1792 1899 1845 1927; x_wconf 88' lang='lat' dir='ltr'>ac</span> 
     </span>
     <span class='ocr_line' id='line_1_24' title="bbox 206 1960 1847 2018; baseline 0 -14"><span class='ocrx_word' id='word_1_173' title='bbox 206 1960 398 2012; x_wconf 90' lang='lat' dir='ltr'>solicite,</span> <span class='ocrx_word' id='word_1_174' title='bbox 429 1970 635 2018; x_wconf 55' lang='lat' dir='ltr'>vt„suam</span> <span class='ocrx_word' id='word_1_175' title='bbox 662 1961 1213 2006; x_wconf 84' lang='lat' dir='ltr'>obtineatauthoritatem</span> <span class='ocrx_word' id='word_1_176' title='bbox 1235 1970 1384 2007; x_wconf 89' lang='lat' dir='ltr'>rector</span> <span class='ocrx_word' id='word_1_177' title='bbox 1410 1963 1458 2005; x_wconf 92' lang='lat' dir='ltr'>in</span> <span class='ocrx_word' id='word_1_178' title='bbox 1489 1977 1574 2006; x_wconf 92' lang='lat' dir='ltr'>suo</span> <span class='ocrx_word' id='word_1_179' title='bbox 1611 1962 1765 2006; x_wconf 87' lang='lat' dir='ltr'>officio</span> <span class='ocrx_word' id='word_1_180' title='bbox 1802 1970 1847 2006; x_wconf 94' lang='lat' dir='ltr'>et</span> 
     </span>
     <span class='ocr_line' id='line_1_25' title="bbox 209 2038 1845 2096; baseline 0.001 -16"><span class='ocrx_word' id='word_1_181' title='bbox 209 2039 372 2093; x_wconf 87' lang='lat' dir='ltr'>gradu,</span> <span class='ocrx_word' id='word_1_182' title='bbox 392 2052 510 2080; x_wconf 90' lang='lat' dir='ltr'>neue</span> <span class='ocrx_word' id='word_1_183' title='bbox 528 2038 600 2082; x_wconf 92' lang='lat' dir='ltr'>vel</span> <span class='ocrx_word' id='word_1_184' title='bbox 617 2038 781 2094; x_wconf 91' lang='lat' dir='ltr'>pusillo</span> <span class='ocrx_word' id='word_1_185' title='bbox 798 2039 876 2082; x_wconf 93' lang='lat' dir='ltr'>fiat</span> <span class='ocrx_word' id='word_1_186' title='bbox 891 2039 1043 2082; x_wconf 90' lang='lat' dir='ltr'>animo</span> <span class='ocrx_word' id='word_1_187' title='bbox 1059 2039 1106 2081; x_wconf 91' lang='lat' dir='ltr'>in</span> <span class='ocrx_word' id='word_1_188' title='bbox 1125 2038 1202 2084; x_wconf 81' lang='grc'>164</span> <span class='ocrx_word' id='word_1_189' title='bbox 1217 2040 1567 2096; x_wconf 88' lang='lat' dir='ltr'>gubernatione,</span> <span class='ocrx_word' id='word_1_190' title='bbox 1587 2041 1660 2083; x_wconf 91' lang='lat' dir='ltr'>vel</span> <span class='ocrx_word' id='word_1_191' title='bbox 1677 2039 1845 2082; x_wconf 90' lang='lat' dir='ltr'>subditi</span> 
     </span>
    </p>
   </div>
   <div class='ocr_carea' id='block_1_4' title="bbox 135 2114 1846 2172">
    <p class='ocr_par' dir='ltr' id='par_1_11' title="bbox 135 2114 1846 2172">
     <span class='ocr_line' id='line_1_26' title="bbox 135 2114 1846 2172; baseline 0.001 -16"><span class='ocrx_word' id='word_1_192' title='bbox 135 2147 138 2149; x_wconf 84' lang='lat'>.</span> <span class='ocrx_word' id='word_1_193' title='bbox 209 2114 360 2157; x_wconf 90' lang='lat' dir='ltr'>minus</span> <span class='ocrx_word' id='word_1_194' title='bbox 379 2114 442 2156; x_wconf 90' lang='lat' dir='ltr'>illi</span> <span class='ocrx_word' id='word_1_195' title='bbox 463 2116 784 2170; x_wconf 88' lang='lat' dir='ltr'>obsequentes:</span> <span class='ocrx_word' id='word_1_196' title='bbox 810 2115 1012 2158; x_wconf 88' lang='lat' dir='ltr'>officium</span> <span class='ocrx_word' id='word_1_197' title='bbox 1036 2115 1176 2172; x_wconf 87' lang='lat' dir='ltr'>igitur</span> <span class='ocrx_word' id='word_1_198' title='bbox 1196 2130 1330 2159; x_wconf 92' lang='lat' dir='ltr'>suum</span> <span class='ocrx_word' id='word_1_199' title='bbox 1353 2116 1531 2160; x_wconf 89' lang='lat' dir='ltr'>curabit</span> <span class='ocrx_word' id='word_1_200' title='bbox 1559 2116 1846 2172; x_wconf 89' lang='lat' dir='ltr'>superinten-</span> 
     </span>
    </p>
   </div>
   <div class='ocr_carea' id='block_1_5' title="bbox 0 1567 106 3470">
    <p class='ocr_par' dir='ltr' id='par_1_12' title="bbox 0 1567 106 3470">
     <span class='ocr_line' id='line_1_27' title="bbox 0 1567 106 3470; baseline 0 0"><span class='ocrx_word' id='word_1_201' title='bbox 0 1567 106 3470; x_wconf 95' lang='lat' dir='ltr'> </span> 
     </span>
    </p>
   </div>
   <div class='ocr_carea' id='block_1_6' title="bbox 201 2191 1851 3095">
    <p class='ocr_par' dir='ltr' id='par_1_13' title="bbox 201 2191 1847 2400">
     <span class='ocr_line' id='line_1_28' title="bbox 201 2191 1847 2250; baseline 0 -16"><span class='ocrx_word' id='word_1_202' title='bbox 201 2191 322 2234; x_wconf 87' lang='lat' dir='ltr'>dens</span> <span class='ocrx_word' id='word_1_203' title='bbox 348 2200 397 2234; x_wconf 93' lang='lat' dir='ltr'>vt</span> <span class='ocrx_word' id='word_1_204' title='bbox 423 2200 675 2246; x_wconf 89' lang='lat' dir='ltr'>exequatur</span> <span class='ocrx_word' id='word_1_205' title='bbox 702 2199 850 2236; x_wconf 90' lang='lat' dir='ltr'>rector</span> <span class='ocrx_word' id='word_1_206' title='bbox 882 2193 1016 2248; x_wconf 90' lang='lat' dir='ltr'>pleno</span> <span class='ocrx_word' id='word_1_207' title='bbox 1045 2192 1228 2248; x_wconf 86' lang='lat' dir='ltr'>quidem</span> <span class='ocrx_word' id='word_1_208' title='bbox 1262 2193 1376 2245; x_wconf 90' lang='lat' dir='ltr'>iure,</span> <span class='ocrx_word' id='word_1_209' title='bbox 1417 2194 1499 2238; x_wconf 89' lang='lat' dir='ltr'>sed</span> <span class='ocrx_word' id='word_1_210' title='bbox 1536 2194 1847 2250; x_wconf 89' lang='lat' dir='ltr'>dependenter</span> 
     </span>
     <span class='ocr_line' id='line_1_29' title="bbox 209 2269 1847 2324; baseline 0 -14"><span class='ocrx_word' id='word_1_211' title='bbox 209 2275 376 2319; x_wconf 91' lang='lat' dir='ltr'>tamen,</span> <span class='ocrx_word' id='word_1_212' title='bbox 402 2269 788 2323; x_wconf 89' lang='lat' dir='ltr'>quemadmodum</span> <span class='ocrx_word' id='word_1_213' title='bbox 810 2276 856 2313; x_wconf 88' lang='lat' dir='ltr'>et</span> <span class='ocrx_word' id='word_1_214' title='bbox 875 2269 1046 2312; x_wconf 91' lang='lat' dir='ltr'>dictum</span> <span class='ocrx_word' id='word_1_215' title='bbox 1070 2270 1295 2314; x_wconf 89' lang='lat' dir='ltr'>hactenus</span> <span class='ocrx_word' id='word_1_216' title='bbox 1315 2277 1402 2324; x_wconf 90' lang='lat' dir='ltr'>est,</span> <span class='ocrx_word' id='word_1_217' title='bbox 1427 2277 1474 2314; x_wconf 92' lang='lat' dir='ltr'>et</span> <span class='ocrx_word' id='word_1_218' title='bbox 1495 2270 1648 2313; x_wconf 89' lang='lat' dir='ltr'>statim</span> <span class='ocrx_word' id='word_1_219' title='bbox 1672 2270 1847 2312; x_wconf 82' lang='lat' dir='ltr'>dicetur</span> 
     </span>
     <span class='ocr_line' id='line_1_30' title="bbox 210 2343 1069 2400; baseline 0.006 -15"><span class='ocrx_word' id='word_1_220' title='bbox 210 2343 257 2386; x_wconf 87' lang='lat' dir='ltr'>in</span> <span class='ocrx_word' id='word_1_221' title='bbox 278 2345 547 2400; x_wconf 88' lang='lat' dir='ltr'>compendio</span> <span class='ocrx_word' id='word_1_222' title='bbox 570 2359 679 2388; x_wconf 90' lang='lat' dir='ltr'>vsus</span> <span class='ocrx_word' id='word_1_223' title='bbox 700 2345 839 2388; x_wconf 87' lang='lat' dir='ltr'>officii</span> <span class='ocrx_word' id='word_1_224' title='bbox 861 2345 1069 2391; x_wconf 81' lang='lat' dir='ltr'>rectoriS.</span> 
     </span>
    </p>

    <p class='ocr_par' dir='ltr' id='par_1_14' title="bbox 203 2420 1851 3095">
     <span class='ocr_line' id='line_1_31' title="bbox 297 2420 1846 2480; baseline 0 -17"><span class='ocrx_word' id='word_1_225' title='bbox 297 2420 551 2464; x_wconf 88' lang='lat' dir='ltr'>Discrimen</span> <span class='ocrx_word' id='word_1_226' title='bbox 573 2421 778 2474; x_wconf 90' lang='lat' dir='ltr'>rectoris,</span> <span class='ocrx_word' id='word_1_227' title='bbox 805 2422 880 2464; x_wconf 81' lang='lat' dir='ltr'>vbi</span> <span class='ocrx_word' id='word_1_228' title='bbox 901 2430 970 2467; x_wconf 91' lang='lat' dir='ltr'>est</span> <span class='ocrx_word' id='word_1_229' title='bbox 992 2422 1038 2465; x_wconf 93' lang='lat' dir='ltr'>in</span> <span class='ocrx_word' id='word_1_230' title='bbox 1060 2423 1255 2480; x_wconf 88' lang='lat' dir='ltr'>collegio</span> <span class='ocrx_word' id='word_1_231' title='bbox 1275 2423 1674 2480; x_wconf 88' lang='lat' dir='ltr'>superintendens,</span> <span class='ocrx_word' id='word_1_232' title='bbox 1701 2430 1747 2467; x_wconf 89' lang='lat' dir='ltr'>et</span> <span class='ocrx_word' id='word_1_233' title='bbox 1766 2422 1846 2464; x_wconf 92' lang='lat' dir='ltr'>mi-</span> 
     </span>
     <span class='ocr_line' id='line_1_32' title="bbox 207 2496 1846 2556; baseline 0.001 -17"><span class='ocrx_word' id='word_1_234' title='bbox 207 2496 356 2549; x_wconf 90' lang='lat' dir='ltr'>nistri,</span> <span class='ocrx_word' id='word_1_235' title='bbox 381 2497 457 2539; x_wconf 89' lang='lat' dir='ltr'>vbi</span> <span class='ocrx_word' id='word_1_236' title='bbox 479 2513 571 2541; x_wconf 90' lang='lat' dir='ltr'>non</span> <span class='ocrx_word' id='word_1_237' title='bbox 592 2505 662 2541; x_wconf 92' lang='lat' dir='ltr'>est</span> <span class='ocrx_word' id='word_1_238' title='bbox 682 2498 1076 2555; x_wconf 90' lang='lat' dir='ltr'>superintendens,</span> <span class='ocrx_word' id='word_1_239' title='bbox 1096 2500 1162 2543; x_wconf 88' lang='lat' dir='ltr'>sic</span> <span class='ocrx_word' id='word_1_240' title='bbox 1178 2500 1322 2556; x_wconf 91' lang='lat' dir='ltr'>accipi</span> <span class='ocrx_word' id='word_1_241' title='bbox 1339 2508 1503 2556; x_wconf 90' lang='lat' dir='ltr'>potest.</span> <span class='ocrx_word' id='word_1_242' title='bbox 1527 2502 1694 2544; x_wconf 87' lang='lat' dir='ltr'>Rector</span> <span class='ocrx_word' id='word_1_243' title='bbox 1714 2514 1846 2542; x_wconf 87' lang='lat' dir='ltr'>suum</span> 
     </span>
     <span class='ocr_line' id='line_1_33' title="bbox 209 2574 1846 2632; baseline 0.001 -16"><span class='ocrx_word' id='word_1_244' title='bbox 209 2574 398 2617; x_wconf 84' lang='lat' dir='ltr'>habebit</span> <span class='ocrx_word' id='word_1_245' title='bbox 418 2574 636 2627; x_wconf 90' lang='lat' dir='ltr'>officium,</span> <span class='ocrx_word' id='word_1_246' title='bbox 662 2589 752 2631; x_wconf 91' lang='lat' dir='ltr'>quo</span> <span class='ocrx_word' id='word_1_247' title='bbox 774 2575 838 2618; x_wconf 91' lang='lat' dir='ltr'>vti</span> <span class='ocrx_word' id='word_1_248' title='bbox 865 2576 1019 2629; x_wconf 91' lang='lat' dir='ltr'>debet,</span> <span class='ocrx_word' id='word_1_249' title='bbox 1049 2578 1171 2632; x_wconf 91' lang='lat' dir='ltr'>quod</span> <span class='ocrx_word' id='word_1_250' title='bbox 1197 2577 1437 2620; x_wconf 86' lang='lat' dir='ltr'>immutare</span> <span class='ocrx_word' id='word_1_251' title='bbox 1466 2591 1556 2619; x_wconf 93' lang='lat' dir='ltr'>non</span> <span class='ocrx_word' id='word_1_252' title='bbox 1586 2583 1735 2632; x_wconf 88' lang='lat' dir='ltr'>potest</span> <span class='ocrx_word' id='word_1_253' title='bbox 1769 2591 1846 2618; x_wconf 90' lang='lat' dir='ltr'>su-</span> 
     </span>
     <span class='ocr_line' id='line_1_34' title="bbox 211 2650 1849 2709; baseline 0 -15"><span class='ocrx_word' id='word_1_254' title='bbox 211 2650 548 2706; x_wconf 88' lang='lat' dir='ltr'>perintendens,</span> <span class='ocrx_word' id='word_1_255' title='bbox 573 2653 653 2695; x_wconf 89' lang='lat' dir='ltr'>sed</span> <span class='ocrx_word' id='word_1_256' title='bbox 674 2652 825 2708; x_wconf 90' lang='lat' dir='ltr'>potius</span> <span class='ocrx_word' id='word_1_257' title='bbox 846 2667 938 2708; x_wconf 91' lang='lat' dir='ltr'>quo</span> <span class='ocrx_word' id='word_1_258' title='bbox 962 2660 1010 2697; x_wconf 88' lang='lat' dir='ltr'>vt</span> <span class='ocrx_word' id='word_1_259' title='bbox 1033 2661 1184 2696; x_wconf 85' lang='lat' dir='ltr'>vtatur</span> <span class='ocrx_word' id='word_1_260' title='bbox 1212 2661 1366 2698; x_wconf 89' lang='lat' dir='ltr'>rector</span> <span class='ocrx_word' id='word_1_261' title='bbox 1394 2654 1530 2697; x_wconf 89' lang='lat' dir='ltr'>debet</span> <span class='ocrx_word' id='word_1_262' title='bbox 1559 2652 1849 2709; x_wconf 89' lang='lat' dir='ltr'>superinten-</span> 
     </span>
     <span class='ocr_line' id='line_1_35' title="bbox 203 2728 1847 2785; baseline 0.002 -16"><span class='ocrx_word' id='word_1_263' title='bbox 203 2728 332 2772; x_wconf 85' lang='lat' dir='ltr'>dere.</span> <span class='ocrx_word' id='word_1_264' title='bbox 358 2729 513 2783; x_wconf 86' lang='lat' dir='ltr'>Itaque</span> <span class='ocrx_word' id='word_1_265' title='bbox 536 2730 658 2784; x_wconf 90' lang='lat' dir='ltr'>quod</span> <span class='ocrx_word' id='word_1_266' title='bbox 679 2729 881 2773; x_wconf 87' lang='lat' dir='ltr'>officium</span> <span class='ocrx_word' id='word_1_267' title='bbox 902 2732 1068 2774; x_wconf 89' lang='lat' dir='ltr'>habeat</span> <span class='ocrx_word' id='word_1_268' title='bbox 1090 2739 1237 2775; x_wconf 89' lang='lat' dir='ltr'>rector</span> <span class='ocrx_word' id='word_1_269' title='bbox 1259 2731 1304 2773; x_wconf 93' lang='lat' dir='ltr'>id</span> <span class='ocrx_word' id='word_1_270' title='bbox 1323 2746 1413 2774; x_wconf 91' lang='lat' dir='ltr'>non</span> <span class='ocrx_word' id='word_1_271' title='bbox 1431 2730 1539 2773; x_wconf 87' lang='lat' dir='ltr'>facit</span> <span class='ocrx_word' id='word_1_272' title='bbox 1557 2729 1847 2785; x_wconf 85' lang='lat' dir='ltr'>superinten—</span> 
     </span>
     <span class='ocr_line' id='line_1_36' title="bbox 211 2803 1846 2861; baseline 0 -15"><span class='ocrx_word' id='word_1_273' title='bbox 211 2803 342 2856; x_wconf 89' lang='lat' dir='ltr'>dens,</span> <span class='ocrx_word' id='word_1_274' title='bbox 366 2805 446 2848; x_wconf 89' lang='lat' dir='ltr'>sed</span> <span class='ocrx_word' id='word_1_275' title='bbox 476 2806 859 2859; x_wconf 90' lang='lat' dir='ltr'>quemadmodum</span> <span class='ocrx_word' id='word_1_276' title='bbox 888 2806 1091 2849; x_wconf 89' lang='lat' dir='ltr'>officium</span> <span class='ocrx_word' id='word_1_277' title='bbox 1118 2821 1253 2850; x_wconf 92' lang='lat' dir='ltr'>suum</span> <span class='ocrx_word' id='word_1_278' title='bbox 1281 2814 1533 2861; x_wconf 86' lang='lat' dir='ltr'>exequatur</span> <span class='ocrx_word' id='word_1_279' title='bbox 1563 2804 1846 2861; x_wconf 84' lang='lat' dir='ltr'>praescribit,</span> 
     </span>
     <span class='ocr_line' id='line_1_37' title="bbox 212 2879 1850 2939; baseline 0 -17"><span class='ocrx_word' id='word_1_280' title='bbox 212 2879 299 2923; x_wconf 89' lang='lat' dir='ltr'>nisi</span> <span class='ocrx_word' id='word_1_281' title='bbox 319 2881 442 2936; x_wconf 91' lang='lat' dir='ltr'>quod</span> <span class='ocrx_word' id='word_1_282' title='bbox 462 2881 548 2923; x_wconf 91' lang='lat' dir='ltr'>sibi</span> <span class='ocrx_word' id='word_1_283' title='bbox 569 2881 721 2936; x_wconf 89' lang='lat' dir='ltr'>aliqua</span> <span class='ocrx_word' id='word_1_284' title='bbox 741 2890 946 2926; x_wconf 88' lang='lat' dir='ltr'>reseruat</span> <span class='ocrx_word' id='word_1_285' title='bbox 963 2883 1206 2936; x_wconf 90' lang='lat' dir='ltr'>ordinarie,</span> <span class='ocrx_word' id='word_1_286' title='bbox 1227 2883 1376 2939; x_wconf 84' lang='lat' dir='ltr'>aliqua</span> <span class='ocrx_word' id='word_1_287' title='bbox 1393 2881 1764 2925; x_wconf 79' lang='lat' dir='ltr'>extraordinarie.</span> <span class='ocrx_word' id='word_1_288' title='bbox 1786 2882 1850 2923; x_wconf 77' lang='lat' dir='ltr'>At</span> 
     </span>
     <span class='ocr_line' id='line_1_38' title="bbox 208 2955 1847 3014; baseline 0.001 -16"><span class='ocrx_word' id='word_1_289' title='bbox 208 2955 419 3000; x_wconf 64' lang='lat' dir='ltr'>minister⁴</span> <span class='ocrx_word' id='word_1_290' title='bbox 430 2958 605 3001; x_wconf 87' lang='lat' dir='ltr'>nullum</span> <span class='ocrx_word' id='word_1_291' title='bbox 630 2959 723 3003; x_wconf 87' lang='lat' dir='ltr'>fere</span> <span class='ocrx_word' id='word_1_292' title='bbox 743 2958 881 3003; x_wconf 89' lang='lat' dir='ltr'>habet</span> <span class='ocrx_word' id='word_1_293' title='bbox 904 2959 1120 3011; x_wconf 86' lang='lat' dir='ltr'>officium,</span> <span class='ocrx_word' id='word_1_294' title='bbox 1142 2961 1264 3014; x_wconf 89' lang='lat' dir='ltr'>quod</span> <span class='ocrx_word' id='word_1_295' title='bbox 1281 2974 1366 3002; x_wconf 88' lang='lat' dir='ltr'>suo</span> <span class='ocrx_word' id='word_1_296' title='bbox 1385 2959 1483 3002; x_wconf 91' lang='lat' dir='ltr'>iure</span> <span class='ocrx_word' id='word_1_297' title='bbox 1505 2965 1650 3014; x_wconf 85' lang='lat' dir='ltr'>gerat,</span> <span class='ocrx_word' id='word_1_298' title='bbox 1673 2965 1847 3000; x_wconf 89' lang='lat' dir='ltr'>tantum</span> 
     </span>
     <span class='ocr_line' id='line_1_39' title="bbox 209 3034 1851 3095; baseline 0.001 -20"><span class='ocrx_word' id='word_1_299' title='bbox 209 3040 283 3075; x_wconf 85' lang='lat' dir='ltr'>est</span> <span class='ocrx_word' id='word_1_300' title='bbox 309 3047 531 3089; x_wconf 85' lang='lat' dir='ltr'>organum</span> <span class='ocrx_word' id='word_1_301' title='bbox 561 3034 748 3078; x_wconf 86' lang='lat' dir='ltr'>rectoris</span> <span class='ocrx_word' id='word_1_302' title='bbox 769 3042 824 3095; x_wconf 27' lang='lat' dir='ltr'>,et</span> <span class='ocrx_word' id='word_1_303' title='bbox 852 3036 1136 3080; x_wconf 85' lang='lat' dir='ltr'>executionis</span> <span class='ocrx_word' id='word_1_304' title='bbox 1165 3036 1239 3080; x_wconf 82' lang='grc'>165</span> <span class='ocrx_word' id='word_1_305' title='bbox 1273 3035 1411 3086; x_wconf 79' lang='lat' dir='ltr'>officii</span> <span class='ocrx_word' id='word_1_306' title='bbox 1449 3034 1640 3078; x_wconf 88' lang='lat' dir='ltr'>rectoris</span> <span class='ocrx_word' id='word_1_307' title='bbox 1679 3034 1851 3076; x_wconf 90' lang='lat' dir='ltr'>instru-</span> 
     </span>
    </p>
   </div>
  </div>
 </body>
</html>
