2098 3470
820 218 1251 258 &sanctiones—61
1735 217 1806 264 573

217 331 287 368 est
322 323 410 367 alia
437 323 585 367 media
607 324 719 367 hora
746 321 1037 379 quotidianae
1072 320 1289 365 orationis
1317 319 1599 377 praescripto
1626 328 1850 378 ternpore,

217 399 599 455 quemadmodum
621 400 810 444 concedi
830 406 880 442 vt
901 399 1206 442 confiteantur
1221 395 1298 456 [et]
1315 406 1333 423 ²
1354 397 1693 442 communicent
1710 399 1851 442 semel

216 476 336 520 intra
355 477 702 520 hebdomadam.
733 476 828 521 Alii
862 476 926 530 id,
965 476 1089 532 quod
1125 474 1352 518 ordinarie
1389 482 1460 518 est
1495 475 1845 531 praescriptum,

216 560 479 608 sequantur.
501 553 593 598 Sed
614 553 1068 597 animaduertendum
1089 559 1159 596 est
1181 552 1281 596 illos
1304 553 1421 595 duos
1451 553 1594 595 horae
1620 552 1850 607 quadran-

216 637 302 682 tes,
326 629 404 685 qui
425 630 712 674 examinibus
734 630 1131 683 tribuuntur,.non
1152 643 1343 673 necesse
1365 644 1483 682 esse,
1509 636 1629 671 totos
1651 629 1845 672 examini

213 706 328 760 dari;
351 707 448 759 sed,
473 708 595 750 facto
617 707 864 752 sufficienti
884 706 1107 759 examine,
1132 706 1171 749 si
1192 706 1302 762 quid
1322 705 1519 763 supersit
1543 706 1774 762 temporis,
1800 706 1846 749 id

212 783 344 827 alteri
363 783 556 827 orationi
578 784 778 841 impendi
794 791 959 841 potest,
978 783 1243 840 praesertim
1266 783 1285 808 ¹³
1306 783 1352 826 in
1377 791 1503 826 tanta
1520 783 1848 827 exercitatione

212 867 260 905 et
280 860 535 916 frequentia
557 861 869 906 examinandi..
882 861 1019 905 Dedit
1044 868 1205 918 postea
1225 861 1429 904 secunda
1444 861 1744 917 congregatio
1760 875 1842 917 ge-

210 937 376 980 neralis
397 938 659 982 facultatem
687 919 896 995 generali.
916 938 1176 995 praeposito
1197 937 1399 995 augendi
1425 939 1513 981 hoc
1542 945 1738 993 tempus;
1765 938 1847 980 ad—

209 1013 325 1056 didit
345 1014 408 1065 illi
429 1015 662 1058 dimidiam
687 1017 846 1059 horam
875 1018 903 1059 ¹.

232 1107 238 1125 ³
296 1095 380 1138 55³
410 1091 572 1135 Oratio
593 1091 651 1134 sit
678 1093 849 1136 vocalis
876 1100 956 1136 aut
983 1092 1209 1143 mentalis,
1241 1099 1376 1148 prout
1414 1091 1844 1148 superintendentes

206 1166 307 1211 eius
333 1167 481 1223 magis
506 1169 751 1213 conuenire
788 1169 983 1214 viderint
1006 1168 1254 1224 unicuique
1290 1168 1610 1226 particulatim.
1643 1170 1781 1224 Quod
1803 1169 1841 1212 si

207 1243 379 1288 vocalis
399 1245 553 1298 fuerit,
577 1245 636 1288 sit
669 1245 898 1291 ordinarie
918 1247 977 1291 de
997 1246 1125 1290 horis
1147 1248 1201 1289 B.
1227 1245 1450 1303 Virginis;
1481 1246 1520 1290 si
1542 1253 1695 1290 autem
1718 1246 1815 1289 ordi
1829 1272 1843 1278 -

206 1320 334 1365 narie
355 1335 447 1364 non
468 1322 527 1365 sit
548 1322 734 1375 vocalis,
759 1324 838 1366 fiat
861 1330 1011 1367 tamen
1028 1323 1230 1380 quotidie
1252 1323 1403 1379 aliqua
1424 1323 1595 1366 vocalis
1616 1323 1780 1370 oratio.

295 1399 523 1441 Horarum
547 1400 599 1443 B.
627 1399 832 1456 Virginis
867 1415 973 1456 pars
1005 1400 1173 1457 poterit
1194 1400 1283 1443 dici
1321 1400 1367 1442 in
1390 1399 1543 1454 missa,
1574 1401 1840 1456 praesertim

205 1474 283 1517 vbi
302 1489 395 1518 non
417 1475 603 1518 auditur
624 1476 762 1519 missa
783 1492 839 1520 ex
856 1484 1100 1534 praecept)
1116 1477 1353 1530 ecclesiae,
1372 1485 1419 1521 et
1435 1478 1649 1522 sacerdos
1665 1486 1843 1522 secrete

204 1558 320 1604 orat;
346 1541 463 1608 quae
485 1567 595 1596 vero
616 1553 708 1595 alta
744 1567 857 1597 voce
878 1555 935 1596 ab
954 1538 1017 1597 ¹eo
1052 1554 1284 1609 dicuntur,
1325 1569 1380 1598 ea
1401 1562 1576 1599 attente
1598 1569 1651 1598 ac
1673 1556 1844 1599 deuote

205 1626 364 1672 audire
380 1635 577 1684 oportet.

290 1703 388 1747 Erit
408 1704 517 1750 vtile
536 1705 582 1748 in
604 1705 762 1762 primis
784 1720 875 1761 quo
895 1706 1130 1750 collectius
1151 1721 1205 1751 ac
1225 1707 1437 1752 deuotius
1464 1722 1662 1760 oremus,
1699 1708 1839 1751 maio-

201 1780 328 1836 rique
347 1795 452 1824 cum
476 1782 644 1830 fructu,
669 1782 707 1825 si
729 1783 1092 1839 praeparationes
1107 1784 1471 1840 praemittantur,
1493 1799 1607 1840 quas
1624 1785 1838 1829 exercitia

198 1858 515 1913 praescribunt
536 1858 583 1901 in
601 1859 972 1902 annotationibus
988 1852 1159 1916 primae
1174 1862 1503 1915 hebdomadae,
1524 1869 1619 1905 tum
1638 1862 1838 1919 vesperi,

200 1941 296 1977 tum
318 1949 469 1989 mane,
495 1942 590 1978 tum
614 1937 750 1993 paulo
772 1944 879 1981 ante
901 1937 1170 1981 orationem.

285 2011 481 2055 Fructus
502 2012 746 2069 spiritualis
767 2013 909 2069 accipi
929 2021 1076 2070 potest
1092 2029 1150 2059 ex
1168 2014 1237 2067 iis,
1258 2030 1374 2070 quae
1391 2015 1438 2058 in
1459 2017 1735 2060 lectionibus
1751 2021 1837 2064 554

195 2096 242 2130 et
262 2088 564 2132 concionibus
583 2089 847 2143 audiuntur,
872 2091 944 2135 vel
966 2089 1014 2132 in
1035 2092 1289 2144 refectorio,
1314 2093 1387 2137 vel
1408 2092 1455 2135 in
1477 2094 1685 2146 ecclesia;
1718 2102 1836 2138 tem-

195 2178 284 2219 pus
309 2165 445 2209 etiam
466 2166 647 2209 dabitur
668 2166 894 2221 omnibus,
920 2169 1042 2222 quod
1063 2168 1172 2212 satis
1193 2169 1267 2223 sit,
1294 2157 1464 2215 vt'sese
1486 2170 1705 2227 colligant
1728 2179 1835 2215 ante

195 2241 526 2286 confessionem
545 2242 708 2287 diebus
728 2244 919 2287 sabbati.
944 2244 1119 2288 Diebus
1141 2260 1249 2289 vero
1269 2246 1509 2290 dominicis
1532 2249 1829 2303 quadrantem

194 2331 336 2360 vnum
354 2320 492 2362 horae
508 2320 742 2362 habebunt
759 2323 921 2364 tratres
937 2328 1041 2364 ante
1060 2321 1258 2375 missam,
1278 2322 1325 2365 in
1343 2338 1433 2379 qua
1449 2332 1557 2367 sunt
1579 2325 1808 2367 communi

195 2394 357 2448 caturi,
387 2403 433 2439 et
465 2396 655 2439 alterum
689 2404 789 2453 post
822 2405 1057 2454 acceptam
1090 2399 1472 2454 communionem;
1498 2411 1543 2445 et
1565 2404 1687 2444 hunc
1721 2416 1834 2456 qua-

193 2470 399 2515 drantem
422 2480 499 2514 2.¹¹¹
521 2473 775 2529 transigent
796 2473 929 2517 simul
952 2475 1111 2519 eodem
1134 2475 1180 2518 in
1202 2476 1318 2529 loco,
1344 2477 1421 2520 vbi
1438 2479 1832 2529 communicarint.

263 2654 282 2671 ²
306 2642 458 2681 omiss.
482 2645 522 2680 in
540 2656 613 2680 ms.
665 2647 735 2673 —b
761 2647 875 2692 Quae
890 2647 1147 2695 praecedunt,
1161 2649 1267 2696 prius
1284 2649 1339 2686 ita
1354 2651 1391 2686 in
1414 2650 1510 2686 Cod.
1536 2652 1659 2686 Vatic.
1679 2662 1697 2695 3
1712 2652 1830 2687 habe-

190 2703 299 2741 bant:
317 2715 441 2749 neque
454 2705 562 2740 enim
577 2708 684 2741 totus
697 2706 906 2751 quadrans
919 2707 1103 2742 examini
1118 2711 1176 2744 est
1193 2711 1368 2751 dandus,
1385 2711 1466 2745 nisi
1481 2715 1536 2757 pa
1544 2711 1599 2744 rii
1616 2710 1834 2754 examinis,

190 2773 292 2807 quae
316 2762 559 2809 gratiarum
582 2765 749 2806 actioni,
769 2764 831 2800 vel
860 2765 1056 2810 orationi,
1075 2767 1138 2803 vel
1166 2769 1289 2803 etiam
1316 2769 1589 2815 poenitentiae
1616 2770 1831 2816 indulgere

190 2820 285 2867 quis
301 2821 398 2857 velit
411 2822 629 2868 prolixius.

262 2972 273 2992 ¹
327 2969 426 3006 Vide
445 2982 575 3018 supra,
597 2983 686 3020 pag.
706 2982 793 3020 250,
811 2980 946 3012 annot.
968 2983 1001 3022 13
1021 2982 1061 3011 et
1080 2977 1284 3021 Asnam,
1304 2979 1383 3023 lpc.
1402 2978 1485 3023 cit.‚
1502 2979 1577 3014 vol.
1598 2978 1648 3023 11,
1668 2978 1735 3014 lib.
1755 2979 1830 3023 111,

191 3039 278 3076 cap.
293 3029 340 3075 11,
358 3040 395 3066 n.
416 3038 453 3065 11
464 3060 472 3076 ‚
488 3030 555 3066 ubi
569 3031 619 3067 de
634 3031 767 3068 orandi
786 3033 935 3069 ratione
948 3046 971 3069 a
985 3034 1183 3072 Societate
1202 3042 1384 3083 usurpata
1399 3037 1594 3083 praeclare
1609 3036 1829 3074 disseritur.
