2098 3470
488 269 765 306 Monuuznm
791 267 1049 305 Geminum
1073 263 1417 310 SUPERIORIS-34
1655 264 1724 311 235

134 379 300 418 tractet
326 371 453 415 illum
480 369 842 419 familiarissime:
866 369 943 415 ille
968 375 1039 412 est
1063 366 1293 425 pollicitus
1319 381 1372 411 se
1398 381 1558 411 omnes
1586 367 1773 424 regulas

133 450 486 494 obseruaturum
511 450 543 494 ¹.

223 525 520 590 Significetur
541 523 837 576 confessario,
861 522 900 567 si
922 522 1024 580 quis
1054 521 1103 564 in
1134 521 1336 566 externis
1367 528 1505 574 erret,
1542 535 1679 577 quam
1710 521 1769 565 sit

133 617 292 660 graue.

218 679 431 724 Monachi
453 680 564 723 dent
588 678 720 722 nobis
743 675 1050 722 testimonium
1072 691 1157 720 nos
1178 690 1271 720 non
1289 675 1434 721 teneri
1450 677 1508 720 ad
1524 675 1771 719 conciones

129 755 411 814 vespertinas
432 757 467 799 ¹.

218 834 432 878 Matheus
451 832 654 878 breuiter
674 832 884 876 absoluat
905 840 988 875 sua
1009 830 1243 876 exercitia.

218 911 271 954 P.
295 909 565 953 Dominicus
585 908 779 952 subinde
795 909 964 952 habeat
985 907 1324 952 exhortationes
1346 907 1404 950 ad
1427 905 1642 950 nouitios.

215 987 265 1030 In
298 1001 455 1030 mensa
486 985 763 1029 nouitiorum
796 1000 888 1028 non
924 986 1106 1042 legatur
1138 991 1273 1028 uetus
1306 990 1647 1037 testamentum,
1683 984 1765 1027 sed

128 1063 280 1108 facilia
301 1071 347 1108 et
369 1062 616 1119 spiritualia
639 1063 877 1114 duntaxat,
901 1069 948 1104 et
970 1076 1110 1104 vnum
1132 1069 1271 1118 caput
1292 1060 1403 1104 noui
1425 1059 1703 1105 testamenti.

123 1138 125 1141 ⁴
216 1143 270 1186 P.
288 1142 491 1199 Joannes
512 1139 691 1196 ingredi
713 1139 881 1196 poterit
902 1139 1118 1182 culinam.

211 1217 411 1274 Quando
432 1216 575 1260 nostri
596 1216 728 1259 ibunt
749 1217 806 1259 ad
827 1216 1009 1272 aliquod
1032 1215 1278 1273 collegium
1299 1229 1350 1259 se
1371 1213 1643 1267 recreatum,
1669 1230 1761 1258 non

122 1301 194 1340 est
212 1294 527 1351 equitandum,
551 1294 787 1337 habebunt
807 1292 942 1336 etiam
964 1293 1138 1348 aliquas
1160 1292 1394 1349 pecunias;
1425 1292 1513 1335 nisi
1540 1293 1657 1336 adeo
1680 1293 1762 1336 de-

122 1371 237 1415 biles
258 1371 365 1424 sint,
389 1378 440 1413 vt
461 1370 655 1427 pedibus
675 1370 909 1413 ambulare
930 1385 1023 1413 non
1044 1369 1236 1426 possint.

209 1448 466 1504 Diligenter
486 1454 617 1491 curet
638 1454 803 1499 rector,
829 1454 879 1489 vt
906 1446 1132 1504 intelligat
1160 1447 1218 1491 de
1239 1454 1369 1503 patre
1391 1449 1454 1490 M.
1481 1445 1673 1503 Georgii
1701 1460 1759 1489 an

120 1533 274 1583 egeat,
297 1524 412 1572 etin
429 1539 523 1580 quo
540 1531 662 1568 statu
680 1524 771 1567 sint
786 1523 886 1569 eius
902 1525 1162 1579 facultates,
1188 1532 1234 1569 et
1255 1539 1337 1580 per
1359 1539 1410 1569 se
1429 1525 1501 1568 uel
1519 1539 1601 1580 per
1618 1537 1759 1579 quos-

118 1590 315 1659 cumque
336 1609 464 1646 curet
485 1608 536 1644 vt
557 1601 742 1646 iuuetur
764 1616 789 1645 a
812 1600 1032 1658 principe3
1058 1609 1105 1646 et
1126 1601 1235 1657 quid
1258 1603 1347 1646 hac
1370 1601 1416 1644 in
1440 1616 1490 1646 re
1511 1601 1630 1644 effici
1650 1614 1756 1658 pos-

120 1679 196 1733 sit,
220 1679 390 1723 seribat
410 1679 468 1723 ad
490 1694 579 1723 me.

205 1756 388 1813 Singuli
408 1756 668 1801 sacerdotes
689 1756 830 1800 semel
851 1755 899 1798 in
921 1757 1206 1801 hebdomade
1226 1757 1386 1814 legant
1409 1771 1550 1799 vnum
1574 1768 1755 1800 sacrum

117 1847 201 1892 pro
223 1835 278 1878 R.
305 1835 361 1878 P.
386 1832 554 1885 Natali,
579 1833 741 1876 fratres
763 1847 874 1877 uero
896 1834 953 1876 de
974 1848 1109 1877 more
1122 1835 1334 1877 orabunt.

208 1911 321 1956 Item
346 1909 549 1966 quotidie
570 1909 618 1953 in
645 1909 741 1953 suis
771 1909 1056 1953 orationibus
1083 1910 1288 1954 eiusder'n
1318 1918 1364 1955 et
1393 1910 1534 1954 totius
1561 1912 1756 1954 Germa-

46 2045 51 2048 ,
116 1988 220 2033 niae
241 1987 502 2034 memoriam
526 1987 711 2033 faciant.

202 2067 386 2123 Agatur
406 2079 511 2108 cum
529 2058 798 2121 praepositis
819 2064 1075 2120 hospitalis,
1095 2072 1145 2107 vt
1163 2065 1305 2109 nostri
1324 2066 1485 2109 fratres
1507 2065 1756 2121 aliquando

55 2147 57 2149 ’
112 2141 177 2186 ibi
196 2124 530 2187 concionentur
551 2156 632 2198 pro
653 2141 967 2184 consolatione
988 2141 1290 2195 infirmorum,
1315 2143 1578 2187 concionari
1597 2151 1752 2188 autem

114 2227 330 2277 poterunt
350 2219 513 2264 fratres
533 2227 580 2263 et
603 2221 781 2263 Patres.
1153 2274 1158 2280 ι
1405 2228 1407 2230 ’

199 2297 323 2342 Idem
344 2303 532 2340 curetur
553 2296 676 2352 apud
697 2296 1008 2352 praepositum
1031 2297 1244 2342 carceris.

199 2373 391 2418 Materia
412 2373 606 2430 magica,
627 2387 744 2430 quae
772 2380 842 2417 est
870 2373 917 2416 in
945 2374 1159 2418 cubiculo
1182 2377 1236 2418 P.
1268 2375 1527 2420 Schorichii
1557 2377 1590 2428 ⁵,
1624 2389 1749 2419 com-

111 2451 323 2503 burana,
347 2465 451 2494 nam
475 2465 660 2495 seruare
681 2449 903 2495 eiusmodi
925 2465 1016 2494 non
1039 2466 1298 2508 possumus.

71 2519 73 2521 ¹
197 2526 425 2584 Intelligat
456 2527 639 2583 quando
676 2527 847 2570 domini
883 2528 1215 2584 Ingolstadium
1247 2530 1498 2586 profecturi
1531 2537 1661 2581 sunt,
1699 2536 1748 2571 vt

70 2691 74 2714 7
180 2662 193 2684 ¹
242 2663 288 2698 P.
307 2662 498 2698 Martinus
516 2661 800 2698 Stevordianus
818 2663 1106 2700 concionatoris
1124 2676 1287 2701 munere
1305 2665 1559 2711 fungebatur.
1582 2664 1641 2700 Ad
1664 2676 1746 2700 rem

67 2723 92 2757 3³·
109 2726 256 2768 antem,
274 2721 338 2757 hic
355 2733 377 2756 a
394 2720 525 2756 Natali
542 2721 870 2766 commendatam,
886 2722 1183 2769 intelligendam
1198 2724 1361 2773 faciunt,
1376 2736 1476 2771 quae
1495 2725 1578 2770 ipse
1597 2724 1748 2759 Natalis

108 2780 230 2817 refert
247 2780 287 2816 in
304 2780 482 2827 epistolis
500 2779 549 2816 ad
567 2780 750 2827 Borgiam
766 2781 909 2817 diebus
927 2781 974 2817 23
992 2782 1122 2818 Martii
1139 2789 1179 2819 et
1198 2792 1242 2827 27
1270 2784 1417 2830 Aprilis
1434 2783 1549 2829 datis,
1573 2784 1649 2818 vol.
1677 2783 1749 2829 ΙΙΙ,

76 2888 77 2891 ¹
109 2850 231 2888 pagg.
254 2839 298 2875 31
325 2848 366 2875 et
382 2848 441 2884 74.
848 2843 850 2846 ’

71 2927 78 2948 -.
179 2901 195 2922 ³
244 2897 464 2944 Collegium
482 2909 717 2934 monacense
736 2899 775 2934 in
794 2900 1030 2936 monasterio
1048 2901 1411 2947 augustinianorum
1428 2902 1650 2936 institutum
1664 2900 1746 2935 fue-

75 2963 77 2966 ⁴
108 2963 182 2996 rat.
200 2957 263 2994 Cf.
286 2958 414 3004 Epist.
437 2957 483 2992 Ρ.
504 2957 654 3000 Nadal,
676 2958 741 3002 III,
765 2958 845 3003 166;
866 2965 906 2995 et
924 2960 1279 3008 BRAUNSBERGER‚
1303 2963 1376 2996 loc.
1397 2962 1481 3006 cit.,
1501 2961 1554 3005 ΙΙ,
1573 2969 1657 3004 520.

75 3019 86 3069 Ἰ
178 3017 194 3038 ⁸
243 3017 319 3052 Hic
342 3021 426 3051 erat
450 3016 493 3055 P.
514 3017 711 3063 Georgius
728 3017 959 3053 Schoritius.
981 3018 1082 3054 Vide
1105 3016 1231 3066 Epist.
1256 3021 1303 3054 P.
1325 3020 1476 3063 Nadal‚
1503 3020 1571 3063 111,
1594 3018 1675 3063 1333
1705 3025 1746 3055 et

108 3075 466 3121 BRAUNSBERGER,
485 3076 560 3114 loc.
580 3076 665 3122 cit„
686 3077 859 3124 III‚·519.
