2098 3470
260 258 330 303 518
732 259 889 297 PATms
915 261 1157 298 Humonvm
1184 261 1335 297 NADAL

215 360 486 414 mitteretur,
511 375 603 404 non
625 376 708 418 pro
731 375 839 406 casu
861 364 1006 406 solum
1037 372 1269 408 reseruato
1290 364 1336 407 id
1364 364 1508 417 fieret,
1533 366 1613 409 sed
1636 366 1685 407 v't
1712 366 1847 421 plene

214 436 278 479 illi
300 425 612 482 confiteretur.
641 442 668 454 ·'

306 515 410 557 Non
432 522 726 570 acceptentur
747 531 773 559 a
795 516 1082 561 confessariis
1105 518 1175 560 vel
1196 517 1360 572 quouis
1382 517 1470 561 alio
1486 531 1543 560 ex
1561 517 1725 560 nostris
1743 526 1847 562 vota

216 598 510 634 externorum
533 591 750 645 virorum,
777 595 917 636 multo
940 594 1089 636 minus
1111 593 1368 638 mulierum.

307 668 569 711 Attendant·
584 676 799 722 rectores,
825 671 973 725 quoad
996 670 1094 713 eius
1117 670 1212 713 fieri
1234 670 1414 726 poterit,
1441 686 1499 713 an
1522 670 1733 713 mulieres
1754 670 1851 713 suis

219 743 507 788 confessariis
528 744 716 789 nimium
738 746 1009 789 afficiantur:
1036 746 1081 789 id
1110 746 1147 789 si
1177 737 1358 790 aliunde
1395 747 1510 790 scire
1539 762 1628 790 non
1658 747 1847 803 possint,

220 820 516 877 interrogare·
533 829 749 877 poterunt
777 823 1077 867 confessarios
1106 823 1399 876 familiariter,
1424 823 1460 866 si
1494 824 1602 878 quid
1633 825 1760 867 saluo
1788 822 1850 865 si·-

221 897 331 953 gillo
352 897 527 953 possint
550 900 839 955 respondere3
861 907 905 943 et
927 899 963 942 si
987 900 1049 943 ita
1065 900 1139 953 sit,
1164 900 1251 942 illis
1272 899 1538 944 mulieribus
1559 907 1719 943 curent
1741 899 1854 942 alios

223 973 459 1030 assignare
485 975 800 1028 confessarios,
828 978 949 1031 quod
981 978 1128 1020 facere
1160 991 1242 1032 per
1269 970 1452 1020 eo'sdem
1490 977 1589 1019 illos
1622 983 1850 1032 poterunt,

224 1052 301 1106 qui
323 1059 430 1094 sunt
448 1052 668 1095 mutandi.
694 1054 831 1108 Quod
854 1052 890 1095 si
916 1055 1097 1097 tandem
1120 1067 1192 1096 res
1215 1053 1444 1098 videretur
1462 1054 1715 1110 periculosa
1731 1067 1851 1106 esse,

224 1129 412 1171 deberet
433 1129 738 1172 confessarius
765 1131 822 1172 ad
850 1130 971 1172 aliud
1002 1130 1245 1186 collegium
1283 1131 1357 1174 vel
1385 1131 1569 1173 domum
1602 1129 1734 1173 mitti.
1761 1131 1852 1173 Iam

226 1205 280 1259 si,
304 1205 427 1261 quod
447 1205 575 1248 Deus
597 1214 790 1260 auertat,
817 1206 1080 1250 confessarii
1102 1215 1222 1251 esset
1245 1207 1290 1250 in
1314 1223 1366 1251 ea
1388 1222 1435 1251 re
1458 1207 1606 1262 aliqua
1627 1208 1778 1262 culpa,
1798 1221 1852 1249 ea

226 1281 398 1326 scietur
427 1297 454 1325 a
481 1282 714 1338 superiore
745 1297 825 1338 per
856 1283 1208 1327 reseruationem
1238 1298 1386 1336 casus,
1419 1291 1464 1328 et
1495 1284 1743 1335 curabitur,
1774 1284 1857 1326 ob-

227 1348 410 1403 ser‘uato
433 1359 598 1415 sigillo,
619 1366 710 1407 424
734 1369 780 1402 vt
803 1368 925 1416 petat
954 1361 1258 1404 confessarius
1281 1361 1368 1403 alio
1390 1361 1522 1414 mitti;
1548 1361 1669 1416 quod
1697 1360 1734 1403 si
1762 1360 1859 1403 nol-

231 1437 310 1488 let,
336 1450 429 1479 non
453 1443 574 1480 esset
595 1438 917 1491 absoluendus,
943 1445 989 1480 et
1011 1453 1083 1481 res
1108 1446 1199 1480 tota
1220 1438 1406 1482 deberet
1427 1440 1529 1482 Deo
1552 1437 1787 1481 committi.

322 1514 386 1556 Ea
407 1513 528 1557 enim
551 1512 735 1558 debebit
758 1529 857 1557 esse
879 1514 1175 1570 interrogatio
1212 1515 1327 1566 eius,
1360 1515 1437 1570 qui
1467 1515 1593 1557 audit
1614 1514 1862 1558 confessio-

231 1604 335 1633 nem
358 1597 616 1633 nostrorum
645 1591 1042 1643 confessariorum,
1069 1599 1116 1633 vt
1145 1591 1289 1634 sciant
1317 1606 1425 1633 num
1464 1591 1550 1634 illis
1577 1591 1765 1633 nimium
1795 1590 1863 1633 vi-

233 1668 427 1711 deantur
454 1667 572 1710 affici
600 1667 827 1722 mulieres,
852 1669 924 1711 vel
961 1668 1024 1710 illi
1052 1668 1177 1724 ipsis,
1202 1676 1288 1711 etc.
1323 1668 1373 1712 Si
1411 1668 1591 1724 quidem
1620 1668 1705 1712 erit
1732 1681 1866 1710 casus

233 1744 308 1787 ille
328 1751 590 1788 reseruatus
610 1760 667 1789 ex
689 1745 941 1788 necessaria
962 1745 1289 1798 reseruatione,
1314 1745 1427 1788 sciet
1450 1745 1576 1787 illum
1606 1737 1762 1787 casum
1785 1758 1864 1787 su-

237 1820 389 1877 perior
410 1828 456 1864 et
478 1821 752 1877 prouidebit,
778 1829 825 1863 vt
848 1822 1019 1864 dictum
1043 1831 1128 1865 est.
1154 1821 1234 1866 Sin
1258 1823 1315 1866 de
1338 1822 1643 1866 reseruatione
1670 1820 1864 1873 dubitet,

236 1898 315 1953 qui
337 1897 465 1940 audit
487 1898 814 1942 confessarium
836 1898 978 1950 illum,
1003 1906 1049 1942 et
1071 1899 1239 1941 iudicet
1262 1898 1423 1942 melius
1444 1898 1508 1940 illi
1530 1898 1705 1942 consuli
1735 1912 1868 1954 posse

237 1989 318 2031 per
340 1974 638 2030 superiorem,
663 1974 790 2017 illum
819 1990 912 2018 non
942 1976 1165 2029 absoluet,
1191 1977 1270 2020 sed
1298 1975 1446 2020 mittet
1475 1976 1532 2018 ad
1568 1974 1864 2031 superiorem.

237 2054 309 2096 De
331 2066 422 2107 qua
443 2051 753 2095 reseruatione
774 2066 963 2095 casuum
986 2052 1196 2108 superius
1217 2052 1389 2095 dictum
1413 2060 1498 2096 est.

329 2129 446 2172 Cum
475 2129 532 2171 ad
560 2129 869 2173 confessiones
905 2129 1153 2173 audiendas
1190 2138 1318 2173 extra
1346 2131 1530 2172 domum
1553 2128 1686 2172 ierint
1708 2128 1868 2180 nostri,

242 2207 316 2250 vel
338 2213 388 2248 vt
410 2205 708 2249 morientibus
729 2205 896 2259 adsint,
921 2216 1026 2249 eant
1048 2206 1249 2250 comitati
1274 2221 1364 2249 vno
1385 2221 1440 2250 ex
1464 2205 1630 2248 nostris
1659 2213 1703 2248 et
1732 2206 1874 2250 altero

243 2298 302 2328 ex
324 2298 378 2327 ea
399 2283 554 2334 domo,
579 2282 637 2325 ad
658 2296 793 2337 quam
822 2283 970 2326 ierint:
997 2285 1158 2326 eodem
1186 2283 1322 2327 etiam
1361 2283 1494 2325 modo
1523 2283 1725 2335 redeant3
1752 2282 1874 2337 quod

243 2361 282 2404 si
305 2360 368 2403 ita
383 2358 483 2403 fieri
505 2357 680 2413 nequit,
704 2358 875 2403 iudicet
898 2359 1103 2415 superior
1124 2374 1182 2402 an
1204 2359 1262 2402 sit
1284 2359 1413 2410 aliter
1434 2360 1635 2402 eundum
1658 2367 1688 2402 ².

333 2436 742 2480 Animaduertatur
777 2436 1022 2491 diligenter
1063 2451 1122 2479 an
1159 2435 1421 2479 confessarii
1459 2436 1569 2479 satis
1610 2434 1876 2494 eruditionis

245 2515 461 2565 habeant,
485 2527 543 2556 an
572 2512 679 2554 boni
707 2512 813 2564 sint,
838 2528 894 2556 an
924 2514 1169 2555 admodum
1199 2513 1404 2556 iuuenes.
1437 2512 1875 2567 Animaduertantur

246 2592 406 2635 eadem
429 2593 519 2636 425
542 2589 588 2631 in
610 2588 1025 2641 concionatoribus,
1051 2604 1310 2645 magnaque
1331 2603 1442 2631 cura
1464 2598 1508 2632 et
1532 2588 1601 2631 his
1624 2596 1669 2632 et
1686 2587 1774 2631 illis
1789 2587 1878 2644 spi-

246 2668 432 2711 rituales
468 2665 791 2709 instructiones
819 2667 984 2710 dentur
1015 2674 1285 2722 opportune,
1316 2673 1493 2721 praeter
1531 2665 1778 2708 ordinarias
1808 2679 1880 2708 re-

249 2745 399 2801 gulas,
425 2757 540 2798 quas
562 2742 815 2785 habebunt.

339 2820 432 2876 Qui
459 2819 767 2864 confessiones
800 2819 1039 2862 mulierum
1077 2819 1278 2872 audient,
1304 2819 1464 2862 aetatis
1493 2826 1627 2862 erunt
1659 2826 1879 2871 maturae,

250 2899 402 2953 quoad
422 2896 520 2940 fieri
541 2895 722 2952 poterit.

324 3075 342 3091 a
394 3072 431 3098 11
455 3064 576 3098 verba
595 3064 665 3098 ult.
684 3061 815 3097 addita
830 3062 1036 3108 posterius.
