2098 3470
308 284 379 331 350
782 281 940 322 Funis
966 285 1208 321 Hisnom’m
1236 285 1387 322 NADAL

259 387 441 432 actibus
463 387 645 441 artium,
670 392 910 444 postquam
934 389 1157 431 hactenus
1179 402 1270 431 non
1293 387 1490 431 inerunt.
1522 390 1592 432 De
1619 389 1894 433 conuictori-

260 465 348 508 bus
370 463 428 507 sit
449 463 661 507 iuditium
684 461 850 508 rectori
871 463 919 507 in
941 466 1027 507 hac
1049 478 1112 508 re.

351 541 520 585 Custos
541 539 802 585 melinensis
824 555 915 584 non
939 540 1116 585 videtur
1140 542 1227 584 hoc
1245 548 1446 597 tempore
1462 541 1766 598 recipiendus,
1787 556 1891 586 cum

260 617 352 665 sint
375 624 467 661 tam
495 617 626 660 multi
654 618 701 660 in
731 618 942 674 collegio,
978 624 1027 660 vt
1061 618 1191 661 facile
1225 617 1283 661 ali
1315 633 1406 661 non
1437 619 1628 675 possint:
1664 626 1709 664 et
1742 629 1895 663 tamen

258 694 346 738 erit
367 694 579 738 iuditium
602 693 903 750 prouintialis,
929 709 1038 737 num
1060 695 1227 750 poterit
1249 694 1407 751 recipi,
1433 710 1490 738 an
1513 696 1572 738 sit
1592 696 1794 740 idoneus.

352 771 588 815 Notabiles
610 770 864 816 sententiae
886 778 1079 827 possunt
1101 771 1244 828 repeti
1267 771 1312 814 in
1335 786 1507 816 mensa.

350 850 421 892 Ne
443 850 521 892 fiat
541 857 667 902 vsus',
693 849 1074 904 quemadmodum
1097 855 1232 893 antea
1254 863 1346 892 non
1370 848 1470 901 fuit,
1495 849 1680 906 legendi
1701 848 1747 892 in
1764 864 1876 894 men-

260 940 311 968 sa
333 925 700 970 constitutiones:
725 925 834 968 satis
856 932 925 968 est
948 925 985 977 si
1010 925 1195 981 regulae
1216 927 1445 982 legantur,
1470 933 1560 970 ete.

350 1002 512 1045 Libros
528 1001 781 1046 haereticos
799 1001 1066 1058 prohibitos,
1087 1016 1201 1057 quos
1219 1002 1421 1046 censebit
1439 1001 1719 1046 necessarios
1737 1003 1785 1045 P.
1805 1003 1894 1046 Co-

261 1086 410 1122 sterus
433 1079 490 1122 ad
519 1078 873 1135 controuersias,
904 1079 1294 1135 interpretandum
1324 1086 1402 1121 aut
1430 1078 1808 1132 concionandum,
1838 1093 1894 1124 ex

261 1155 361 1200 eius
385 1155 573 1199 arbitrio
597 1161 811 1212 poterunt
833 1154 1033 1208 retineri;
1060 1156 1141 1199 sed
1162 1155 1224 1198 ita
1247 1162 1397 1198 tamen
1416 1162 1464 1198 vt
1481 1155 1572 1198 sint
1589 1169 1765 1211 semper
1782 1154 1896 1199 cista

264 1231 486 1275 conclusi:
512 1216 597 1275 nec
619 1231 883 1288 permittant
904 1231 1013 1287 legi,
1040 1231 1125 1274 nisi
1147 1219 1203 1274 ab
1231 1231 1301 1284 iis,
1336 1231 1412 1287 qui
1435 1232 1697 1274 facultatem
1719 1230 1895 1275 'habent

262 1309 530 1366 legitimam:
556 1308 716 1364 reliqui
739 1309 1081 1351 comburantur.

351 1388 583 1431 Notentur
603 1385 751 1442 capita
772 1385 1033 1438 bibliorum,
1059 1400 1175 1441 quae
1203 1392 1395 1441 possunt
1422 1386 1652 1430 offendere
1674 1385 1895 1430 infirmio-

262 1477 351 1516 res,
377 1470 423 1506 et
445 1462 880 1519 praetermittantur,
906 1475 1012 1504 cum
1034 1462 1252 1518 leguntur
1274 1461 1427 1504 biblia.

350 1540 543 1596 Januae,
583 1554 699 1595 quae
735 1538 977 1583 intercedit
1012 1538 1131 1582 inter
1168 1537 1458 1582 conuictores
1479 1531 1536 1582 ‘et
1573 1553 1675 1592 nos,
1714 1541 1896 1596 pondus

261 1618 547 1670 adhibeatur,
574 1617 697 1672 quod
720 1616 858 1659 faciat
881 1623 931 1658 ut
953 1631 1033 1672 per
1056 1631 1105 1659 se
1127 1614 1263 1658 ianua
1285 1615 1540 1658 claudatur:
1565 1622 1612 1660 et
1638 1615 1893 1675 diligentis-

261 1695 375 1739 sime
408 1693 657 1750 praecipiat
688 1700 839 1736 rector
871 1692 935 1735 illi
967 1691 1166 1744 ianitori,
1203 1705 1260 1735 ne
1283 1691 1404 1735 illam
1436 1700 1638 1748 apertam
1670 1693 1898 1749 relinquat

260 1785 549 1828 quacumque
587 1769 844 1822 occasione,
876 1769 1043 1826 alioqui
1078 1768 1407 1826 iniungendam
1439 1769 1502 1812 illi
1533 1784 1635 1813 esse
1655 1770 1896 1826 poeniten-

260 1848 368 1891 tiam
391 1849 447 1892 de
470 1846 595 1903 puris
616 1846 899 1890 naturalibus
926 1848 954 1889 ¹.

351 1927 439 1968 Per
463 1926 515 1968 P.
542 1922 839 1967 Laurentium
862 1931 907 1966 et
930 1925 982 1966 P.
1010 1921 1258 1979 Rogerium
1286 1927 1501 1978 poterunt
1528 1923 1701 1967 rosaria
1729 1924 1895 1967 confici

257 2017 314 2046 eo
338 2001 531 2053 facilius,
557 2001 679 2056 quod
701 2000 902 2042 habeant
923 1999 1012 2042 iam
1030 1999 1382 2043 instrumentum
1401 1999 1519 2042 torni
1535 2007 1568 2043 a:
1590 2006 1766 2043 tantum
1784 2001 1895 2044 illud

260 2086 328 2122 est
358 2078 600 2133 reliquum,
632 2082 682 2119 vt
704 2076 783 2118 fiat
811 2076 964 2119 nescio
993 2076 1117 2131 quod
1144 2075 1513 2128 instrumentum,
1545 2077 1667 2132 quod
1694 2077 1822 2121 nouit
1849 2085 1896 2121 et

258 2155 369 2198 dicit
391 2153 640 2199 desiderari
663 2154 717 2198 Ρ.
742 2152 1030 2196 Laurentius.
1057 2151 1181 2196 Dicit
1203 2151 1339 2195 etiarn
1361 2166 1411 2195 se
1433 2152 1549 2196 scire
1570 2153 1647 2196 vbi
1669 2153 1727 2197 sit
1749 2155 1868 2198 confi
1882 2181 1894 2187 -

261 2221 476 2276 ciendum
499 2231 621 2287 apud
643 2230 862 2285 quosdam
887 2230 1139 2274 monachos
1161 2228 1427 2272 diestenses.

351 2310 539 2352 Praeter
561 2308 683 2350 illam
707 2306 868 2349 missae
891 2305 1256 2362 applicationem,
1282 2319 1397 2359 quae
1419 2306 1535 2349 solet
1556 2307 1654 2351 fieri
1675 2322 1758 2364 pro
1773 2309 1895 2352 Ger-

261 2385 412 2428 mania
434 2383 629 2440 singulis
650 2382 900 2434 mensibus,
925 2389 1048 2426 esset
1067 2381 1178 2426 vtile
1199 2388 1250 2423 ut
1271 2382 1431 2424 saltem
1450 2382 1496 2425 in
1514 2384 1717 2439 generali
1733 2384 1895 2442 singu-

261 2462 315 2505 lis
337 2461 487 2505 missis
509 2459 771 2505 sacerdotes
793 2473 951 2501 omnes
974 2459 1197 2502 haberent
1226 2458 1487 2501 memoriam
1510 2459 1682 2503 salutis
1697 2461 1894 2505 Germa-

261 2537 362 2582 niae
393 2545 439 2581 et
468 2537 657 2581 aliarum
685 2535 942 2591 regionum,
967 2534 1159 2587 Galliae,
1191 2534 1404 2591 Angliae,
1436 2535 1633 2579 Scotiae.
1665 2538 1723 2579 Et
1751 2552 1808 2582 ne
1836 2537 1913 2597 sit,

258 2615 522 2671 scrupulus,
557 2613 689 2670 quasi
721 2611 962 2655 videantur
989 2612 1153 2655 missae
1182 2603 1395 2667 applicari
1427 2626 1508 2668 pro
1537 2613 1794 2667 haereticis,
1824 2621 1894 2658 est
1962 2606 1971 2614 Χ

260 2692 324 2735 ita
351 2691 716 2748 intelligendum,
749 2696 797 2732 vt
824 2703 906 2744 pro
935 2688 1137 2733 ecclesiis
1159 2686 1177 2713 b
1209 2688 1482 2732 Germaniae
1513 2697 1558 2732 et
1587 2691 1826 2735 catholicis
1847 2700 1894 2736 et

258 2768 359 2813 eius
381 2775 629 2824 augmento
650 2767 872 2809 habeatur
889 2764 1120 2817 memoria,
1141 2771 1187 2808 et
1205 2764 1370 2807 nostris
1386 2765 1463 2820 qui
1481 2765 1688 2810 habitant
1704 2766 1888 2810 ibidem.

351 2847 502 2890 Detur
519 2859 657 2901 opera
677 2858 759 2900 per
778 2841 1095 2899 prouintialem
1119 2849 1164 2885 et
1186 2848 1407 2885 rectorem
1430 2841 1475 2883 in
1505 2857 1589 2885 suo
1616 2844 1790 2898 ordine,
1821 2853 1889 2897 ut,

330 2992 349 3009 a
398 2982 472 3017 Ms.
491 2981 620 3016 turni.
671 2980 739 3007 —b
765 2978 837 3013 Ms.
858 2978 1022 3013 eclesiis.

334 3088 342 3108 ¹
396 3086 503 3134 Quid
520 3087 593 3122 hae
610 3083 874 3133 poenitentiae
892 3083 1048 3124 fuerint,
1071 3083 1238 3130 explicat
1264 3083 1413 3119 Natalis
1438 3083 1553 3130 infra,
1578 3096 1693 3132 pagg.
1719 3089 1890 3133 415·416.
