2098 3470
826 237 1260 276 lavationem-61
1744 246 1812 284 ⁴41

220 341 375 399 gratia
394 340 565 385 domini
593 341 736 384 nostri
758 341 860 384 Iesu
882 339 1070 391 Christi,
1093 338 1172 395 qui
1192 338 1308 382 viuit
1336 346 1383 383 et
1410 346 1573 395 regnat
1600 338 1647 382 in
1673 339 1861 383 seculo-

225 433 327 462 rum
347 419 518 462 secula.
544 419 714 463 Amen.
1609 472 1612 475 ,

313 494 535 552 Superior
555 494 814 546 instructio,
838 493 1015 538 etiamsi
1044 492 1222 549 proprie
1249 493 1307 535 ad
1337 499 1537 536 rectores
1566 493 1637 536 vel
1664 507 1860 550 praepo-

216 571 336 615 sitos
356 572 522 615 locales
544 571 751 624 attineat,
776 571 907 615 facile
927 569 1094 627 poterit
1109 571 1166 613 ad
1183 569 1488 626 prouinciales
1504 570 1854 614 accommodari.

225 749 301 796 188
993 712 1096 793 nis

443 869 819 908 QUEMADMODUM
852 869 909 900 SE
939 869 1134 899 GERERE
1165 869 1357 899 DEBEAT
1393 867 1633 898 SUPERIOR

772 947 872 978 CUM
904 945 1306 979 CONSULTORIBUS

308 1039 555 1099 Contineat
576 1054 656 1084 eos
677 1039 723 1082 in
745 1040 868 1083 omni
889 1038 1148 1083 obedientia
1170 1038 1383 1082 omnibus
1405 1039 1452 1081 in
1475 1039 1630 1092 rebus,
1653 1046 1856 1095 praeter-

209 1130 354 1173 quam
382 1117 504 1173 quod
532 1116 673 1161 libere
694 1124 740 1161 et
760 1116 915 1161 dicent
941 1115 1159 1159 iudicium
1181 1130 1333 1168 suum,
1364 1130 1468 1159 cum
1492 1117 1549 1159 ab
1579 1115 1645 1160 eis
1666 1115 1853 1172 petitur,

215 1201 264 1238 et
283 1193 485 1237 scribent
505 1194 563 1236 ad
584 1193 908 1249 prouincialem
930 1201 976 1237 et
996 1193 1276 1250 generalem,
1300 1193 1420 1236 sicut
1441 1207 1499 1236 ex
1515 1193 1663 1236 officio
1680 1192 1768 1235 illis
1785 1193 1857 1234 in-

214 1269 405 1322 cumbit,
429 1277 566 1326 atque
588 1270 651 1314 ita
674 1285 764 1314 non
787 1270 906 1314 sinet
927 1285 1006 1315 eos
1027 1270 1246 1315 maiorem
1273 1270 1360 1313 sibi
1389 1270 1644 1314 libertatem
1674 1284 1856 1314 sumere

216 1346 319 1391 aliis
338 1347 383 1390 in
409 1348 545 1390 rebus
567 1348 628 1390 ob
649 1347 712 1400 id,
737 1348 863 1404 quod
885 1346 1169 1391 consultores
1190 1354 1315 1391 sunt.

265 1434 269 1438 '
303 1424 494 1476 Curent,
519 1432 568 1476 vt
591 1423 809 1476 officium,
834 1425 957 1479 quod
983 1431 1167 1481 gerunt,
1193 1424 1316 1467 omni
1338 1439 1394 1467 ex
1427 1431 1555 1480 parte
1586 1425 1851 1468 obseruent.

302 1501 486 1544 Nullam
507 1500 715 1543 admittat
745 1501 862 1544 inter
889 1500 989 1544 illos
1016 1500 1344 1557 exceptionem,
1369 1500 1500 1556 quasi
1529 1515 1648 1544 vnus
1678 1500 1856 1544 meliori

213 1577 272 1621 sit
306 1577 475 1621 iudicio
511 1592 648 1634 quam
678 1578 808 1621 alter.
845 1578 1151 1622 Nihilominus
1180 1585 1331 1623 tamen
1361 1578 1512 1622 videat
1534 1578 1658 1634 apud
1680 1592 1746 1630 se,
1779 1577 1856 1620 cui

213 1654 359 1699 maius
376 1655 597 1699 talentum
614 1662 660 1699 et
676 1654 869 1711 gratiam
880 1657 1007 1699 Deus
1023 1654 1262 1712 largiatur,
1279 1662 1327 1698 vt
1340 1653 1454 1699 citra
1469 1656 1605 1698 vllam
1619 1661 1855 1699 externam

203 1730 613 1788 significationem,
659 1732 810 1787 quoad
845 1732 944 1775 eius
985 1732 1084 1777 fieri
1118 1731 1306 1789 poterit,
1352 1732 1451 1776 eius
1492 1732 1662 1776 auxilio
1705 1731 1856 1788 magis

212 1814 382 1852 Vtatur.

299 1885 556 1930 Meminerit
577 1887 716 1942 quod,
740 1886 1122 1941 quemadmodum
1152 1885 1223 1931 189
1246 1888 1531 1932 consultores
1553 1887 1598 1930 in
1623 1887 1854 1932 Societate

208 1975 302 2005 non
327 1962 665 2006 constituantur
692 1963 750 2006 ad
777 1962 845 2016 id,
876 1972 925 2006 vt
952 1963 1219 2020 suffragium
1248 1965 1398 2008 ferant
1426 1965 1715 2008 definitiuum
1731 1999 1741 2018 ,
1772 1966 1853 2008 sed

209 2045 384 2082 tantum
413 2039 736 2092 consultiuum,
768 2039 830 2083 ita
858 2047 904 2084 et
931 2039 1137 2096 superior
1162 2054 1218 2084 ex
1246 2040 1426 2085 illorum
1453 2041 1623 2086 iudicio
1650 2042 1852 2098 pendere

206 2129 299 2158 non
321 2116 472 2167 debet,
497 2117 578 2158 sed
599 2116 746 2160 lucem
761 2123 808 2160 et
826 2117 1078 2161 claritatem
1093 2131 1151 2160 ex
1167 2117 1347 2162 illorum
1365 2118 1604 2163 sententiis
1620 2119 1848 2175 accipere;

206 2198 364 2248 postea
384 2206 493 2236 vero
514 2206 571 2235 ex
587 2193 752 2249 seipso,
771 2193 1008 2250 implorata
1025 2193 1180 2238 diuina
1196 2209 1299 2251 ope,
1319 2195 1587 2240 deliberare.
1609 2196 1708 2239 Nisi
1726 2196 1849 2239 enirn

204 2268 302 2324 ipse
329 2269 415 2311 sibi
444 2269 663 2322 defuerit,
694 2269 840 2314 maius
868 2270 964 2326 ipse
992 2285 1110 2314 vnus
1138 2271 1378 2325 iudicium,
1404 2287 1540 2328 quam
1572 2273 1636 2316 illi
1669 2288 1846 2325 omnes,

198 2345 343 2388 etiam
365 2345 500 2389 simul
519 2346 680 2399 iuncti,
705 2361 811 2390 cum
831 2348 919 2392 Dei
940 2348 1089 2404 gratia
1111 2356 1180 2393 est
1206 2349 1463 2403 habiturus,
1487 2350 1576 2393 illis
1604 2350 1786 2393 auditis.

296 2422 346 2467 Si
365 2422 582 2466 iudicium
606 2430 756 2468 tamen
778 2425 1008 2481 proprium
1039 2425 1189 2481 aliqua
1216 2426 1263 2469 in
1290 2441 1340 2471 re
1368 2441 1459 2470 non
1488 2428 1692 2482 haberet,
1726 2428 1850 2482 quod

205 2500 374 2543 habere
402 2506 553 2546 tamen
583 2501 720 2545 debet
747 2515 805 2544 ex
833 2502 1008 2546 ratione
1035 2502 1106 2545 sui
1133 2503 1270 2546 officii
1298 2511 1344 2547 et
1371 2504 1542 2560 gratia,
1574 2512 1653 2547 aut
1681 2504 1848 2546 dubius

205 2583 327 2618 esset
343 2584 445 2632 post
466 2576 645 2621 auditos
661 2579 961 2631 consultores,
982 2578 1154 2623 diutius
1170 2580 1227 2624 de
1244 2595 1292 2624 re
1308 2581 1406 2636 ipsa
1423 2581 1626 2637 cogitare
1644 2580 1843 2632 debebit,

205 2666 347 2708 seque
366 2652 512 2708 ipsum
533 2655 634 2697 Deo
654 2656 987 2708 commendare,
1013 2663 1150 2712 atque
1170 2656 1234 2700 ita
1254 2672 1334 2713 per
1356 2671 1405 2700 se
1427 2657 1524 2713 ipse
1547 2657 1656 2712 quid
1679 2657 1846 2699 sentiat

206 2729 387 2772 tandem
402 2730 606 2783 definire;
626 2732 714 2783 vel,
734 2731 772 2774 si
790 2732 973 2789 proprio
989 2733 1156 2776 iudicio
1174 2733 1286 2776 nihil
1302 2734 1491 2777 definire
1507 2742 1673 2790 potest,
1695 2733 1741 2775 in
1759 2734 1846 2775 hoc

205 2805 554 2850 saltem-iudicio
576 2808 739 2860 valeat,
766 2817 815 2852 vt
835 2810 1023 2853 definiat
1050 2810 1158 2865 quid
1186 2826 1243 2855 ex
1270 2811 1324 2853 iis
1353 2811 1481 2866 sequi
1513 2810 1694 2861 debeat,
1726 2823 1845 2864 quae

198 2896 263 2925 -ex
282 2883 625 2928 consultoribus
646 2885 838 2928 audiuit.

294 2958 365 3003 19⁰
395 2959 447 3002 In
477 2961 706 3006 reddenda
733 2977 902 3015 rerum,
933 2977 1046 3019 quas
1074 2964 1315 3016 definierit,
1353 2963 1542 3016 ratione,
1583 2962 1844 3005 huiusmodi

199 3035 334 3090 quasi
362 3037 700 3082 excusationem
728 3053 787 3082 ne
814 3041 1082 3096 praetendat
1112 3040 1333 3096 superior:
1360 3054 1516 3083 omnes
1541 3040 1840 3092 consultores,
