2098 3470
337 294 382 337 78
913 293 948 328 N
951 301 1092 329 orrriA
1119 301 1310 330 comeum
1361 298 1364 301 ’

292 394 388 431 Ι)65.
522 404 619 442 para
648 394 684 431 61
718 397 797 432 3ἦο
831 407 911 443 que
940 396 1059 433 viene
1089 399 1180 434 auia
1208 396 1260 434 de
1290 397 1408 433 hazer
1436 396 1671 434 dormitorio
1701 397 1752 434 de
1781 397 1924 436 arriba.

291 465 354 502 De
382 466 516 512 1561.»

372 536 458 574 Fol.
482 544 720 598 247v-254r,
745 537 917 575 «Auisos
938 538 990 575 de
1010 538 1192 576 diuersas
1213 550 1331 575 cosas
1357 538 1475 575 utiles
1501 549 1598 587 para
1625 538 1661 575 el
1687 539 1923 588 gouierno.»

292 606 378 644 Sub
399 607 476 644 hac
496 607 758 656 inscriptione
779 608 980 646 habentur
999 609 1124 646 multa
1144 610 1297 646 monita
1317 609 1558 657 deprompta
1585 621 1639 646 ex
1665 610 1724 655 iis,
1755 621 1860 657 quae
1886 610 1926 647 in

298 676 332 714 C
331 677 390 715 od.
423 677 544 715 Vatia
559 687 591 726 3
610 683 648 715 et
671 686 694 728 7
714 680 983 716 continentur.
1003 679 1090 716 Imo
1110 691 1241 728 pauca
1261 680 1325 717 hie
1345 680 1607 733 reperientur,
1628 691 1733 727 quae
1747 680 1803 717 ibi
1818 680 1926 733 desi-

293 748 500 786 derentur.
522 749 581 786 Ibi
602 754 738 786 autem
758 750 798 786 in
819 749 1023 797 quaedam
1044 751 1176 799 capita
1197 762 1269 788 seu
1289 750 1427 787 titulos
1448 750 1662 788 distributa
1682 755 1724 788 et
1743 750 1928 788 ordinata

295 820 554 866 exhibentur;
576 821 639 857 hic
661 826 796 858 autem
818 821 1048 868 promiscue
1067 827 1109 858 et
1128 823 1214 859 sine
1235 822 1377 859 ordine
1404 822 1551 870 scripta
1576 827 1682 868 sunt,
1702 822 1754 859 ab
1781 821 1929 859 eodem

295 890 470 937 librario,
491 891 560 938 qui
581 891 789 939 superiora
810 892 1005 930 exaravit.
1027 892 1110 930 Ine.
1133 892 1212 929 «Vt
1232 893 1405 930 Romam
1426 898 1466 929 et
1486 893 1537 929 ad
1559 905 1677 930 suum
1698 892 1928 941 prouincia-

297 963 376 999 lem
397 962 657 999 scribatur...»
683 962 779 1000 Des.
807 979 865 1000 «...
885 975 911 1011 y
932 962 955 999 a
974 963 1129 1012 ningun
1150 969 1239 1001 otro
1260 975 1303 1001 se
1324 964 1442 1001 llame
1463 964 1534 1001 el.»
1935 998 1939 1001 ⁴

378 1033 464 1071 Fol.
501 1033 728 1080 2541-2681,
766 1033 852 1070 «Lo
882 1045 962 1080 que
991 1027 1094 1071 dixo
1119 1034 1156 1071 el
1186 1035 1228 1073 P.
1262 1035 1393 1072 Nadal
1422 1047 1471 1072 en
1502 1034 1690 1072 Lisboa.»
1723 1034 1851 1072 Multa
1877 1033 1930 1071 a'b

299 1105 460 1150 eodem,
481 1116 612 1152 nuper
630 1110 868 1151 memorato,
889 1104 1049 1142 librario
1070 1110 1237 1143 exarata
1257 1107 1320 1143 hie
1340 1105 1552 1152 habentur,
1573 1111 1661 1143 tum
1679 1105 1932 1154 particularia

298 1176 446 1213 domus
471 1175 537 1212 vel
565 1175 812 1224 provinciae,
838 1181 926 1213 tum
951 1177 1154 1225 generalia
1180 1189 1235 1214 ex
1261 1177 1404 1215 iisdem
1431 1178 1606 1224 monitis,
1633 1189 1739 1225 quae
1767 1177 1807 1214 in
1838 1175 1932 1215 Cod.

310 1246 428 1284 Vatic.
456 1254 479 1296 7
498 1246 712 1284 habentur.
733 1246 816 1284 Ine.
849 1246 955 1284 «Los
983 1252 1161 1285 rectores
1187 1248 1397 1286 aduiertan
1423 1249 1542 1300 como
1569 1259 1613 1285 se
1639 1249 1804 1286 haze...»
1832 1247 1930 1286 Des.

385 1319 443 1355 les
465 1318 645 1366 impidan
666 1329 717 1354 en
738 1323 846 1355 estas
867 1319 1202 1366 oecupaciones.»

380 1389 466 1426 Fol.
489 1389 729 1438 268v-273r,
750 1406 763 1420 «
774 1389 955 1437 Reposta
970 1389 1023 1427 de
1038 1390 1221 1440 algumas
1236 1391 1410 1428 duuidas
1426 1402 1506 1438 que
1523 1402 1547 1427 o
1563 1390 1605 1428 P.
1623 1389 1806 1438 Gonoalo
1825 1388 1935 1427 Vaaz

301 1466 434 1498 tratou
455 1472 548 1498 com
569 1473 593 1497 0
614 1461 656 1498 P.
678 1460 810 1498 Nadal
831 1472 895 1497 em
915 1449 1081 1508 Lisboa‚
1101 1474 1156 1499 no
1177 1474 1285 1499 anno
1305 1462 1356 1499 de
1383 1463 1516 1509 1561.»
1541 1462 1604 1499 De
1624 1461 1746 1499 rebus
1761 1462 1935 1510 particua

301 1531 452 1569 laribus
473 1537 514 1569 et
533 1532 585 1569 de
605 1533 790 1580 personis
810 1531 1056 1580 quibusdam
1077 1538 1172 1570 sunt
1185 1534 1262 1570 hae
1276 1534 1576 1582 responsiones.
1592 1533 1808 1571 Accedunt
1821 1532 1936 1581 plura

303 1603 518 1653 generalia,
539 1615 645 1650 quae
665 1603 705 1640 in
731 1602 825 1642 Cod.
858 1602 979 1641 Vatic.
1007 1610 1040 1654 7,
1061 1604 1164 1642 inter
1182 1605 1467 1642 instructiones
1486 1604 1528 1642 P.
1548 1604 1702 1641 Natalis
1720 1615 1937 1642 recensen-

304 1680 379 1713 tur.
401 1675 484 1712 Inc.
507 1674 580 1711 «El
600 1675 851 1723 procurador
871 1675 988 1712 desta
1007 1676 1216 1724 prouincia
1236 1675 1322 1713 este
1341 1687 1392 1712 en
1413 1680 1499 1712 esta
1518 1687 1676 1713 casa...»
1698 1675 1794 1712 Des.
1826 1691 1885 1713 «π...
1911 1687 1937 1724 y

306 1750 388 1783 assi
407 1758 461 1783 no
482 1746 521 1783 10
541 1746 712 1783 tendran
732 1758 808 1794 por
826 1749 1027 1784 estrano.»
1049 1747 1206 1784 Eadem
1225 1759 1382 1793 manus,
1403 1758 1508 1794 quae
1527 1747 1567 1783 in
1588 1745 1876 1795 superioribus.

386 1817 472 1855 Fol.
495 1826 736 1866 273v-277r,
759 1817 1033 1866 «Respuestas
1053 1818 1106 1855 de
1125 1818 1295 1867 algunas
1321 1829 1439 1855 cosas
1465 1829 1546 1865 que
1571 1817 1755 1865 Genealo
1779 1817 1889 1855 Vaaz
1915 1829 1939 1854 3

306 1888 458 1926 5303ἀο
484 1888 536 1925 de
563 1888 763 1936 practicas
789 1888 1004 1926 familiares
1030 1889 1096 1926 del
1117 1889 1158 1927 P.
1180 1890 1234 1926 M.
1255 1889 1421 1927 Nadal.»
1447 1889 1679 1936 Sequuntur
1704 1888 1938 1937 responsio-

306 1971 378 1996 nes
398 1960 546 2006 variae,
566 1960 685 1997 variis
704 1960 957 2008 temporibus
977 1965 1016 1998 et
1035 1961 1076 1998 in
1095 1960 1266 1998 diversis
1286 1960 1476 1997 domibus
1497 1972 1520 1997 a
1540 1960 1582 1997 P.
1603 1959 1734 1997 Natali
1751 1960 1884 2006 datae,
1900 1963 1942 1996 et

307 2031 359 2068 ab
381 2031 528 2068 eodem
548 2042 809 2077 amanuense‚
829 2031 898 2079 qui
927 2031 1135 2079 superiora
1163 2031 1334 2079 scripsit,
1362 2031 1566 2068 translata.
1597 2030 1714 2068 Plura
1743 2041 1798 2067 ex
1826 2030 1939 2067 hisce

307 2103 513 2150 responsis
533 2102 734 2139 habentur
752 2103 792 2140 in
813 2102 1090 2150 superioribus
1109 2102 1453 2148 instructionibus,
1474 2102 1547 2139 sed
1567 2114 1650 2138 non
1671 2101 1818 2139 eodem
1834 2100 1942 2138 ordi·

308 2185 371 2210 ne.
394 2173 440 2210 In
460 2173 640 2223 margine
662 2173 909 2222 singularum
929 2175 1241 2222 responsionum
1261 2178 1423 2211 notatur
1441 2185 1492 2211 an
1512 2173 1739 2210 communis
1764 2171 1829 2209 vel
1848 2183 1940 2220 par-

309 2245 485 2282 ticularis
521 2245 572 2282 sit
604 2245 681 2291 illa,
716 2250 757 2282 et
785 2245 906 2282 etiam
934 2245 1082 2282 domus
1111 2250 1151 2282 et
1178 2256 1390 2293 personae,
1418 2245 1470 2281 ad
1500 2256 1602 2291 quas
1629 2247 1828 2292 spectant.
1858 2242 1941 2280 Ine.

256 2303 260 2306 ²
314 2316 431 2364 «Que
457 2328 481 2354 0
503 2316 633 2353 Padre
655 2316 814 2363 doutor,
841 2316 971 2354 sendo
992 2316 1199 2365 preposito
1225 2316 1341 2353 desta
1361 2327 1455 2353 casa
1476 2315 1527 2352 de
1553 2315 1591 2352 S.
1614 2315 1820 2362 Roque...»
1845 2314 1942 2351 Des.

310 2388 377 2425 fol.
407 2388 515 2436 276r:
545 2403 606 2425 «...
635 2400 659 2424 0
687 2388 863 2436 poderse
888 2387 996 2425 nada
1022 2388 1247 2437 negociar.»
1272 2386 1374 2424 Ibid.
1395 2386 1567 2423 habetur
1587 2386 1650 2423 hic
1669 2386 1819 2423 titulus:
1845 2384 1943 2422 «Em

311 2459 501 2505 Euora.»,
523 2463 564 2495 et
584 2464 809 2506 sequuntur
828 2471 1025 2506 responsa
1046 2458 1180 2496 eidem
1206 2459 1311 2495 Patri
1332 2458 1425 2494 data
1445 2458 1486 2494 in
1507 2457 1572 2494 illa
1599 2457 1737 2494 domo,
1763 2457 1847 2494 Ine.
1870 2456 1944 2494 «El

315 2530 446 2567 Padre
470 2530 672 2578 prometio
700 2530 736 2566 al
763 2530 953 2566 eardeual
980 2530 1032 2566 de
1057 2542 1111 2567 no
1139 2529 1293 2566 embiar
1312 2529 1348 2566 31
1374 2529 1416 2566 Ρ.
1439 2527 1628 2566 Cornelio
1654 2528 1678 2564 a
1706 2528 1742 2564 la
1762 2527 1941 2566 India...»

314 2602 410 2639 Des.
431 2601 498 2639 fol.
521 2610 609 2651 277:
636 2618 694 2638 «...
716 2601 752 2637 13
771 2582 924 2650 yglesia
946 2613 990 2638 se
1010 2601 1108 2638 abra
1126 2613 1181 2638 un
1201 2611 1307 2648 poco
1327 2604 1442 2636 antes
1462 2599 1514 2636 de
1534 2599 1571 2636 13
1590 2599 1762 2647 primera
1781 2598 1939 2636 missa.»

394 2673 480 2710 Fol.
503 2681 613 2722 277r,
632 2671 811 2709 «Ordem
832 2671 886 2708 do
907 2672 1007 2709 liuro
1029 2671 1106 2709 dos
1125 2676 1257 2717 notos,
1274 2681 1354 2718 que
1374 2671 1425 2707 ha
1445 2670 1669 2708 d'auerem
1689 2670 1790 2707 eada
1809 2681 1903 2707 casa
1922 2680 1944 2706 e

315 2735 526 2794 collegios»
543 2744 632 2781 Ine.
659 2743 757 2780 «Em
777 2743 879 2780 cada
899 2754 1056 2780 casa...»
1079 2742 1176 2779 Des.
1199 2757 1260 2779 «...
1282 2741 1360 2787 dia,
1381 2753 1467 2778 mes
1489 2753 1511 2778 e
1531 2753 1677 2778 anno.»
1699 2741 1814 2778 Idem
1833 2751 1944 2778 ama—

316 2816 480 2853 nuensis
499 2827 547 2852 30
568 2827 701 2863 supra.

395 2887 481 2924 Fol.
505 2895 732 2936 277r-279r,
753 2885 926 2923 habetur
944 2884 1113 2922 alterum
1131 2888 1429 2932 transumptum
1454 2884 1677 2930 antiquum,
1702 2882 1755 2919 ab
1781 2883 1947 2920 eodem-

314 2969 395 3006 que
420 2957 582 2995 librario
610 2962 837 3007 exaratum,
869 2957 994 3004 ipsius
1021 2955 1269 3000 documenti,
1297 2954 1409 3002 quod
1436 2955 1475 2991 in
1495 2955 1573 3001 hoe
1594 2953 1750 3000 codice,
1770 2954 1811 2992 ff.
1833 2963 1947 3001 2401-

315 3040 433 3076 241v,
452 3030 659 3077 reperitur:
683 3029 770 3065 «De
789 3027 912 3065 rebus
931 3026 1239 3075 particularibus
1259 3026 1492 3074 prouinciae
1513 3025 1780 3074 Portngaliae,
1800 3035 1905 3072 quae
1925 3036 1948 3062 a

316 3102 550 3149 praeposito
575 3100 753 3150 generali
780 3100 820 3137 in
846 3099 1003 3148 priuata
1030 3098 1347 3147 congregatione
1373 3097 1535 3134 fuerunt
1568 3096 1824 3134 constituta.»
1854 3095 1948 3134 Non
