2098 3470
1716 258 1728 273 .

742 290 1017 329 Romam-A
1042 291 1263 328 ῙτΑιῐΑΕ-
1270 292 1312 328 18
1731 294 1799 341 169

172 397 184 410 ”
199 393 403 440 cendum
422 394 638 450 officium,
661 394 915 439 secundum
929 393 1152 438 ecclesiae
1170 408 1319 447 usum,
1339 395 1421 439 sed
1439 394 1668 451 priuatim,
1686 404 1732 440 et
1749 411 1843 440 non

199 472 511 517 communiter
530 473 606 516 uel
626 472 675 515 in
695 473 851 524 choro,
875 477 1132 515 teneantur.
1146 488 1163 510 »

291 549 344 592 In
379 547 465 593 6.*
488 555 616 606 parte
647 546 1025 592 constitutionum
1047 553 1329 599 nostrarum,
1370 562 1488 603 quae
1524 557 1634 592 sunt
1671 565 1698 593 a
1733 552 1843 594 sede

196 625 451 682 apostolica
470 626 781 678 confirmatae,
805 638 905 681 cap.
931 623 1000 679 3.⁰
1022 623 1088 667 sic
1109 623 1340 667 statuitur.
1365 625 1621 680 «Quoniam
1645 641 1842 684 occupa-

201 701 367 754 tiones,
386 690 508 758 quae
521 702 580 745 ad
597 701 848 745 animarum
865 700 1085 745 auxilium
1106 707 1418 754 assumuntur,
1443 702 1599 758 magni
1621 705 1840 748 momenti

135 789 146 796 ·
199 786 329 832 sunt,
357 785 405 822 et
432 778 573 822 nostri
598 777 794 822 instituti
814 777 1045 834 propriae,
1076 784 1123 822 et
1153 778 1287 821 ualde
1324 779 1602 834 frequentes;
1644 794 1840 837 cumque

196 853 371 911 alioqui
387 862 542 900 nostra
562 854 784 899 habitatio
805 860 896 898 tam
912 854 972 897 sit
992 854 1040 896 in
1061 855 1150 898 hoc
1168 855 1244 899 uel
1259 855 1307 898 in
1323 854 1400 898 illo
1417 856 1519 899 loco
1535 856 1724 909 incerta,
1747 872 1839 900 non

204 938 391 977 utentur
405 932 547 976 nostri
562 933 702 976 choro
717 932 775 976 ad
794 933 930 975 horas
950 931 1211 984 canonicas,
1235 932 1309 975 vel
1330 932 1491 976 missas
1512 941 1558 977 et
1580 933 1667 976 alia
1689 934 1840 977 officia

197 1009 502 1063 decantanda;
541 1008 910 1065 quandoquidem
947 1007 1051 1060 illis,
1086 1022 1203 1064 quos
1233 1009 1291 1051 ad
1319 1024 1373 1053 ea
1400 1009 1627 1054 audienda
1654 1011 1839 1055 deuotio

201 1085 413 1140 mouerit,
437 1086 621 1129 abunde
641 1092 868 1142 suppetet,
892 1085 971 1128 vbi
990 1084 1077 1128 sibi
1098 1084 1207 1141 ipsis
1228 1084 1529 1132 satisfaciant.
1552 1089 1640 1131 Per
1657 1095 1839 1131 nostros

196 1168 354 1207 autem
373 1177 428 1206 ea
450 1162 634 1206 tractari
650 1161 866 1207 conuenit
881 1162 943 1206 43
960 1162 1134 1220 (16⁰)v,
1155 1176 1272 1218 quae
1289 1170 1471 1206 nostrae
1490 1164 1759 1218 uocationis‚
1780 1165 1837 1207 ad

202 1237 290 1283 Dei
309 1239 516 1296 gloriam,
540 1240 687 1297 magis
706 1246 815 1283 sunt
835 1239 1061 1296 propria.»
1088 1239 1174 1282 His
1195 1247 1265 1282 sat
1287 1246 1483 1292 constat,
1514 1248 1673 1284 contra
1706 1241 1836 1284 insti-

59 1360 74 1367 ,7
197 1322 350 1361 tutum
371 1331 489 1368 esse,
514 1323 566 1360 ut
585 1316 633 1360 in
654 1315 885 1362 Societate
905 1318 1077 1359 chorus
1097 1315 1432 1360 introducatur.

53 1379 106 1446 f
289 1393 429 1449 Quod
463 1394 522 1437 ad
555 1393 885 1450 professionem
921 1393 1101 1446 attinet,
1145 1393 1299 1437 statim
1335 1393 1465 1437 initio
1502 1396 1836 1451 representauit

51 1467 60 1506 ἑ
94 1520 101 1524 .
127 1475 129 1477 '
195 1467 296 1524 sedi
316 1470 594 1526 apostolicae
617 1472 668 1514 P.
693 1470 900 1527 Ignatius
921 1470 1117 1514 instituti
1140 1470 1380 1516 rationem.
1401 1473 1517 1515 Nam
1540 1472 1665 1528 prius
1688 1473 1836 1516 factus

55 1539 77 1592 J
119 1595 133 1599 77
193 1551 268 1590 est
288 1547 554 1603 praesbyter
573 1554 594 1573 ⁸
618 1546 717 1603 ipse
743 1561 849 1590 cum
877 1562 1044 1592 nouem
1067 1547 1226 1603 primis
1247 1547 1397 1599 sociis,
1424 1562 1559 1604 quam
1582 1550 1830 1605 professus.

193 1623 403 1667 Fuerunt
429 1631 583 1667 autem
609 1624 805 1668 ordinati
831 1639 991 1669 ornnes
1017 1627 1176 1669 decem
1205 1624 1337 1681 primi
1362 1627 1522 1669 Patres
1558 1626 1616 1668 ad
1650 1627 1835 1669 titulum

192 1699 463 1744 sufficientis
498 1700 760 1746 literaturae
795 1708 843 1745 et
880 1702 1166 1746 uoluntariae
1202 1703 1483 1759 paupertatis
1516 1717 1598 1759 per
1638 1703 1830 1760 simplex

76 1838 82 1840 .
197 1783 372 1821 uotum.
398 1778 626 1834 Expressa
648 1793 760 1822 uero
782 1780 896 1823 haec
925 1778 1124 1822 instituti
1145 1779 1261 1823 ratio
1283 1787 1354 1823 est
1375 1795 1495 1823 anno
1524 1781 1598 1834 46,
1625 1780 1719 1832 ubi,
1753 1796 1834 1837 per

63 1848 70 1869 ³
87 1847 96 1881 ’ν
127 1895 130 1898 .
195 1851 370 1898 litteras
387 1855 680 1912 apostolicas,
703 1856 962 1912 spirituales
984 1856 1275 1901 coadiutores
1297 1857 1428 1900 nobis
1450 1857 1679 1901 concessit
1709 1859 1835 1900 Pau-

187 1931 267 1987 ,lus
283 1944 327 1987 3,
346 1930 424 1988 qui
441 1935 560 1976 votis
575 1931 857 1990 simplicibus
874 1948 975 1978 esse
992 1935 1213 1978 deberent
1229 1934 1452 1986 contenti,
1475 1942 1525 1977 ut
1541 1934 1640 1979 sine
1662 1934 1774 1990 quib
1782 1949 1835 1977 us

88 2063 90 2068 7
139 2054 142 2058 7
189 2021 288 2051 non
307 2015 462 2065 posset
481 2016 690 2053 constare
710 2010 938 2063 Societas,
968 2018 1015 2054 et
1044 2011 1143 2054 eius
1171 2011 1421 2055 ministeria
1443 2011 1696 2068 spiritualia
1724 2025 1832 2054 cum

83 2069 92 2123 {³
194 2083 349 2129 stuctu
369 2085 589 2130 exerceri.
992 2137 995 2138 7

95 2214 111 2219 „
282 2162 423 2206 Anno
443 2170 596 2208 autem
614 2164 1011 2221 quinquagesimo,
1030 2179 1135 2208 cum
1151 2164 1279 2209 initia
1295 2172 1472 2208 tantum
1491 2164 1684 2208 fuissent
1700 2172 1832 2208 antea

103 2285 138 2297 777
180 2237 453 2292 :Societatis,
477 2253 564 2285 nec
582 2241 719 2297 plena
738 2240 935 2284 instituti
957 2242 1072 2285 ratio
1093 2242 1196 2285 vnis
1217 2242 1359 2286 literis
1381 2248 1502 2286 esset
1524 2243 1825 2297 comprehen-

182 2328 261 2368 sa,
284 2331 341 2360 ex
361 2314 496 2360 Pauli
515 2317 727 2361 omnibus
748 2317 891 2362 literis
915 2318 999 2361 fuit
1019 2333 1074 2362 ea
1094 2319 1304 2362 exactius
1332 2327 1378 2363 et
1406 2318 1571 2361 clarius
1598 2332 1826 2374 expressa,

95 2382 149 2457 ἐξ
179 2398 352 2436 et‘uno
372 2393 623 2449 diplomate
639 2396 969 2451 comprehensa
990 2403 1037 2439 et
1058 2396 1326 2439 confirmata
1348 2411 1375 2438 a
1391 2395 1514 2453 Julio
1538 2409 1581 2450 3.
1607 2396 1712 2450 Qua
1733 2396 1826 2436 for-

109 2466 150 2505 ’Ξ
172 2458 314 2513 Ϊπιιὼι
334 2469 468 2516 vnice
488 2485 572 2515 usa
593 2478 664 2516 est
684 2479 842 2528 postea
863 2472 1085 2526 Societas,
1110 2487 1245 2528 quam
1269 2472 1511 2516 concilium
1531 2471 1757 2527 probauit.
1776 2470 1826 2512 In

107 2543 140 2594 ’ἵζε
174 2545 281 2589 'hac
301 2545 444 2604 igitur
464 2548 657 2591 formula
678 2548 740 2591 ita
762 2549 948 2605 legitur:
977 2550 1145 2592 «Immo
1172 2557 1219 2593 et
1249 2549 1296 2602 ii,
1332 2549 1410 2604 qui
1441 2549 1488 2591 in
1520 2548 1823 2597 coadiutores,

179 2628 284 2666 ‘tam
305 2622 353 2666 in
378 2623 706 2680 spiritualibus,
737 2639 872 2680 quam
901 2625 1230 2682 corporalibus,
1261 2634 1306 2669 et
1329 2626 1374 2669 in
1402 2626 1631 2668 scholares
1661 2622 1824 2665 admit-

102 2724 135 2748 „-
150 2735 166 2762 3
188 2704 367 2753 'tuntum
390 2714 584 2755 quorum
607 2701 804 2757 utrique,
829 2709 934 2758 post
960 2701 1239 2746 sufficientes
1261 2701 1548 2758 probationes
1578 2707 1623 2743 et
1646 2709 1823 2754 tempus

84 2770 150 2831 7-;7ἕ”ν
174 2772 239 2818 ,in
265 2776 669 2820 constitutionibus
690 2792 973 2834 expressum,
998 2786 1107 2821 uota
1129 2793 1212 2822 sua
1232 2780 1289 2823 ad
1311 2778 1598 2821 deuotionem
1622 2783 1668 2818 et
1690 2775 1822 2819 meri-

185 2844 288 2895 tum
308 2853 470 2905 maius,
489 2867 583 2896 non
599 2854 783 2910 quidem
805 2854 1008 2898 solennia
1030 2857 1223 2911 (praeter
1244 2855 1434 2909 aliquos,
1461 2852 1537 2908 qui
1559 2853 1616 2895 de
1638 2850 1822 2895 licentia

99 2923 115 2963 ἑῖ
157 2964 166 2986 7.
185 2929 432 2985 praepositi
454 2931 699 2986 generalis,
723 2938 909 2987 propter
930 2930 1130 2987 ipsorum
1153 2932 1439 2974 deuotionem
1463 2937 1509 2971 et
1526 2942 1820 2984 personarum

259 3102 279 3120 ⁸
326 3093 408 3130 Sic.

1254 7 1263 15 κ
1327 7 1340 20 5⁷
1354 3 1404 31 7:3¹5(
1415 7 1430 19 ,-
1466 23 1485 32 w
1508 0 1714 36 -ἧ7ζιξ-,κ-ξζςῖ
1764 0 1766 2 ν
1779 5 1786 22 ‚7
1835 0 1911 31 ἷζεν·
1927 0 1973 22 fv·
1983 0 2066 36 ἱΉξ
