2098 3470
293 263 363 309 498
604 308 610 315 .
766 265 923 302 Pal-mus
948 265 1192 302 annonvm
1218 264 1371 301 NADAL

245 365 323 408 tim
354 365 430 408 vbi
458 381 485 409 a
514 365 779 410 mulieribus
810 374 1046 411 vocantur:
1078 373 1175 409 tum
1204 381 1262 410 ne
1290 365 1526 410 inutilibus
1559 367 1695 411 rebus
1731 374 1880 411 terant

243 449 438 498 tempus,
466 451 561 486 tum
583 450 632 486 vt
659 443 953 489 sacerdotalis
980 442 1115 487 officii
1143 442 1297 486 debita
1324 442 1529 499 grauitas
1557 451 1874 498 conseruetur,

240 525 290 561 vt
311 519 459 562 omnis
481 519 656 576 species
677 520 940 564 offensionis
963 519 1178 572 euitetur,
1203 519 1275 562 vel
1297 519 1431 562 etiam
1455 520 1663 576 periculi.

329 596 527 639 Curetur
555 604 603 639 vt
630 596 860 640 silentium
893 603 1118 648 seruetur,
1154 610 1246 639 non
1279 596 1424 640 solum
1457 611 1515 640 ex
1549 596 1875 655 chirographO,

237 673 318 716 sed
339 673 476 725 etiam
498 681 545 716 vt
573 687 664 717 non
692 674 936 730 loquantur
963 688 1041 730 per
1069 674 1255 716 domum
1282 680 1411 717 extra
1439 673 1757 727 recreationes,
1789 674 1877 719 nisi

236 763 396 805 parurn
424 757 502 792 aut
532 750 804 803 necessario,
830 758 909 794 aut
930 764 1033 793 cum
1058 750 1291 802 facultate,
1316 756 1395 792 aut
1417 749 1464 793 in
1486 751 1623 793 rebus
1645 750 1877 795 litterariis

235 841 291 869 ex
313 827 516 882 generali
539 827 699 872 saltem
721 828 953 880 facultate,
980 834 1057 870 aut
1080 826 1382 870 consultando
1398 841 1532 871 casus
1548 826 1871 872 conscientiae.

235 902 458 946 Breuiter:
480 903 704 959 colloquia
721 903 977 947 voluntaria
996 917 1087 946 non
1103 904 1356 946 habeantur
1372 903 1419 946 in
1435 903 1513 947 tali
1535 910 1738 960 tempore
1759 903 1873 949 citra

234 980 496 1030 facultatem
521 981 780 1037 generalem
803 981 877 1024 vel
898 980 1234 1036 particularem.

320 1057 520 1113 Quando
541 1058 787 1102 schedulae
809 1056 973 1101 silentii
1002 1057 1178 1100 dandae
1205 1056 1500 1110 videbuntur,
1531 1057 1579 1100 id
1603 1058 1683 1101 fiat
1715 1057 1874 1102 suaui-

231 1140 315 1187 ter,
339 1135 546 1178 docendo
569 1146 650 1178 cur
672 1135 852 1178 dentur:
879 1135 1003 1190 quod
1025 1134 1063 1177 si
1085 1141 1366 1190 compertum
1389 1133 1475 1179 erit
1495 1148 1573 1178 eas
1595 1149 1687 1179 non
1710 1135 1872 1180 obser-

230 1211 349 1264 uari,
392 1219 569 1267 praeter
605 1226 680 1263 ea,
721 1226 838 1267 quae
875 1210 1107 1255 adhibebit
1145 1218 1242 1253 tum
1279 1211 1365 1256 379
1404 1218 1592 1255 externa
1628 1210 1868 1268 disciplina

228 1287 490 1344 superioris,
523 1297 618 1331 tum
647 1297 824 1333 secreta
852 1295 898 1332 et
925 1287 1188 1331 confessarii
1215 1294 1262 1331 et
1289 1287 1493 1340 rectoris,
1524 1288 1711 1332 deberet
1738 1303 1884 1345 praee

225 1365 425 1409 scribere
450 1373 598 1408 rector
622 1365 724 1418 illis,
750 1379 943 1421 quorum
965 1363 1253 1409 conuersatio
1276 1371 1410 1408 nocet
1431 1364 1501 1417 iis,
1527 1363 1606 1420 qui
1626 1365 1869 1408 schedulas

224 1450 515 1497 acceperunt,
541 1450 590 1485 vt
611 1442 886 1497 colloquium
908 1441 1111 1498 ipsorum
1140 1440 1301 1494 vitent,
1333 1441 1458 1496 quod
1486 1442 1573 1484 hoc
1602 1441 1738 1484 modo
1768 1441 1863 1484 dis-

224 1517 491 1566 simulanter
527 1518 625 1563 fieri
662 1518 843 1575 poterit,
883 1525 932 1560 vt
969 1517 1006 1560 si
1044 1517 1145 1574 quis
1181 1517 1484 1562 conueniatur
1520 1524 1648 1562 extra
1686 1524 1867 1574 tempus

223 1596 532 1648 recreationis,
558 1596 830 1651 respondeat
852 1609 905 1638 ea
926 1596 1041 1638 hora
1062 1609 1111 1638 se
1134 1609 1224 1638 non
1247 1608 1380 1650 posse
1402 1593 1596 1650 colloqui
1613 1608 1670 1637 ex
1686 1595 1862 1651 regula:

221 1671 269 1714 in
290 1672 572 1716 recreatione
595 1686 722 1725 vero,
746 1672 784 1715 si
808 1687 898 1715 non
923 1672 1133 1727 loquatur
1156 1671 1219 1714 illi
1241 1670 1339 1723 soli,
1365 1671 1446 1716 sed
1468 1685 1622 1714 coram
1645 1670 1744 1714 aliis
1772 1686 1864 1715 vno

221 1755 302 1791 aut
323 1749 478 1792 altero.
507 1750 635 1792 Haec
658 1755 727 1793 est
750 1748 864 1791 ratio
886 1749 1061 1800 efficax,
1086 1747 1164 1790 vbi
1185 1747 1298 1791 alter
1321 1747 1454 1791 facile
1485 1746 1760 1804 colloquium
1791 1747 1864 1791 vi—

223 1832 303 1879 tat;
329 1825 405 1868 vbi
429 1833 607 1879 neuter,
633 1825 730 1868 aliis
753 1832 873 1869 esset
895 1824 1106 1869 remediis
1127 1824 1347 1867 Vtendum
1371 1823 1621 1881 aptioribus
1643 1831 1688 1867 et
1710 1824 1862 1868 acrio-

223 1902 349 1946 ribus
361 1937 369 1945 .

676 2029 739 2059 DE
764 2028 1128 2059 VNIFORMITATE
1152 2026 1407 2057 SERUANDA

308 2134 445 2190 Quod
469 2134 525 2176 ad
547 2133 786 2178 inferiores
810 2139 959 2177 vestes
987 2132 1166 2185 attinet,
1192 2147 1286 2175 non
1314 2131 1556 2176 inducatur
1584 2132 1702 2176 ritus
1731 2133 1858 2177 clau-
1922 2168 1928 2176 .

219 2225 391 2255 sarum.
414 2211 506 2255 Sed
527 2210 719 2253 liberum
743 2209 799 2252 sit
821 2209 1001 2262 rectori,
1023 2216 1071 2252 vt
1093 2208 1319 2264 aliquibus
1340 2209 1452 2252 fiant
1474 2209 1657 2253 clausae
1679 2210 1736 2252 ad
1758 2223 1854 2252 ma-
1874 2248 1881 2255 .

217 2287 359 2332 iorem
385 2289 690 2341 honestatem.
1675 2279 1677 2281 ¹

303 2364 426 2408 Nihil
449 2364 558 2408 noui
580 2363 730 2420 operis
750 2362 990 2406 instituant
1012 2371 1211 2408 rectores
1232 2364 1404 2419 absque
1426 2362 1717 2418 prouincialis
1736 2362 1854 2406 arbi-

215 2442 317 2495 trio,
343 2441 430 2484 nisi
452 2441 490 2484 si
513 2440 621 2497 quid
644 2447 713 2484 est
736 2439 864 2496 parui
889 2439 1123 2492 momenti,
1149 2447 1195 2483 et
1217 2439 1384 2495 alioqui
1411 2439 1499 2484 38⁰
1522 2438 1850 2490 necessarium.

214 2518 517 2562 Prouincialis
539 2531 648 2560 vero
675 2516 722 2559 in
749 2531 803 2559 ea
826 2531 874 2560 re
896 2516 1181 2560 considerate
1202 2523 1326 2572 agat;
1351 2523 1398 2559 et
1419 2515 1458 2559 si
1480 2515 1664 2571 quidem
1685 2515 1745 2559 sit
1767 2530 1850 2560 no-

214 2610 324 2638 uum
356 2594 600 2651 collegium
624 2592 973 2644 aedificandum,
1004 2599 1254 2649 sequentur
1275 2591 1575 2649 prouinciales
1596 2593 1842 2649 exemplar,

213 2673 335 2727 quod
352 2671 462 2728 ipsis
479 2671 636 2714 datum
658 2678 745 2714 est.
764 2669 856 2713 Sed
877 2669 1002 2725 prius
1026 2677 1177 2714 tamen
1200 2668 1286 2713 erit
1303 2668 1392 2728 [ad]
1408 2676 1427 2695 ³
1442 2668 1750 2725 praepositum
1767 2683 1849 2726 ge-

212 2749 411 2792 neralem
433 2747 724 2791 scribendum
741 2746 798 2789 de
820 2745 1104 2789 institutione
1127 2745 1234 2789 noui
1257 2745 1468 2790 aedificii:
1494 2745 1616 2801 quod
1638 2745 1676 2789 si
1693 2759 1850 2790 exem-

210 2826 309 2882 plar
335 2840 426 2868 non
459 2825 680 2876 habeant,
711 2822 824 2865 illud
852 2829 1007 2879 petant
1034 2838 1061 2866 a
1088 2822 1291 2879 generali
1320 2822 1595 2879 praeposito,
1627 2823 1684 2866 ad
1712 2836 1848 2877 quem

210 2902 347 2946 etiam
371 2902 495 2958 prius
513 2901 712 2946 referent
729 2900 787 2943 de
804 2899 966 2956 quouis
985 2914 1106 2943 nouo
1124 2899 1346 2954 aedificio,
1366 2900 1424 2943 ad
1440 2900 1565 2955 quod
1580 2898 1848 2942 iudicabunt

256 3079 275 3096 a
324 3070 459 3105 omiss.
480 3068 520 3103 in
540 3078 612 3104 ms.
