2098 3470
286 241 357 279 414
757 234 912 271 PATms
937 235 1180 271 Hmnoxwm
1205 235 1356 272 NADAL

239 336 348 379 bere
371 334 738 379 secretissimam.
766 337 1025 392 Vtcumque
1053 337 1148 390 fiat,
1179 351 1270 380 non
1299 338 1414 381 solet
1443 344 1592 382 tamen
1622 338 1698 382 illa
1723 339 1869 397 accipi

236 418 366 456 extra
393 411 743 458 confessionem.

327 489 494 531 Rector
532 495 577 532 et
605 488 808 533 minister
837 489 1115 533 conueniant
1145 489 1261 534 inter
1290 504 1356 544 se,
1381 497 1430 533 vt
1459 504 1637 547 semper
1666 507 1784 536 vnus
1812 508 1870 538 ex

238 564 325 608 illis
347 564 602 621 reperiatur
626 565 672 608 in
692 566 838 623 prima
858 581 1031 619 mensa,
1057 574 1103 610 et
1124 567 1236 610 alter
1258 566 1304 610 in
1327 566 1414 620 23²,
1447 567 1494 610 in
1524 568 1713 624 prandio
1744 577 1790 614 et
1821 569 1868 613 in

231 656 394 686 caena.
663 691 683 698 ,

324 720 393 762 Ita
416 733 572 763 secum
596 727 807 777 reputent
830 721 1103 777 superioreS,
1127 735 1306 778 semper
1333 722 1428 766 fore
1450 722 1623 778 aliquas
1652 723 1864 767 tentatio-

238 810 335 848 nes,
361 803 407 840 et
429 796 606 852 aliquos
628 797 932 854 imperfect0s3
953 804 998 841 et
1015 811 1119 840 cum
1136 812 1367 853 nunquam
1385 806 1617 842 cessatura
1633 799 1691 842 sit
1708 814 1865 844 eorum

235 873 450 925 charitas,
476 880 521 918 et
550 873 785 930 diligentia
814 874 859 917 in
889 874 1099 918 remediis
1122 874 1404 928 adhibendis,
1435 889 1527 918 non
1553 876 1865 932 despondeant

235 949 438 992 animum
462 957 716 1007 propterea,
743 951 871 1007 quasi
893 951 1043 994 omnia
1069 952 1186 995 male
1213 952 1392 1004 cedant,
1423 966 1507 995 nec
1536 951 1626 995 sint
1654 951 1861 1008 inquieti,

232 1040 317 1071 nec
341 1025 415 1071 120
442 1026 648 1083 affligant
669 1042 718 1071 se
746 1042 884 1084 supra
910 1028 1111 1080 modum,
1137 1029 1217 1072 sed
1237 1036 1421 1084 sperent
1447 1028 1783 1085 longanimiter,
1817 1035 1864 1073 et

231 1103 431 1148 remedia
453 1103 715 1157 adhibeant,
741 1119 858 1160 quae
879 1104 987 1160 ipsis
1006 1112 1249 1149 occurrent
1265 1119 1346 1161 pro
1363 1120 1411 1148 re
1427 1112 1533 1149 nata
1549 1112 1595 1150 et
1611 1120 1668 1149 ex
1689 1105 1858 1149 instru-

229 1179 459 1223 ctionibus
480 1180 636 1238 colligi
657 1188 887 1238 poterunt.
955 1190 960 1196 '

321 1257 589 1314 Superiores
625 1259 881 1311 aduertant,
923 1259 1104 1314 quando
1141 1258 1315 1315 syndici
1351 1260 1562 1304 deferunt
1599 1259 1769 1317 aliquid
1804 1262 1861 1304 de

231 1334 464 1388 fratribus,
490 1342 540 1377 vt
566 1350 659 1379 non
686 1335 776 1380 sint
806 1336 959 1380 faciles
987 1337 1033 1379 in
1062 1337 1304 1391 credendo,
1335 1350 1420 1381 nec
1449 1344 1700 1393 sequantur
1730 1337 1861 1383 facile

231 1412 294 1466 id,
319 1413 376 1456 ad
399 1414 524 1468 quod
546 1412 645 1456 illos
667 1421 822 1469 posset
844 1413 1060 1458 inclinare
1083 1413 1184 1456 talis
1210 1413 1384 1457 relatio.
1415 1414 1506 1458 Sed
1529 1421 1688 1458 curent
1710 1413 1860 1470 aliqua

228 1489 318 1534 alia
339 1489 410 1533 via
435 1489 672 1534 veritatem
694 1489 966 1547 intelligere,
991 1497 1041 1534 vt
1064 1491 1121 1534 ab
1144 1490 1214 1544 iis,
1238 1491 1316 1547 qui
1348 1498 1493 1548 agunt
1525 1505 1628 1534 cum
1656 1491 1750 1544 illo,
1780 1491 1859 1548 qui
1879 1499 1884 1504 ’

222 1568 447 1612 defertur.
473 1567 571 1610 Erit
592 1567 726 1612 etiam
758 1567 869 1610 vtile
898 1567 1021 1623 loqui
1049 1582 1156 1611 cum
1183 1568 1260 1611 illo
1294 1577 1427 1612 caute
1455 1575 1501 1611 et
1531 1569 1777 1625 explorate,
1808 1574 1859 1612 vt

225 1643 369 1699 possit
397 1643 502 1686 sciri
539 1651 617 1687 aut
645 1643 839 1700 intelligi
870 1645 926 1687 ab
957 1645 1120 1688 eodem
1154 1644 1336 1700 aliquid.
1374 1645 1530 1700 Itaque
1562 1644 1610 1687 in
1645 1645 1857 1688 omnibus

228 1721 500 1777 procedatur
535 1735 640 1764 cum
676 1735 843 1777 magna
871 1722 1064 1774 cautela,
1097 1721 1502 1778 circumspectione
1533 1729 1579 1766 et
1608 1722 1858 1779 prouiden-

226 1786 305 1851 tia,
330 1806 376 1842 et
398 1799 679 1852 aduertatur,
699 1813 755 1841 ne
772 1797 833 1850 id,
855 1799 977 1854 quod
993 1797 1253 1841 institutum
1270 1805 1339 1842 est
1357 1799 1411 1842 ad
1430 1799 1590 1843 fratres
1610 1798 1853 1851 iuuandos,

225 1882 275 1917 vt
298 1890 325 1918 a
347 1874 548 1931 syndicis
569 1875 832 1919 deferantur
853 1875 910 1917 ad
932 1874 1203 1931 superiores,
1228 1882 1430 1918 vertatur
1457 1874 1504 1917 in
1532 1875 1854 1919 detrimentum

220 1966 399 1996 eorum.
432 1953 482 1995 In
515 1967 564 1997 re
595 1958 747 1995 autem
778 1958 972 2008 Vrgente
1003 1959 1048 1995 et
1080 1951 1351 2008 periculosa,
1390 1953 1464 1996 vel
1500 1951 1668 2008 alioqui
1703 1952 1851 2009 graui,

225 2029 557 2072 occurrendum
579 2035 648 2073 est
669 2035 714 2071 et
736 2029 793 2070 ad
815 2027 1057 2071 consilium
1080 2042 1214 2071 suum
1236 2028 1527 2072 ordinarium.

309 2105 359 2150 Si
381 2105 482 2161 quis
504 2105 675 2150 diceret
697 2120 789 2148 non
810 2119 944 2161 posse
965 2120 1016 2149 se
1044 2105 1214 2161 aliquid
1243 2104 1299 2150 121
1330 2106 1494 2159 facere,
1527 2106 1648 2161 quod
1676 2106 1739 2149 illi
1772 2121 1850 2150 su·

220 2182 374 2239 perior
396 2182 671 2239 iniungeret,
697 2196 789 2226 non
810 2182 1030 2225 continuo
1053 2183 1188 2226 debet
1217 2183 1334 2226 male
1361 2182 1418 2226 de
1447 2182 1524 2226 illo
1551 2182 1752 2228 iudicare
1772 2197 1851 2227 su-

219 2260 384 2316 perior;
426 2274 508 2317 pro
538 2259 755 2315 qualitate
784 2266 935 2303 tamen
973 2273 1208 2315 personae,
1243 2266 1394 2315 potest
1422 2267 1555 2304 caute
1583 2267 1628 2304 et
1655 2260 1851 2303 circum-

219 2345 376 2394 specte
405 2337 642 2394 suspicari3
672 2335 841 2380 etiam
878 2336 1073 2392 primum
1111 2350 1295 2380 causam
1331 2336 1627 2393 interrogare,
1661 2344 1758 2380 tum
1793 2351 1850 2382 ex

218 2414 334 2471 ipso,
368 2422 464 2458 tum
493 2400 676 2458 aliunde
702 2413 973 2470 intelligere,
1005 2428 1146 2469 quare
1177 2414 1287 2456 illud
1318 2428 1410 2456 non
1437 2413 1596 2470 possit.
1631 2415 1781 2471 Quam
1811 2415 1849 2458 si

216 2506 373 2537 veram
395 2505 496 2535 esse
518 2489 783 2547 comperiet,
803 2490 998 2533 mutabit
1019 2485 1083 2532 illi
1101 2489 1461 2546 occupationem,
1482 2490 1568 2533 nisi
1584 2502 1771 2546 prorsus
1792 2499 1850 2536 ex

218 2568 481 2619 infirmitate
502 2567 615 2611 nihil
637 2568 784 2612 facere
805 2566 963 2623 possit.
985 2566 1068 2612 Sin
1085 2581 1249 2611 causae
1266 2566 1380 2609 nihil
1400 2566 1475 2619 sit,
1495 2568 1575 2610 sed
1591 2559 1847 2623 impossibi-

216 2646 318 2689 litas
340 2645 549 2690 videatur
568 2645 645 2688 illa
667 2660 723 2689 ex
746 2643 1011 2697 tentatione,
1031 2643 1345 2696 melancholia,
1365 2644 1437 2686 vel
1460 2643 1625 2696 taedio,
1650 2650 1696 2688 et
1717 2643 1846 2687 fasti-

208 2723 305 2773 dio,
330 2723 404 2767 vel
426 2738 482 2767 ex
504 2722 663 2766 fraude
683 2721 781 2765 siue
802 2720 971 2764 malitia
994 2720 1197 2764 fortassis
1218 2719 1458 2776 proficisci,
1484 2720 1613 2763 eure't
1641 2720 1847 2776 superior

211 2799 421 2844 internae
449 2798 620 2843 mederi
647 2796 943 2854 aegritudini,
983 2812 1038 2841 ex
1067 2811 1157 2852 qua
1188 2796 1287 2841 fieri
1314 2805 1484 2853 potest,
1524 2803 1574 2839 vt
1608 2782 1846 2853 proueniat

205 2877 348 2920 etiam
370 2891 530 2921 reuera
551 2875 627 2919 illa
647 2873 842 2919 exterior
863 2874 1140 2930 impotentia.
1169 2875 1302 2930 Quae
1324 2873 1361 2916 si
1383 2872 1547 2930 expelli
1564 2887 1654 2916 non
1675 2880 1841 2930 potest,

211 2961 258 2998 et
281 2954 416 3010 culpa
437 2953 588 3009 aliqua
616 2953 662 2995 id
690 2953 875 3004 faceret,
908 2951 970 2993 illi
999 2952 1132 2995 detur
1160 2950 1310 3006 aliqua
1337 2950 1558 3007 probatio,
1589 2964 1724 3006 quam
1752 2965 1843 2994 non

208 3031 353 3087 possit
375 3031 591 3084 auersari,
623 3030 695 3073 vel
722 3028 911 3072 humilia
939 3028 1105 3082 officia,
1137 3028 1208 3071 vel
1237 3026 1558 3084 peregrinatio,
1593 3027 1667 3071 vel
1698 3026 1843 3070 serui-
