2098 3470
652 244 886 284 ourionis
909 250 1353 287 nasammonas—70
1700 251 1772 288 705

190 351 278 393 bus
313 349 526 393 omnibus
554 343 915 392 sentiebat‘esse
950 345 1272 397 obediendum,
1296 352 1347 386 vt
1378 346 1518 400 Xpo.;
1550 345 1820 388 mouebatur

183 441 300 470 vero
320 427 379 470 ad
400 425 760 482 compassionem
781 423 898 476 eius,
923 423 1046 479 quod
1066 437 1207 479 agere
1235 421 1468 466 videretur
1490 421 1712 466 aduersus
1733 423 1819 466 So·

191 503 419 555 cietatem,
444 510 491 548 et
510 517 566 546 eo
587 501 836 558 impensius
855 500 1014 544 orabat
1035 514 1119 556 pro
1138 513 1195 543 eo
1217 498 1264 541 in
1291 498 1430 543 missa
1458 507 1503 542 et
1534 499 1632 542 aliis
1652 499 1821 542 oratio—

192 580 344 632 nibus,
369 587 415 623 et
437 578 701 636 praesertim
723 585 775 621 vt
795 576 1022 621 Dominus
1044 576 1240 620 animam
1269 575 1369 620 eius
1396 575 1666 631 susciperet,
1691 575 1821 631 quasi

192 656 349 702 breuis
368 664 489 700 esset
512 656 664 698 futura
685 655 784 700 eius
805 654 916 698 vita.
940 652 1154 696 Christus
1163 655 1300 711 Jesus
1316 651 1425 696 velit
1442 666 1521 708 per
1542 667 1670 695 suam
1688 652 1821 695 mise-

194 733 434 776 ricordiam
456 732 729 778 sententiam
748 731 802 788 (si
821 730 1048 786 contraria
1075 730 1159 785 est)
1189 737 1458 786 temperare,
1482 737 1528 772 et
1558 729 1667 772 faxit
1695 736 1744 771 vt
1775 729 1821 771 in

141 808 147 811 ’
194 809 527 866 longitudinem
548 809 722 852 dierum
744 807 872 852 viuat
893 814 940 852 et
961 813 1200 850 succurrat
1227 806 1312 850 Dei
1334 806 1571 860 ecclesiae,
1595 807 1652 849 ad
1680 806 1822 849 maio-

194 901 288 931 rem
311 886 508 930 nominis
528 886 599 930 sui
620 884 987 942 superbenedicti
1009 884 1221 941 gloriam.

283 963 441 1008 Tertio
462 963 537 1008 die
557 963 603 1006 in
626 963 831 1007 oratione
866 961 1106 1015 matutina,
1139 960 1276 1012 idem,
1300 974 1406 1003 cum
1432 961 1663 1004 desolatus
1684 971 1821 1012 esset,

194 1041 331 1084 datus
351 1047 422 1083 est
442 1040 506 1082 illi
527 1035 711 1096 spiritus
732 1040 916 1096 quidam
936 1047 956 1065 ²
976 1052 1031 1082 ac
1060 1052 1223 1083 sensus
1250 1037 1535 1090 humilitatis,
1561 1052 1664 1080 cum
1687 1037 1823 1080 vber-

195 1123 289 1160 tate
310 1117 648 1168 lachrimarum,
667 1116 732 1159 illi
753 1116 928 1168 similis,
948 1115 1037 1161 2⁰9
1055 1130 1191 1171 quem
1215 1115 1405 1171 accepit,
1424 1115 1502 1157 vbi
1525 1117 1660 1158 Pater
1684 1116 1823 1170 Igna-

196 1194 288 1237 tius
308 1194 491 1238 volebat
514 1202 563 1236 vt
584 1193 909 1250 professionem
931 1193 1159 1238 emitteret
1179 1206 1208 1246 4
1234 1199 1461 1245 votorum,
1486 1199 1533 1235 et
1555 1191 1650 1248 ipse
1674 1200 1824 1235 tamen

196 1270 423 1321 sentiebat
444 1286 495 1316 se
529 1270 735 1326 ineptum
773 1271 831 1314 ad
866 1270 1208 1327 profeffiionem,
1232 1277 1277 1314 et
1313 1269 1664 1325 conquiescebat
1695 1269 1741 1311 in
1772 1284 1826 1312 eo

195 1355 355 1404 gustu,
380 1355 430 1390 vt
450 1348 588 1392 vellet
608 1347 780 1390 seruire
801 1346 1017 1403 professis
1031 1355 1267 1404 perpetuo,
1286 1355 1333 1390 et
1352 1361 1455 1391 esse
1475 1346 1727 1399 coadiut013
1745 1347 1827 1389 sed

195 1425 438 1469 videbatur
458 1440 620 1469 sensus
642 1412 858 1481 praesens
881 1424 1023 1468 maior
1043 1432 1091 1468 et
1109 1425 1351 1477 efficacior,
1375 1425 1495 1468 vnde
1518 1424 1658 1467 maior
1680 1425 1758 1466 lux
1780 1431 1825 1466 et

197 1501 383 1546 libertas
411 1501 640 1545 oriebatur
672 1501 716 1544 in
754 1501 933 1546 actibus
959 1501 1241 1555 humilitatis,
1265 1510 1315 1544 vt
1336 1517 1385 1546 se
1407 1510 1587 1558 gereret
1609 1508 1822 1556 tanquam

106 1593 120 1598 r
152 1598 159 1601 ⁸
198 1578 523 1630 coadiutorem,
547 1586 596 1622 et
616 1593 774 1622 omnes
811 1579 1037 1634 professos
1058 1586 1360 1631 reuereretur,
1386 1586 1599 1635 tanquam
1624 1578 1828 1634 superio-

199 1670 287 1708 res,
306 1662 354 1699 et
380 1655 491 1699 nihil
514 1663 563 1698 vt
590 1656 792 1711 aequalis
813 1671 862 1700 se
883 1655 971 1699 illis
991 1656 1237 1712 ingereret,
1261 1655 1348 1700 nisi
1370 1664 1560 1700 vocatus
1581 1670 1634 1700 ac
1656 1656 1824 1698 iussus.

137 1765 141 1767 Α
199 1733 337 1793 Nulla
357 1740 534 1790 poterat
555 1732 618 1775 illi
645 1733 798 1776 subire
826 1733 1043 1789 cogitatio
1070 1748 1220 1778 rerum
1251 1748 1539 1792 magnarum,
1569 1735 1650 1778 sed
1676 1733 1828 1776 humi-
1876 1731 1878 1733 ’

199 1809 327 1862 lium,
351 1817 397 1855 et
417 1809 463 1853 in
485 1809 652 1866 quibus
673 1809 773 1853 aliis
801 1810 1007 1862 seruiret,
1032 1825 1115 1866 per
1134 1825 1251 1866 quos
1270 1810 1418 1868 ipsum
1444 1812 1574 1855 Deus
1595 1812 1826 1868 guberna-

199 1894 284 1940 ret;
307 1887 427 1932 bene
446 1886 675 1930 iudicabat
700 1887 758 1931 de
786 1886 1016 1943 omnibuS,
1039 1887 1159 1930 bona
1178 1886 1226 1931 in
1247 1887 1347 1931 aliis
1367 1876 1634 1933 aestimabat
1653 1887 1824 1944 magni,

198 1977 252 2007 ac
273 1964 476 2008 suauiter
496 1964 905 2020 contemplabatur;
925 1965 1042 2007 mala
1059 1978 1150 2007 non
1168 1972 1346 2021 poterat
1366 1966 1720 2022 apprehendere;
1741 1979 1827 2020 pax

201 2039 247 2083 in
270 2039 469 2093 Christo,
493 2040 568 2084 cui
589 2041 688 2084 laus
708 2049 754 2084 et
775 2040 920 2097 gloria
936 2040 983 2084 in
1003 2041 1265 2086 seculum...

289 2118 459 2174 Magna
481 2117 764 2161 confirmatio
786 2131 843 2160 ex
875 2132 1012 2161 sensu
1034 2117 1215 2162 interno
1233 2133 1388 2163 earum
1417 2135 1582 2172 rerum,
1608 2134 1725 2174 quae
1747 2134 1825 2161 su-

197 2193 361 2249 periori
377 2193 516 2237 biduo
533 2202 749 2238 senserat.

243 2286 252 2294 ¹
287 2271 460 2315 Sensus
496 2270 681 2326 spiritus
717 2285 822 2314 cum
857 2272 1119 2328 lachrymis,
1150 2274 1273 2330 quod
1300 2274 1583 2317 confidenter
1609 2275 1666 2316 ad
1693 2273 1828 2316 Chri-

198 2355 320 2390 stum
336 2349 492 2404 Jaeum
517 2335 800 2403 praesentem
818 2348 865 2391 in
881 2349 1153 2393 eucharistia
1168 2359 1457 2394 sacrosancta
1478 2358 1547 2395 est
1569 2351 1827 2394 adeundum

198 2437 252 2466 ac
273 2423 631 2480 confugiendum
653 2424 699 2467 in
717 2425 880 2480 quauis
901 2426 1187 2480 necessitate,
1212 2429 1593 2483 quemadmodum
1613 2441 1827 2483 praesen-

150 2528 154 2532 =
198 2507 289 2544 tem
312 2499 496 2543 adibant
518 2500 726 2557 discipuli
747 2509 794 2545 et
820 2502 1049 2547 adiremus
1069 2505 1157 2547 hoc
1179 2511 1396 2560 tempore,
1422 2505 1460 2547 si
1488 2512 1673 2549 externa
1702 2519 1828 2560 prae-

198 2576 346 2622 sentia
366 2577 413 2620 in
434 2578 606 2620 mundo
622 2578 860 2622 nobiscum
881 2588 1156 2626 versaretur.

290 2655 339 2698 In
360 2661 452 2698 tam
481 2662 639 2698 exacta
667 2654 926 2700 intellectus
952 2658 1210 2702 obedientia
1237 2674 1475 2704 necessum
1503 2667 1573 2702 est
1599 2659 1829 2702 consulto-

201 2746 273 2776 res
308 2731 482 2775 ea·sint
514 2731 844 2792 obedientiaf‘,
876 2742 924 2776 vt
959 2748 1063 2778 cum
1099 2735 1256 2789 libere,
1296 2746 1341 2780 et
1370 2736 1559 2793 possint,
1590 2743 1635 2778 et
1661 2740 1719 2780 211
1748 2736 1830 2778 de-

198 2809 355 2860 beant,
381 2809 438 2851 de
460 2807 574 2851 actis
593 2809 878 2864 superiorum
899 2811 956 2854 ad
978 2813 1238 2868 generalem
1268 2815 1452 2865 referre,
1478 2820 1655 2857 constet
1680 2820 1830 2854 tamen

55 2872 59 2906 T
124 2924 133 2927 γ.
200 2885 246 2927 in
269 2884 380 2940 ipsis
400 2883 687 2929 obedientiae
707 2885 946 2930 districtio.
972 2889 1082 2932 Item
1112 2890 1233 2944 quod
1262 2890 1320 2932 sit
1347 2889 1649 2946 perniciosum
1674 2888 1828 2933 Socie-

272 3065 290 3081 ε
311 3073 317 3082 -
339 3053 501 3100 quidem
517 3065 589 3089 ms.
641 3055 707 3082 —b
732 3053 814 3094 Sic.

379 3117 493 3147 Etis-r.
512 3117 550 3146 P.
572 3118 709 3154 ΝΑοΑι,
726 3126 803 3148 τοι.
822 3118 888 3148 IV.
1612 3122 1647 3148 ⁴6
