2098 3470
300 239 371 274 666
774 240 928 277 PATms
951 241 1195 277 HmRONYMr
1222 240 1372 276 NADAL

253 339 330 396 gio
353 347 509 383 nostro
530 346 576 383 et
599 340 644 384 in
663 341 942 396 germanico,
963 349 1011 384 vt
1029 340 1400 384 scholasticorum
1424 343 1678 385 habeantur
1695 357 1892 400 congre·
1928 378 1934 385 .

254 416 478 473 gationes,
515 417 561 459 in
599 417 766 473 quibus
802 419 859 462 de
891 420 1028 462 rebus
1060 419 1115 460 ad
1147 417 1360 473 pietatem
1394 418 1666 462 facientibus
1700 427 1886 476 agatur,

256 492 460 549 praeside
483 508 573 537 vno
594 509 620 538 e
649 494 830 538 nostris.
859 496 916 538 Et
944 494 1125 550 quidem
1150 493 1188 537 si
1217 493 1319 549 quis
1352 509 1377 538 a
1405 509 1476 538 me
1509 496 1779 539 sententiam
1813 512 1887 540 ro-

255 578 401 626 garet,
426 584 659 616 censerem
683 579 889 615 nostrum
914 587 1014 616 esse
1038 573 1128 614 hoc
1151 585 1300 627 genus
1323 571 1576 624 ministerii,
1603 572 1647 615 in
1677 573 1889 616 domibus

254 647 520 702 praesertim
558 648 795 704 professis.
836 649 926 693 Sed
965 655 1134 692 certam
1171 662 1270 691 esse
1303 647 1521 691 rationem
1560 649 1888 706 designandam

256 732 394 780 atque
416 725 722 779 statuendam,
745 739 862 781 quae
884 724 1117 767 obseruari
1139 724 1340 777 deberet,
1366 731 1412 768 et
1441 739 1665 781 sperarem
1697 741 1785 782 ego
1813 727 1887 770 fu-

258 808 409 844 turum
432 808 482 843 vt
503 802 674 845 multae
702 801 879 846 animae
909 804 995 844 hac
1028 800 1202 843 ratione
1234 802 1290 844 ad
1320 801 1535 857 pietatem
1564 817 1887 859 promoueren-

257 885 347 932 tur,
371 879 542 922 multae
563 878 844 924 lucrifierent
866 880 1027 934 Xpo...

345 955 561 1000 Succedit
581 955 690 999 item
714 957 907 999 formula
929 955 1142 998 instituti:
1168 960 1232 997 «et
1246 961 1330 1011 per
1346 957 1611 1011 spiritualia
1629 957 1886 999 exercitia».

258 1031 397 1075 Dedit
418 1031 550 1075 nobis
571 1033 628 1077 de
650 1047 731 1076 sua
755 1033 956 1076 bonitate
980 1034 1121 1084 Deus,
1148 1032 1354 1075 attribuit
1377 1034 1509 1076 sedes
1530 1033 1796 1088 apostolica,
1821 1033 1890 1076 in-

258 1108 390 1164 signe
410 1108 519 1151 illud
543 1108 842 1153 ministerium
867 1108 1055 1152 iuuandi
1077 1116 1122 1151 et
1145 1123 1228 1151 nos
1250 1116 1295 1151 et
1324 1108 1577 1164 proximum
1608 1124 1686 1164 per
1714 1110 1890 1152 exerci-

260 1184 322 1228 tia
344 1185 609 1242 spiritualia,
635 1186 680 1228 id
703 1193 788 1238 est,
815 1201 895 1242 per
916 1185 1172 1228 doctrinam
1201 1193 1247 1230 et
1270 1187 1532 1229 methodum
1565 1185 1888 1238 meditationis,

259 1262 654 1318 contemplationis
686 1270 731 1305 et
760 1262 991 1305 orationis.
1018 1261 1321 1318 Intelligimus
1352 1277 1477 1313 vero,
1505 1277 1594 1306 non
1632 1263 1778 1306 solum
1811 1278 1892 1306 no-

260 1346 400 1382 stram
424 1339 545 1383 illam
569 1340 848 1391 methodum,
875 1339 1006 1382 cuius
1033 1346 1102 1382 est
1134 1347 1296 1382 auctor
1326 1340 1380 1383 P.
1412 1339 1634 1395 Ignatius,
1666 1341 1746 1383 sed
1773 1340 1892 1383 illam

262 1416 519 1473 praecipue.
544 1417 650 1472 Qua
672 1416 719 1458 in
742 1431 790 1459 re
817 1416 1094 1472 singularem
1124 1416 1415 1472 agnoscimus
1437 1416 1523 1460 Dei
1546 1415 1870 1472 benignitatem
1879 1431 1890 1469 ;

261 1493 386 1536 dedit
408 1493 528 1537 enim
551 1493 682 1537 nobis
705 1493 832 1548 quasi
856 1500 983 1536 extra
1014 1492 1216 1536 ordinem
1246 1492 1519 1548 peculiarem
1543 1494 1781 1548 quamdam
1812 1494 1898 1536 do-

262 1569 470 1623 ctrinam,
502 1584 592 1626 qua
624 1571 681 1612 ad
710 1570 957 1614 orationem
991 1577 1036 1613 et
1069 1583 1152 1612 nos
1183 1569 1513 1614 instrueremus
1543 1579 1589 1613 et
1620 1569 1891 1631 proximum,

262 1661 402 1702 quum
441 1646 554 1691 ratio
591 1647 758 1703 alioqui
791 1647 928 1689 huius
960 1646 1258 1690 institutionis
1290 1647 1543 1690 communis
1574 1646 1632 1690 sit
1664 1646 1890 1699 omnibus,

263 1738 380 1779 quae
402 1723 549 1780 gratia
572 1724 658 1767 Dei
681 1725 953 1767 auctoritate
975 1724 1222 1780 apostolica
1244 1724 1408 1768 certior
1430 1725 1549 1768 facta
1570 1732 1656 1777 est,
1681 1723 1758 1766 vbi
1777 1726 1895 1767 Pau-

266 1802 336 1844 lus
360 1814 384 1856 3
409 1801 623 1845 exercitia
645 1809 799 1844 nostra
821 1802 1123 1844 confirmauit.
1151 1801 1272 1844 Hinc
1295 1808 1363 1846 est
1385 1801 1507 1856 quod
1528 1802 1776 1845 debeamus
1798 1815 1896 1844 ma-

263 1892 401 1933 gnam
438 1891 565 1933 spem
592 1878 820 1922 collocare
848 1877 894 1920 in
923 1877 1091 1921 nostris
1119 1877 1364 1930 exercitiis,
1397 1877 1660 1933 praesertim
1691 1892 1795 1920 curn
1825 1876 1898 1920 illa

263 1953 501 1998 videamus
525 1962 614 1997 tam
637 1955 799 1999 vberes
821 1963 1072 2011 prouentus
1095 1963 1140 1998 et
1163 1954 1328 1998 nostris
1350 1962 1394 1999 et
1417 1954 1515 1998 aliis
1537 1954 1758 1999 attulisse.

352 2030 458 2074 Fuit
481 2031 599 2074 illius
622 2031 821 2074 methodi
845 2032 1162 2075 exercitiorum
1195 2039 1354 2075 auctor
1383 2033 1436 2074 P.
1468 2031 1675 2088 Ignatius
1704 2031 1789 2075 Dei
1817 2032 1898 2074 be·-

263 2108 426 2151 neficio
449 2115 587 2164 atque
608 2107 844 2161 instinctu,
869 2118 914 2152 et
937 2109 1118 2165 quidem
1142 2123 1196 2152 eo
1220 2118 1440 2164 tempore,
1464 2123 1555 2164 quo
1578 2109 1634 2157 ad
1656 2107 1898 2164 poeniten-

264 2185 371 2228 tiam
394 2193 440 2229 et
462 2186 520 2227 ad
540 2185 790 2229 orationem
813 2187 870 2228 ad
894 2187 1047 2230 vrbem
1080 2187 1336 2230 Manresam
1366 2185 1570 2237 secessit,
1597 2186 1735 2242 longe
1764 2199 1790 2228 a
1818 2199 1896 2241 pa-

264 2261 366 2314 tria,
401 2261 448 2304 in
476 2261 810 2315 Cathaloniam,
842 2262 1090 2319 Hispaniae
1118 2263 1344 2306 inferioris
1373 2262 1666 2319 prouinciam.
1699 2261 1900 2307 Secessit

264 2338 400 2391 enim,
437 2346 486 2381 vt
518 2339 614 2395 ipse
647 2338 937 2395 spiritualiter
977 2347 1265 2383 exerceretur
1297 2348 1343 2382 et
1375 2339 1679 2399 poenitentiae
1712 2352 1895 2395 operam

264 2416 410 2459 daret.
436 2417 568 2471 Quae
590 2416 730 2473 igitur
751 2415 848 2472 ipse
870 2416 1150 2472 experientia
1170 2417 1391 2472 comperit
1408 2415 1493 2459 sibi
1510 2415 1734 2472 profuisse
1750 2430 1806 2459 ex
1823 2414 1897 2468 iis,

263 2507 381 2547 quae
403 2492 616 2536 omnibus
638 2492 814 2549 putauit
840 2494 933 2535 fore
955 2493 1098 2546 Vtilia,
1123 2493 1169 2537 in
1191 2502 1209 2519 ³
1231 2494 1430 2536 libellum
1465 2492 1658 2548 redegit.

353 2569 440 2612 His
462 2569 689 2613 exercitiis
711 2571 860 2625 quoad
883 2570 1010 2622 vixit,
1036 2572 1093 2613 ab
1115 2569 1245 2614 initio
1269 2584 1412 2625 vsque
1433 2584 1543 2612 suae
1565 2567 1896 2621 conuersionis‚

264 2659 374 2688 Vsus
396 2653 465 2690 est
490 2653 535 2690 et
556 2660 638 2702 pro
660 2660 725 2698 se,
750 2653 796 2689 et
818 2660 898 2701 pro
920 2646 1035 2691 aliis,
1064 2649 1149 2691 Per
1172 2649 1284 2689 haec
1306 2645 1461 2694 statim
1484 2645 1532 2688 in
1554 2644 1791 2701 Hispania,
1817 2659 1900 2687 an-

268 2729 451 2777 tequam
474 2722 650 2766 veniret
672 2722 897 2767 Lutetiam
922 2723 1214 2775 Parisiorum,
1236 2723 1402 2765 multos
1419 2723 1476 2766 ad
1493 2722 1706 2778 pietatem
1724 2735 1899 2778 promo-

268 2798 350 2842 uit.
377 2800 465 2842 Per
485 2801 598 2842 haec
622 2798 827 2843 Lutetiae
850 2814 1015 2844 nouem
1045 2800 1147 2843 illos
1174 2800 1344 2856 primos
1366 2798 1514 2842 socios
1536 2813 1590 2843 eo
1614 2798 1818 2850 adduxit,
1850 2805 1900 2840 vt

267 2876 579 2920 renuntiarent
602 2877 757 2919 seculo
780 2883 824 2920 et
847 2876 988 2931 ipsius
1010 2885 1309 2931 sequerentur
1330 2875 1467 2928 animi
1490 2874 1771 2931 propositum
1793 2889 1874 2930 pro
1889 2898 1901 2904 ·

280 3071 283 3074 .
339 3054 357 3070 ³
407 3046 443 3078 et
461 3043 506 3079 in
524 3055 598 3079 ms.
