2098 3470
302 258 372 304 598
772 260 926 297 Plu-ms
953 261 1194 296 Hir-:Roman
1221 261 1372 296 NADAL

348 361 438 404 Vbi
481 368 633 404 essent
669 362 865 415 externi,
906 363 1070 419 quibus
1107 362 1322 406 exercitia
1360 362 1530 418 primae
1571 365 1883 410 hebdomadae
1926 347 1930 351 .

259 445 413 482 essent
451 438 833 482 subministranda
869 455 967 484 eam
1005 441 1063 482 ob
1102 453 1285 482 causam
1325 447 1517 489 tantum,
1551 448 1599 482 vt
1627 442 1885 497 generalem

260 514 430 558 rectius
462 514 750 559 instituerent
776 516 1125 567 confessionem,
1157 517 1228 559 vel
1251 521 1319 562 619
1350 516 1516 571 alioqui
1547 517 1583 559 si
1613 532 1702 560 non
1730 526 1889 562 exacte

261 590 475 635 exercitia
499 592 800 644 traderentur,
826 607 916 635 non
939 592 1119 647 expedit
1144 600 1190 634 vt
1212 593 1333 635 domi
1363 594 1435 637 vel
1466 593 1511 635 in
1545 594 1737 649 collegio
1765 594 1890 637 exci-

262 667 458 724 piantur.

353 746 521 801 Magna
541 745 776 801 diligentia
797 746 1080 797 adhibeatur,
1107 754 1154 788 vt
1178 746 1254 801 qui
1279 748 1496 789 talentum
1527 747 1740 791 videntur
1761 747 1890 790 habi-

263 821 351 864 turi
374 822 432 864 ad
455 822 674 866 tradenda
695 822 924 875 exercitia,
951 823 1037 864 illis
1060 831 1218 865 exacte
1241 824 1491 876 tradantur;
1518 832 1562 868 et
1580 823 1625 866 in
1642 826 1728 867 hoc
1745 823 1891 867 sciant

262 912 422 941 ornnes
443 913 654 955 mag-narn
676 914 776 942 esse
798 899 887 941 vim
913 899 1119 955 positam,
1147 899 1254 943 hinc
1277 899 1509 956 ingentem
1535 901 1701 956 sperari
1723 901 1888 945 debere

266 976 481 1029 fructum,
506 977 592 1018 hoc
613 991 714 1020 esse
736 976 994 1033 primarium
1018 976 1315 1020 ministerium
1339 965 1581 1021 Societatis
1608 985 1655 1022 et
1675 977 1895 1034 imprimis
1951 1006 1956 1010 -

265 1052 441 1106 efficax;
467 1047 687 1096 habeatur
709 1053 849 1109 igitur
869 1054 1074 1114 delectus
1095 1068 1267 1105 eorum,
1295 1054 1371 1109 qui
1388 1056 1473 1096 hac
1490 1055 1704 1098 facultate
1720 1055 1891 1108 valent,

265 1136 310 1172 et
332 1129 379 1171 hi
403 1129 596 1185 primum
626 1130 793 1172 nostris
821 1131 929 1174 dent
957 1129 1170 1173 exercitia
1195 1144 1250 1173 ex
1273 1131 1554 1186 superiorum
1579 1131 1894 1174 obseruatione

265 1213 312 1250 et
336 1206 651 1259 instructione;
676 1207 781 1251 dein
803 1207 1017 1259 externis,
1044 1214 1091 1248 vt
1114 1207 1423 1263 superioribus
1445 1208 1686 1252 videbitur.

847 1340 908 1368 DE
931 1337 1319 1370 TENTATIONIBUS

354 1437 403 1481 Si
425 1437 587 1492 aliquis
609 1452 634 1481 e
655 1438 820 1481 nostris
843 1438 1012 1482 diceret
1035 1438 1271 1494 superiori,
1297 1454 1345 1482 se
1367 1439 1413 1481 id
1442 1454 1533 1482 non
1561 1453 1696 1495 posse
1729 1441 1894 1491 facere,

264 1515 386 1568 quod
408 1514 470 1556 illi
494 1514 829 1570 praescribitur,
851 1530 907 1558 ne
929 1515 1146 1558 continuo
1162 1523 1291 1559 eatur
1307 1517 1363 1559 ad
1382 1516 1671 1572 suspitiones,
1691 1516 1765 1559 vel
1780 1516 1896 1559 iudi-

264 1591 349 1644 cia;
375 1592 456 1634 sed
478 1605 616 1635 causa
639 1591 957 1648 inuestigetur,
978 1607 1059 1635 cur
1081 1592 1142 1635 ita
1164 1592 1357 1647 dicatur,
1379 1608 1482 1636 nam
1499 1608 1552 1636 ea
1575 1607 1676 1637 esse
1694 1598 1776 1640 62⁰
1792 1602 1899 1650 pot-

265 1674 334 1711 est
361 1667 598 1711 infirmitas
628 1667 828 1723 corporis
861 1669 933 1712 vel
965 1668 1099 1712 etiam
1132 1669 1311 1721 mentis,
1352 1670 1425 1714 vel
1455 1685 1512 1713 ex
1543 1670 1618 1713 his
1648 1670 1808 1722 mixta,
1853 1677 1902 1712 vt

266 1745 469 1788 fortassis
490 1759 582 1787 non
603 1745 759 1801 possit,
786 1753 830 1789 et
853 1746 1016 1790 mentis
1034 1746 1216 1802 quidem
1234 1747 1305 1790 vel
1324 1747 1576 1790 voluntaria
1594 1748 1665 1791 vel
1683 1747 1894 1790 inuoluu-

267 1822 395 1874 taria,
421 1823 493 1865 vel
514 1822 697 1865 omnino
719 1821 856 1865 mixta
878 1839 933 1867 ex
960 1831 1166 1878 Vtraque,
1199 1826 1284 1867 hoc
1312 1831 1382 1867 est
1410 1824 1647 1878 desolatio,
1679 1823 1896 1878 taedium,

267 1898 450 1942 ariditas
477 1899 655 1951 mentis,
687 1900 999 1952 melancholia,
1031 1915 1148 1955 quae
1176 1901 1290 1944 solet
1318 1901 1474 1943 inuitis
1502 1900 1702 1952 euenire,
1734 1901 1806 1945 vel
1829 1900 1900 1942 vi-

268 1975 380 2018 tium
404 1975 602 2030 aliquod,
627 1977 699 2018 vel
720 1977 882 2032 partim
911 1977 1069 2019 vitium
1099 1977 1259 2033 partim
1290 1977 1527 2022 desolatio:
1561 1979 1672 2021 haec
1701 1991 1809 2022 vero
1836 1977 1903 2019 in-

267 2052 487 2108 quirenda
514 2060 622 2095 sunt
649 2054 820 2108 absque
846 2053 1120 2109 praeiudicio
1149 2054 1195 2096 in
1218 2055 1480 2098 alterutram
1503 2063 1693 2110 partem,
1718 2068 1900 2110 compo-

267 2129 356 2172 sito
386 2144 439 2173 ac
470 2130 626 2185 quieto
655 2129 820 2173 animo.
853 2130 899 2174 Si
931 2130 1072 2187 igitur
1102 2131 1351 2186 reperiatur
1374 2145 1474 2175 esse
1502 2145 1640 2174 causa
1665 2130 1903 2174 infirmitas

268 2206 484 2262 corporis,
520 2213 566 2251 et
597 2207 710 2249 fides
744 2208 951 2251 habenda
984 2215 1053 2251 est
1080 2207 1142 2249 illi
1171 2207 1493 2263 praedicationi
1516 2207 1824 2263 impotentiae,
1853 2215 1899 2250 et

268 2283 526 2328 adhibenda
547 2283 745 2327 remedia
767 2284 1031 2337 infirmitati,
1059 2292 1154 2327 tum
1178 2300 1255 2340 per
1278 2284 1518 2336 medicum,
1541 2293 1636 2326 tum
1658 2299 1739 2340 per
1769 2299 1902 2340 supe-

269 2360 448 2414 riorem,
473 2360 511 2403 si
534 2361 762 2403 videretur
783 2361 906 2413 vtile,
933 2370 982 2404 vt
1004 2369 1204 2406 mutetur
1226 2362 1324 2404 eius
1343 2361 1580 2417 occupatio
1597 2361 1643 2403 in
1661 2361 1809 2414 aliam,
1830 2363 1903 2405 vel

270 2437 583 2492 deturotium,
609 2438 869 2493 praesertim
892 2438 929 2480 si
952 2438 1192 2493 proueniat
1215 2438 1451 2481 infirmitas
1474 2453 1530 2480 ex
1551 2438 1831 2482 lassitudine.
1857 2438 1906 2483 Si

270 2529 361 2558 non
383 2522 453 2558 est
475 2516 586 2559 haec
608 2529 759 2566 causa,
785 2516 864 2557 sed
888 2515 1050 2559 mentis
1072 2515 1306 2568 desolatio,
1334 2516 1406 2557 vel
1428 2515 1563 2558 etiam
1587 2515 1902 2566 melancholia,

272 2606 430 2647 aspere
463 2599 558 2634 tum
590 2605 694 2634 cum
722 2591 792 2634 his
820 2607 909 2634 non
939 2600 1007 2636 est
1035 2593 1282 2648 agendum,
1309 2593 1389 2634 sed
1411 2591 1629 2643 suauiter3
1655 2599 1705 2635 et
1725 2591 1904 2635 tametsi

272 2682 430 2711 reuera
450 2668 525 2712 ille
546 2668 710 2712 mentis
731 2669 920 2712 affectus
944 2683 1033 2711 non
1058 2668 1192 2711 faciat
1214 2668 1332 2711 illam
1363 2673 1432 2715 621
1463 2668 1790 2724 impotentiam,
1825 2669 1906 2710 sed

273 2746 418 2788 solum
458 2745 593 2788 animi
629 2745 880 2797 infirmitas,
920 2745 1255 2789 dissimulanter
1294 2753 1444 2789 tamen
1481 2753 1550 2789 est
1586 2745 1816 2801 agendum
1859 2751 1907 2788 et

273 2823 523 2865 curandum
546 2822 682 2865 variis
702 2821 861 2866 mediis
884 2830 927 2865 et
950 2823 1272 2878 experimentis
1295 2830 1343 2864 vt
1365 2822 1440 2865 illo
1468 2821 1648 2864 fastidio
1675 2822 1901 2864 leuentur.

273 2899 454 2943 quabit
470 2907 620 2943 autem
639 2898 748 2942 alias
764 2898 826 2941 illi
844 2899 1167 2954 occupationes
1185 2900 1309 2951 dare,
1330 2913 1446 2954 quae
1463 2903 1672 2954 spectant
1689 2898 1745 2940 ad
1769 2896 1906 2940 animi
1968 2937 1970 2940 .

274 2976 663 3020 exhilarationem.
706 2975 786 3020 Sin
822 2989 960 3018 causa
997 2976 1364 3031 deprehendatur
1400 2974 1669 3026 voluntaria,
1704 2973 1766 3016 ibi
1798 2987 1906 3015 vero

274 3054 492 3096 Vtendum
516 3051 725 3098 remediis
746 3052 1089 3104 valentioribus,
1115 3054 1194 3096 sed
1216 3053 1446 3096 moderate
1469 3059 1618 3095 tamen
1641 3057 1688 3094 et
1704 3057 1910 3093 amanter
