2098 3470
303 278 374 323 406
773 278 927 316 Purus
952 279 1195 316 Hmuoiwm
1220 279 1370 317 NADAL

257 379 499 436 legiorum,
532 393 590 423 ne
619 379 919 424 concionandi
956 381 1028 424 vel
1065 395 1201 437 opera
1237 380 1311 438 pia
1347 381 1535 424 curandi
1559 380 1721 438 gratia,
1747 395 1798 424 ac
1826 396 1891 426 ne

258 455 522 500 conferendi
545 455 728 511 quidem
750 471 854 500 cum
875 457 1141 514 prouinciali
1160 458 1230 501 vel
1246 457 1572 511 commissario,
1593 459 1763 513 absque
1779 471 1883 515 spe-

259 531 362 576 ciali
384 533 459 577 vel
480 533 710 576 communi
731 548 886 577 eorum
911 535 1142 587 facultate,
1167 534 1253 578 nisi
1277 549 1348 578 res
1369 536 1482 579 adeo
1509 542 1629 578 esset
1659 534 1814 591 grauis
1839 543 1885 578 et

258 624 447 666 vrgens,
473 616 522 652 vt
543 624 635 653 non
656 619 808 666 posset
830 618 1000 654 tantam
1023 611 1117 667 pati
1139 626 1324 656 moram.
1353 613 1493 668 Quod
1511 627 1614 655 cum
1633 611 1822 656 fecerint
1838 619 1885 656 et

259 685 462 730 iudicent
485 685 786 742 prouinciales
809 702 900 731 non
924 687 1061 731 fuisse
1083 689 1198 732 adeo
1226 703 1414 745 grauem
1442 703 1641 740 causam,
1673 687 1887 745 prouide·-

259 763 376 806 bunt
397 776 450 805 ac
473 769 676 806 statuent
697 763 806 819 quid
827 765 872 807 in
895 764 1028 807 simili
1051 779 1160 808 casu
1184 766 1415 822 agendum
1434 765 1508 818 sit,
1533 764 1571 808 si
1593 764 1702 820 quid
1723 764 1884 807 huius·

249 839 382 882 modi
402 838 567 882 iterum
590 840 785 884 eueniat.

350 916 441 960 Vbi
463 916 622 961 reddet
643 916 804 973 aliquis
826 918 1130 963 conscientiae
1152 933 1262 964 suae
1292 919 1532 972 rationem,
1557 919 1629 964 vel
1659 919 1883 975 generali-

262 983 330 1039 ter
351 1000 538 1051 peccata
559 1008 640 1037 sua
663 995 968 1048 confitebitur,
993 996 1065 1039 vel
1094 1003 1267 1052 repetet
1296 996 1436 1053 (iuxta
1459 996 1677 1053 regulam)
1705 996 1897 1040 confes--

262 1070 456 1124 sionem,
476 1084 610 1126 quam
635 1070 709 1114 alii
730 1071 902 1124 fecerit,
927 1079 1173 1127 quaeratur
1196 1073 1253 1115 ab
1275 1087 1329 1116 eo
1351 1073 1395 1116 in
1425 1073 1710 1118 confessione
1733 1071 1806 1117 wo
1829 1086 1889 1117 an

263 1161 423 1190 reuera
443 1147 554 1190 velit
576 1161 630 1191 ea
650 1147 800 1191 omnia
821 1148 1043 1201 confiteri,
1069 1156 1114 1193 et
1132 1151 1338 1206 regulam
1361 1157 1562 1193 nostram
1581 1151 1637 1193 de
1654 1149 1896 1206 apertione—

263 1223 588 1276 conscientiae,
613 1224 670 1267 de
691 1227 975 1270 confessione
1007 1227 1226 1283 generali,
1252 1228 1308 1271 de
1340 1226 1606 1284 repetitione
1638 1226 1889 1271 confessio-

263 1300 336 1344 nis
359 1301 618 1344 obseruare.
646 1301 695 1346 Si
725 1303 796 1346 vel
824 1317 913 1345 non
943 1303 1238 1359 responderit,
1263 1304 1337 1348 vel
1359 1303 1650 1355 dubitauerit,
1670 1303 1742 1346 vel
1757 1303 1897 1359 plane

266 1377 430 1421 dixerit
467 1391 517 1420 se
548 1378 689 1432 nolle,
724 1378 842 1422 illius
874 1394 957 1423 nec
990 1381 1214 1424 confessio
1252 1380 1483 1433 audietur,
1519 1394 1604 1424 nec
1637 1379 1750 1423 ratio
1781 1393 1889 1422 con—

265 1454 486 1499 scientiae
507 1454 768 1511 accipietur:
794 1471 885 1509 non
914 1464 1152 1513 propterea
1180 1458 1301 1513 quod
1329 1457 1536 1502 Societas
1563 1457 1690 1499 illum
1719 1455 1890 1512 obliget

267 1533 325 1575 ad
346 1538 587 1588 peccatum
617 1533 820 1586 mortale,
846 1533 931 1576 nisi
955 1535 1136 1591 regulas
1157 1534 1255 1578 illas
1283 1535 1511 1578 obseruet:
1536 1534 1616 1578 sed
1653 1532 1759 1589 quia
1785 1532 1890 1576 sim-

262 1608 443 1665 pliciter
464 1608 577 1651 nolit
603 1608 861 1653 institutum
891 1610 1130 1655 Societatis
1159 1612 1419 1656 obseruare.
1446 1612 1602 1667 Quare
1630 1610 1898 1653 tractandus

269 1700 363 1728 non
384 1692 455 1729 est
475 1692 526 1728 vt
547 1685 625 1742 qui
646 1686 704 1730 sit
725 1687 781 1729 de
803 1688 1046 1732 Societate:
1073 1688 1453 1743 quemadmodum
1476 1687 1533 1740 ei,
1554 1687 1632 1743 qui
1653 1687 1766 1730 nolit
1781 1687 1890 1730 obe·

263 1761 360 1806 dire
381 1762 618 1819 superiori,
639 1763 922 1808 interdicitur
944 1764 1088 1808 cibus.
1112 1765 1250 1821 Quod
1267 1765 1303 1808 si
1320 1764 1484 1809 dixerit
1500 1764 1617 1808 velle
1639 1777 1688 1807 se
1708 1763 1898 1820 regulas-

266 1840 530 1892 obseruare,
555 1847 666 1883 tunc
686 1840 750 1883 illi
771 1840 1120 1898 significabitur,
1146 1842 1267 1898 quod
1289 1841 1348 1885 sit
1365 1841 1612 1885 obstrictus
1638 1841 1724 1884 sub
1746 1853 1892 1896 poena

265 1915 443 1972 peccati
464 1917 681 1971 mortalis,
706 1924 756 1960 vt
777 1933 935 1962 verum
958 1918 1096 1972 dicat,
1123 1926 1219 1962 tum
1242 1926 1429 1976 propter
1449 1918 1631 1974 insigne
1646 1916 1894 1962 detrimen-

265 1999 379 2047 tum,
401 1994 524 2049 quod
540 1994 780 2038 obueniret
797 1995 1033 2049 Societati,
1053 1995 1091 2053 si
1108 1995 1238 2041 aliter
1255 1997 1439 2048 faceret,
1451 2002 1547 2038 tum
1566 1993 1671 2051 quia
1688 2007 1780 2037 non
1797 2008 1894 2038 ser-

266 2077 393 2114 uaret
416 2071 553 2115 fidem
575 2071 622 2114 in
645 2085 694 2114 re
715 2072 1001 2128 grauissima,
1027 2073 1292 2129 praesertim
1315 2073 1360 2116 in
1385 2072 1683 2117 confessione.

354 2146 413 2192 ΙῠΙ
445 2147 594 2192 Etiam
615 2148 654 2191 si
681 2148 885 2193 Societas
907 2149 1133 2194 neminem
1157 2149 1330 2207 obliget
1358 2151 1416 2193 ad
1443 2157 1679 2206 peccatum
1707 2146 1900 2191 mortale

266 2225 325 2267 ob
347 2223 734 2269 inobseruantiam
757 2225 1036 2282 regularum,
1063 2233 1214 2272 tamen
1237 2228 1331 2271 sere
1353 2227 1505 2270 nullus
1521 2233 1607 2279 est,
1626 2225 1705 2282 qui
1726 2239 1819 2268 non
1839 2238 1897 2268 ex

272 2315 321 2345 se
339 2302 537 2345 adducat
558 2301 728 2358 aliquid
749 2303 870 2346 vnde
892 2310 1065 2359 peccet,
1086 2304 1245 2348 saltem
1268 2303 1522 2356 venialiter,
1541 2303 1580 2345 si
1601 2302 1783 2359 regulas
1803 2315 1897 2344 non

264 2379 497 2424 obseruet.
530 2380 665 2423 Vnde
686 2386 756 2424 est
777 2379 852 2422 illa
875 2381 1158 2424 consuetudo
1180 2388 1349 2433 nostra,
1375 2387 1424 2423 vt
1446 2380 1743 2423 confiteamur
1763 2378 1897 2421 inob-

266 2455 542 2499 seruantiam
564 2457 843 2512 regularum,
869 2458 990 2512 quod
1012 2472 1103 2500 non
1126 2471 1380 2514 possemus,
1401 2456 1438 2500 si
1460 2470 1547 2501 nec
1568 2471 1623 2500 ex
1645 2454 1793 2508 nobis,
1813 2468 1899 2498 nec

266 2545 322 2575 ex
344 2531 623 2589 obligatione
639 2533 915 2590 regularum,
936 2541 1174 2589 peccatum
1197 2533 1571 2577 committeretur.
1592 2532 1901 2575 Confirmatur

265 2610 355 2652 hoc
377 2624 434 2654 ex
453 2611 516 2652 D.
549 2611 727 2653 Thoma
750 2617 816 2652 2.³
838 2618 937 2662 2:³²⁶,
965 2618 1144 2666 quaest.
1183 2611 1280 2663 186,
1307 2617 1388 2653 art.
1415 2625 1458 2668 9,
1479 2611 1536 2654 ad
1564 2617 1655 2655 13¹¹*
1677 2610 1734 2651 Et
1755 2622 1897 2663 quan--

265 2686 509 2742 doquidem
531 2687 798 2744 contingere
819 2694 983 2743 potest,
1009 2695 1059 2731 vt
1080 2689 1254 2731 nullum
1278 2688 1336 2731 sit
1358 2695 1612 2744 peccatum,
1638 2686 1675 2730 si
1697 2686 1800 2743 quis
1816 2685 1899 2749 ali-

266 2777 402 2819 quam
424 2765 630 2820 regulam
652 2779 745 2807 non
766 2765 996 2817 obseruet,
1022 2781 1075 2809 ea
1097 2766 1153 2809 de
1176 2780 1223 2808 re
1251 2764 1470 2808 iudicium
1500 2764 1587 2809 erit
1614 2761 1901 2814 confessarii,

267 2855 323 2884 ex
345 2840 444 2884 iure
465 2841 717 2884 communi.

356 2918 549 2974 Quoties
571 2918 724 2963 veniet
743 2918 903 2974 aliquis
925 2919 966 2964 ei
989 2922 1298 2973 confessurus,
1323 2918 1398 2962 cui
1422 2934 1514 2962 non
1535 2919 1666 2972 solet,
1698 2931 1902 2973 quacun-

268 3009 357 3050 que
383 3010 440 3040 ex
467 3009 606 3039 causa
633 2995 679 3038 id
705 2995 903 3050 eveniat,
934 2996 1248 3053 interrogabit,
1283 3011 1340 3040 an
1374 2997 1483 3041 velit
1514 3010 1697 3039 causam
1728 2994 1895 3045 dicere,

267 3079 451 3128 propter
478 3087 614 3128 quam
641 3087 725 3116 suo
752 3073 1026 3117 confessario
1054 3073 1280 3117 ordinario
1311 3088 1403 3117 non
1434 3074 1699 3126 confitetur,
1734 3078 1780 3117 et
1814 3069 1905 3115 sibi
