2098 3470
717 299 991 336 Moummnn
1015 297 1229 335 ITALIAE-
1241 306 1284 344 15
1703 299 1770 346 143

184 401 412 458 intelligas
432 415 567 458 quam
589 414 674 444 nos
694 414 750 443 ex
772 399 825 442 P.
858 397 1036 455 Ignatio
1063 398 1383 453 intelleximus,
1424 400 1554 444 facile
1588 409 1652 444 tot
1687 402 1814 445 testi-

184 478 348 523 moniis
367 478 666 521 conuinceris.
689 477 782 522 Sed
801 477 910 520 haec
931 477 1155 520 hactenus
1177 477 1234 519 de
1254 483 1428 531 septem
1451 478 1533 520 Bo.
1562 478 1815 533 ratiqnibus

177 556 414 612 prioribus
434 570 488 598 ac
505 555 769 612 primariis.
1829 556 1831 558 ’

271 633 347 676 Ad
367 632 478 676 alias
498 646 610 676 uero
630 638 820 688 septem,
846 645 960 687 quas
976 629 1101 674 addit
1119 631 1202 673 130.
1223 630 1280 672 ad
1296 630 1563 673 eleuandam
1586 632 1815 675 constitu-

113 701 117 704 *
182 708 384 763 tionibus
419 708 761 761 authoritatem,
800 707 1073 764 compendio
1109 707 1383 763 respondeo;
1424 721 1528 749 nam
1567 709 1661 751 fere
1699 709 1815 751 nihil

181 786 304 829 aliud
326 801 462 842 quam
485 784 648 842 repetit
669 785 828 842 eadem
850 784 1114 828 identidem.

270 864 408 919 Quod
429 862 575 919 primo
595 862 695 905 loco
717 861 871 914 sumit,
897 863 961 904 ita
982 876 1072 904 non
1102 865 1180 912 est;
1209 875 1314 904 nam
1347 875 1431 904 nec
1463 861 1634 917 primos
1667 863 1814 907 socios

183 949 320 983 uocat
343 940 609 984 fundatores
636 939 727 982 vlla
754 939 894 992 bulla,
933 952 1019 983 nec
1050 937 1137 981 illis
1173 938 1250 980 dat
1287 938 1548 980 facultatem
1587 940 1813 983 condendi

182 1016 554 1068 constitutioneS,
593 1016 675 1060 sed
711 1012 968 1071 praeposito
1003 1029 1109 1058 cum
1146 1013 1335 1057 consilio
1371 1014 1619 1068 sociorum,
1655 1017 1812 1060 maiori

180 1073 307 1149 parte
327 1092 665 1149 suffragiorum,
695 1091 926 1136 statuendi
957 1091 1028 1134 ius
1059 1092 1274 1143 habente,
1305 1098 1414 1144 etc.;
1446 1093 1570 1147 quod
1603 1093 1812 1149 superius

180 1169 395 1222 diximus·
1757 1182 1759 1185 “

267 1247 407 1303 Quod
426 1247 534 1292 item
562 1247 766 1290 secundo
794 1247 894 1289 loco
926 1245 1051 1298 citat,
1091 1259 1184 1288 non
1220 1251 1344 1290 recte
1374 1245 1499 1289 citat.
1543 1247 1810 1304 Praeposito

178 1323 299 1367 enim
320 1324 455 1367 datur
476 1323 729 1367 authoritas
749 1323 797 1366 in
818 1323 1030 1366 omnibus
1050 1321 1308 1378 diplomatis
1328 1323 1553 1366 condendi
1586 1324 1811 1367 constitu-

178 1400 341 1453 tiones,
365 1407 474 1454 ete.;
499 1401 582 1445 sed
608 1400 667 1445 de
698 1400 886 1444 consilio
917 1399 1162 1452 sociorum,
1197 1405 1243 1443 et
1274 1400 1364 1442 hoc
1396 1401 1568 1443 factum
1606 1415 1706 1445 esse
1728 1403 1810 1446 de-

178 1477 546 1521 monstrauimus.

265 1554 404 1610 Quod
425 1568 537 1598 uero
565 1553 634 1609 3.‘'
660 1554 766 1597 loco
790 1553 951 1597 asserit
977 1553 1147 1596 bullam
1183 1561 1278 1608 3.²¹¹¹
1302 1553 1412 1611 Julii
1445 1569 1809 1612 praesupponere

176 1638 301 1674 actas
328 1645 428 1674 esse
455 1630 819 1683 constitutiones,
850 1644 989 1686 quum
1016 1634 1058 1672 et
1087 1643 1248 1675 reuera
1274 1631 1423 1674 factae
1450 1630 1537 1675 iam
1562 1641 1715 1676 essent
1752 1635 1808 1677 de

174 1707 365 1751 consilio
387 1707 643 1762 Societatis,
667 1711 708 1750 et
727 1708 871 1751 multa
891 1714 1063 1752 statuat
1084 1708 1207 1751 bulla
1234 1722 1334 1752 esse
1365 1707 1490 1751 iuxta
1522 1709 1806 1753 constitutior

177 1799 258 1829 nes
285 1785 481 1841 agenda,
513 1785 645 1829 facile
671 1784 825 1841 colligi
859 1792 1015 1841 posset
1050 1786 1188 1829 hasce
1223 1785 1573 1829 constitutiones
1610 1787 1667 1829 ab
1698 1788 1806 1831 sede

177 1860 426 1918 apostolica
461 1860 716 1919 approbari.
757 1862 1001 1905 Caeterum
1038 1875 1273 1917 nunquam
1310 1876 1392 1905 nos
1429 1862 1624 1905 diximus
1656 1864 1805 1906 solum

174 1937 483 1996 praeposimm
503 1939 764 1996 generalem
785 1938 859 1983 ins
877 1939 1046 1983 habere
1072 1954 1131 1983 ex
1160 1939 1297 1983 bullis
1328 1940 1556 1982 condendi
1588 1940 1805 1984 constitu-

161 2014 342 2059 tiones:
381 2022 624 2072 propterea
659 2016 719 2058 ad
756 2017 943 2060 Patrem
973 2015 1205 2073 Iguuium
1237 2031 1417 2073 semper
1452 2017 1806 2060 monstrauimus

175 2091 464 2135 coniunctam
497 2091 711 2135 maiorem
741 2099 913 2148 partem
941 2092 1262 2149 suffragiorum
1296 2108 1453 2136 eorum
1488 2095 1692 2148 patrum,
1727 2094 1804 2150 qui

171 2167 244 2211 ius
270 2169 438 2212 habere
474 2175 685 2224 poterant
720 2169 942 2226 suffragii3
983 2170 1162 2214 tametsi
1199 2170 1308 2213 mihi
1345 2153 1585 2226 indignum
1623 2170 1803 2215 uidetur

172 2244 402 2300 requirere
423 2246 504 2288 hoc
523 2260 624 2289 esse
645 2246 906 2290 addendum
930 2247 984 2290 ad
1003 2246 1323 2306 authoritatem
1350 2247 1496 2290 Patris
1519 2247 1694 2303 Ignatii.

189 2335 198 2341 ’
258 2321 349 2366 Vbi
375 2336 481 2364 vero
502 2337 557 2367 ex
578 2321 651 2366 his
679 2322 824 2365 tribus
852 2323 1026 2380 colligit
1057 2325 1111 2366 P.
1138 2326 1241 2377 Bo.,
1266 2325 1379 2367 duas
1402 2323 1508 2366 facit
1530 2324 1796 2375 Societates,

170 2402 305 2442 vna‘m
326 2399 483 2444 decem
505 2399 752 2455 primorum
775 2398 980 2454 Patrum,
1004 2401 1137 2444 aliam
1161 2402 1234 2444 60:
1262 2409 1352 2456 3²¹³
1389 2402 1558 2443 nullam
1587 2402 1729 2456 ponit3
1756 2409 1801 2443 at

169 2488 258 2532 ego
279 2475 374 2519 scio
397 2475 687 2530 Societatem,
710 2491 828 2532 quae
850 2477 1102 2521 contineret
1130 2491 1180 2521 [ο
1212 2479 1380 2520 nullam
1414 2478 1567 2529 fuisse,
1605 2477 1689 2520 nisi
1722 2492 1800 2533 per

169 2553 395 2605 accidenS,
420 2553 543 2608 quod
563 2553 648 2597 soli
669 2554 732 2596 illi
754 2562 908 2598 essent
924 2554 971 2597 in
994 2555 1226 2608 Societate
1254 2556 1326 2598 60.
1360 2556 1516 2609 Itaque
1549 2555 1662 2596 duas
1691 2554 1797 2596 noui

168 2629 419 2675 Societates
441 2645 520 2686 per
549 2645 614 2674 se:
650 2645 799 2683 vnam,
841 2645 957 2686 quae
989 2631 1047 2674 ad
1073 2646 1313 2676 numerum
1342 2631 1688 2686 sexagenarium
1714 2629 1798 2671 fuit

167 2706 452 2759 confirmata,
484 2715 584 2751 eam
613 2708 812 2763 amplius
840 2722 932 2750 non
962 2707 1270 2764 agnoscimus3
1303 2708 1383 2751 sed
1413 2707 1550 2759 illam,
1576 2707 1631 2749 ad
1662 2721 1794 2761 quam

168 2781 404 2825 indefinito
425 2797 615 2827 numero
637 2783 812 2826 admitti
836 2785 1022 2839 possint,
1055 2791 1277 2839 quotquot
1309 2783 1541 2826 uocauerit
1570 2785 1710 2834 Deus,
1744 2797 1796 2824 ea

168 2859 264 2902 sola
283 2866 421 2914 atque
444 2860 577 2902 unica
599 2867 668 2904 est
689 2860 909 2912 Societas,
934 2875 988 2904 ea
1010 2861 1099 2903 hoc
1121 2861 1301 2903 nomine
1325 2875 1374 2902 ac
1400 2860 1570 2902 ratione
1595 2867 1662 2902 est
1686 2873 1795 2901 con—

168 2935 344 2978 firmata
381 2936 660 2980 authoritate
696 2937 945 2992 apostolica
981 2953 1007 2980 a
1044 2938 1224 2980 duobus
1261 2936 1447 2980 summis
1485 2936 1790 2991 pontificibus.

168 3012 324 3067 Itaque
349 3012 423 3054 alii
445 3012 646 3055 iudicent
668 3013 777 3068 quid
804 3013 889 3056 sibi
920 3014 1030 3057 uelit
1059 3015 1144 3056 hoc
1173 3015 1273 3056 loco
1308 3016 1356 3055 P.
1400 3015 1480 3055 ΒΟ.
1524 3013 1644 3066 quod
1676 3028 1790 3062 eam,

168 3101 284 3142 quae
311 3103 419 3131 uera
447 3095 516 3132 est
544 3096 588 3132 et
619 3089 749 3132 vniea
786 3089 1004 3143 Societas,
1046 3091 1315 3134 Societatem
1356 3103 1444 3131 non
1486 3096 1630 3132 uocet:
1673 3089 1791 3131 illam
