2098 3470
802 193 1238 233 Innumcras-61
1724 191 1794 238 583

301 297 560 344 «Adueniat
580 312 775 355 regnum
796 303 971 341 tuum.»
1002 295 1155 340 Aliam
1182 294 1286 338 finis
1318 294 1461 338 nostri
1494 302 1683 351 partem,
1723 310 1840 351 quae

207 376 267 420 ad
286 374 543 432 proximum
565 375 743 428 attinet,
766 374 844 418 hic
866 373 1165 431 postulemus3
1190 385 1371 415 omnem
1387 366 1561 415 scilicet
1583 373 1775 417 salutem
1794 380 1841 417 et

165 463 175 481 ¹
207 452 556 508 perfectionem,
590 460 688 495 tum
724 451 771 494 in
807 450 960 503 nobis,
1000 458 1098 494 tum
1134 449 1181 492 in
1218 449 1446 506 proxim03
1486 450 1574 491 hoc
1612 450 1730 492 enim
1770 457 1840 494 est

206 543 401 586 regnum
422 528 510 573 Dei
530 528 748 583 diuinius,
778 529 818 572 si
848 527 966 585 quis,
1002 542 1095 571 non
1125 527 1272 570 solum
1295 526 1488 569 salutem
1511 534 1834 581 consequatur,

208 612 303 648 tum
324 605 371 648 in
392 619 459 658 se,
485 613 581 648 tum
605 605 651 648 in
671 605 893 663 proximo,
917 605 999 648 sed
1020 603 1157 647 etiam
1180 618 1285 646 cum
1307 603 1453 646 salute
1477 617 1658 646 ornnem
1688 604 1836 659 perfe—

182 742 186 744 Π
205 681 422 727 ctionem.
447 681 593 727 Simul
613 690 821 739 petamus
841 689 948 726 octo
967 680 1290 734 beatitudines,
1322 679 1586 723 nominatim
1619 695 1727 723 vero
1742 667 1834 736 pu-

204 758 383 803 ritatem
409 759 573 803 mentis
594 774 648 803 ac
670 754 958 816 corporis,‘et
978 757 1200 802 castitatis
1222 757 1569 814 perfectionem.

295 836 423 880 «Fiat
443 837 655 880 voluntas
678 844 781 880 tua»
811 844 899 880 etc.
933 837 1149 880 Petamus
1175 834 1250 877 hic
1277 833 1564 879 obedientiae
1590 833 1834 890 perfectio-

201 927 323 966 nem;
348 921 414 967 vt,
438 914 819 969 quemadmodum
845 913 1095 964 intellectu,
1125 912 1377 964 voluntate,
1407 911 1713 966 exequutione
1745 911 1832 956 576

201 989 529 1046 perfectissime
550 991 650 1035 Deo
681 990 899 1034 obediunt
928 988 1080 1046 angeli
1110 996 1157 1032 et
1187 988 1332 1032 sancti
1363 988 1410 1030 in
1442 988 1589 1039 coelo,
1629 989 1832 1032 eamdem

200 1081 284 1110 nos
313 1066 602 1112 obedientiae
627 1067 955 1124 perfectionem
980 1080 1326 1123 prosequamur.
1359 1065 1504 1110 Simul
1533 1072 1756 1121 petamus,
1784 1074 1832 1107 vt

198 1142 348 1187 media
369 1144 535 1197 omnia,
561 1159 678 1200 quae
699 1145 756 1187 ad
778 1145 914 1188 finem
936 1152 1142 1187 nostrum
1162 1143 1356 1195 ducunt,
1375 1158 1429 1186 ea
1450 1142 1652 1198 perfecte
1674 1142 1833 1185 diuino

198 1219 367 1263 auxilio
387 1220 678 1277 impleantur.
944 1277 949 1283 ἱ

290 1298 488 1340 «Panem
511 1305 744 1340 nostrum»
770 1305 858 1341 etc.
884 1297 1035 1350 Vitae,
1061 1304 1158 1340 tum
1182 1296 1457 1356 temporalis,
1490 1306 1586 1339 tum
1616 1296 1829 1353 spiritua·

196 1373 268 1426 lis,
292 1374 671 1419 sustentationem
693 1382 917 1431 petamus;
942 1373 1231 1431 peculiariter
1252 1389 1361 1418 vero
1389 1374 1520 1417 nobis
1548 1373 1829 1430 paupertatis

193 1450 527 1506 perfectionem
564 1445 886 1508 postulemus;'
907 1451 1157 1508 simplicem
1193 1451 1366 1494 victum
1404 1467 1431 1494 a
1466 1453 1569 1510 Deo
1600 1459 1827 1507 optemus,

158 1552 166 1560 ·
194 1540 287 1570 non
307 1542 335 1572 e
354 1527 523 1571 nostris
543 1529 691 1581 bonis;
714 1529 844 1573 Deus
866 1528 986 1573 enim
1008 1543 1093 1572 nos
1114 1528 1193 1572 alit
1214 1544 1270 1573 ex
1291 1536 1575 1585 paupertate,
1606 1543 1742 1583 quam
1765 1528 1829 1570 illi

192 1604 494 1648 sacrauimus.
520 1607 646 1649 Deus
678 1606 811 1649 nobis
844 1606 922 1649 dat
953 1605 1275 1650 eleemosinam
1310 1607 1432 1650 vnde
1469 1605 1695 1648 viuamus.
1723 1608 1829 1648 >Pro

192 1680 326 1739 nobis
346 1681 472 1735 item,
495 1689 542 1725 et
563 1697 646 1739 pro
668 1682 739 1735 iis,
764 1697 879 1738 quos
900 1682 1128 1740 iuuamus,
1153 1690 1363 1739 petamus
1385 1683 1583 1726 fructum
1606 1698 1663 1727 ex
1685 1683 1828 1726 sacri-

191 1757 299 1801 ficio
332 1765 379 1803 et
410 1769 695 1803 sacramento
727 1759 1046 1813 eucharistiae,
1080 1761 1204 1816 quod
1235 1759 1282 1802 in
1304 1759 1518 1803 vniuersa
1540 1760 1732 1804 ecclesia
1754 1774 1827 1803 ca-

193 1834 364 1879 tholica
383 1835 436 1879 fit
462 1843 510 1879 et
536 1838 739 1890 affertur;
771 1837 907 1880 simul
933 1836 1148 1880 orationis
1185 1836 1399 1893 gratiam,
1439 1845 1485 1880 et
1513 1851 1662 1879 rerum
1693 1837 1822 1893 spiri-

191 1911 381 1956 tualium
403 1921 696 1969 prouentum,
720 1913 917 1957 exclusis
939 1913 1264 1970 temporalibus
1286 1914 1513 1966 omnibus,
1534 1928 1614 1970 per
1629 1928 1818 1970 pauper-

191 1995 347 2042 tatem,
372 1996 418 2034 et
439 1990 561 2042 vitae
581 1990 829 2047 spiritualis
850 1990 1194 2047 perfectionem.

276 2065 365 2111 ⁵⁷7
401 2068 484 2110 «Et
515 2066 693 2110 dimitte
714 2067 870 2111 nobis»
903 2074 990 2112 etc.
1024 2067 1114 2112 Hic
1134 2082 1373 2124 precamur
1401 2068 1581 2112 veniam
1610 2077 1826 2124 peccato-

187 2157 305 2196 rum,
330 2157 426 2186 non
446 2151 704 2187 nostrorum
725 2151 771 2187 et
793 2143 993 2188 omnium
1026 2145 1191 2197 solum,
1221 2146 1303 2190 sed
1330 2159 1487 2188 eorum
1517 2144 1820 2201 peculiariter,

189 2233 304 2275 quos
323 2220 611 2276 peculiariter
631 2222 853 2265 habemus
880 2223 1239 2274 commendatos,
1264 2229 1310 2266 et
1337 2236 1453 2278 quos
1484 2222 1651 2265 nostris
1689 2222 1824 2264 mini-

188 2295 338 2340 steriis
368 2296 593 2341 iuuandos
624 2298 925 2355 suscepimus.
952 2299 1262 2342 Obsecramus
1289 2299 1441 2351 simul,
1467 2307 1516 2341 vt
1544 2308 1590 2343 et
1618 2299 1663 2341 in
1693 2299 1823 2341 nobis

187 2373 303 2417 etin
324 2373 542 2430 proximis
570 2375 683 2417 fiant
710 2382 894 2418 nostrae
922 2375 1142 2429 actiones,
1172 2390 1286 2432 quas
1316 2390 1599 2430 exercemus,
1627 2377 1682 2418 ad
1717 2390 1821 2431 poe-

160 2457 164 2464 '
187 2449 407 2495 nitentiae
434 2437 819 2507 praedicationem
841 2459 887 2495 et
909 2451 995 2495 alia
1018 2452 1266 2497 ministeria
1282 2453 1511 2497 efficaces.

281 2528 365 2571 «Et
391 2542 450 2572 ne
478 2542 563 2571 nos
590 2527 805 2572 inducas»
846 2536 936 2573 etc.
968 2530 1154 2573 Nullum
1183 2545 1211 2573 a
1243 2530 1495 2574 tentatione
1524 2530 1645 2572 sinas
1679 2544 1819 2584 expu-

186 2604 338 2662 gnari,
362 2619 511 2661 neque
532 2620 616 2649 nos
637 2605 873 2662 permittas
900 2622 927 2651 a
956 2606 1211 2652 tentatione
1236 2622 1394 2651 earum
1422 2622 1590 2657 rerum,
1617 2620 1728 2660 quas
1751 2620 1822 2648 re-

185 2680 402 2738 liquimus
422 2697 504 2739 per
524 2682 809 2727 vocationem
831 2690 878 2727 et
899 2691 1055 2728 nostra
1080 2687 1205 2737 vo‘ta,
1230 2685 1302 2729 vel
1330 2686 1387 2727 ab
1415 2684 1500 2726 alia
1530 2683 1690 2738 quauis
1720 2690 1820 2724 ten-

187 2758 360 2804 tatione
379 2760 601 2816 superari,
625 2761 707 2804 sed
729 2761 870 2805 facias
890 2761 937 2804 in
959 2761 1211 2805 tentatione
1227 2769 1518 2819 prouentum,
1540 2768 1584 2804 et
1602 2748 1819 2802 confirma

186 2850 271 2879 nos
291 2835 338 2880 in
359 2844 519 2881 nostra
547 2837 787 2883 vocatione
813 2846 860 2882 et
897 2838 1063 2895 gratia:
1089 2839 1231 2882 facias
1264 2839 1370 2883 item
1410 2852 1492 2880 nos
1521 2838 1744 2888 efficaces,
1771 2845 1818 2878 vt

185 2912 377 2957 aliorum
399 2914 674 2959 tentationes
694 2916 907 2963 sedemus
929 2923 976 2960 et
991 2916 1255 2973 abigamus,

277 2990 395 3035 «Sed
416 2990 557 3036 libera
573 3006 685 3035 nos»
705 2998 797 3036 etc.
817 2994 909 3038 Sed
928 3002 1119 3050 protege
1136 3001 1273 3050 atque
1291 2992 1414 3049 eripe
1432 3000 1477 3034 et
1495 3006 1577 3034 nos
1595 2999 1639 3035 et
1658 3003 1818 3033 omnes
