2098 3470
357 269 426 295 xw
1001 260 1246 296 PRAEFArio

305 360 584 406 examinavit
621 360 795 404 Natalis
833 367 877 404 et
919 359 1297 412 accommodavit3
1339 359 1548 414 idemque
1585 358 1857 415 Ulyssipone
1893 365 1940 403 et

310 439 487 482 Eborae
525 436 747 493 praestitit
781 440 970 494 '.—9.¹¹¹¹¹
1004 439 1069 479 Ex
1103 436 1334 480 Lusitania
1372 435 1417 477 in
1454 435 1696 479 Castellam
1733 434 1937 488 veniens,

304 515 605 566 documenta,
645 513 812 569 quibus
840 515 998 556 domos
1026 513 1244 555 lusitanas
1272 511 1575 564 ordinaverat,
1605 511 1811 568 collegiis
1847 513 1939 556 Ca—

310 591 484 643 stellae,
511 590 705 634 Araozio
727 591 951 642 consulto,
987 588 1344 632 accommodavit
1382 589 1605 633 ².—10.¹¹¹¹¹
1642 589 1760 631 Cum
1787 595 1939 633 autem

285 668 517 711 eamdem
542 667 587 709 in
620 667 824 723 collegiis
852 666 1027 710 Galliae
1056 673 1101 710 et
1129 665 1402 709 Germaniae
1438 665 1684 708 lustrandis
1720 665 1938 710 rationem

311 743 531 795 tenuerit,
556 757 691 798 quam
715 743 759 785 in
784 742 1003 798 Hispania
1025 750 1071 785 et
1093 741 1326 785 Lusitania
1348 748 1621 793 servaverat,
1642 741 1823 785 easdem
1845 742 1940 786 fere

309 820 495 876 regulas
517 819 727 862 omnibus
751 819 987 862 tradidisse
1011 819 1205 871 videtur3
1231 818 1367 873 idque
1389 826 1459 862 sat
1481 819 1602 862 clare
1623 817 1812 870 eruitur,
1842 825 1939 861 tum

308 912 370 941 ex
393 895 538 940 Lainii
561 896 790 948 mandato,
815 896 872 938 de
896 895 1202 938 uniformitate
1225 896 1523 951 procuranda,
1548 902 1645 937 tum
1666 909 1723 938 ex
1750 893 1941 951 epistola

311 988 339 1016 a
361 973 512 1016 Natali
536 984 590 1026 27
614 972 886 1016 Novembris
915 973 1023 1026 1562
1047 971 1206 1015 Lainio
1233 972 1355 1024 data,
1379 971 1426 1014 in
1455 986 1543 1027 qua
1564 971 1774 1027 exempla
1805 985 1939 1028 regu·

313 1050 476 1103 larum,
511 1056 606 1091 tum
636 1048 754 1104 typis
787 1063 970 1101 excusa,
1003 1057 1097 1090 tum
1126 1062 1264 1090 manu
1302 1048 1484 1104 scripta,
1526 1050 1669 1091 Roma
1705 1047 1791 1091 sibi
1822 1047 1940 1090 mitti

315 1127 548 1182 poscebat,
574 1132 624 1167 ut
653 1125 802 1167 omnia
834 1125 1106 1169 Germaniae
1133 1125 1326 1181 collegia
1357 1126 1414 1168 ad
1442 1126 1647 1169 eamdem
1679 1125 1939 1182 regularum

314 1202 533 1245 rationem
571 1203 967 1244 conformarentur
994 1203 1219 1246 ³.-11.¹¹¹¹¹
1251 1202 1409 1246 Lainio
1440 1216 1466 1245 e
1497 1202 1613 1246 vivis
1648 1202 1849 1254 sublato,
1883 1201 1941 1245 de

313 1278 486 1335 regulis
515 1277 755 1322 Societatis
785 1278 1079 1321 emendandis
1106 1286 1151 1321 et
1188 1278 1522 1333 contrahendis,
1557 1294 1612 1323 eo
1649 1280 1770 1335 quod
1808 1277 1942 1322 nimis

309 1355 506 1399 diffusae
534 1355 635 1397 illae
665 1354 817 1397 multis
846 1355 1125 1409 viderentur,
1155 1363 1307 1398 actum
1336 1364 1420 1399 est.
1455 1358 1546 1400 Res
1577 1363 1746 1410 autem,
1782 1363 1942 1412 utpote
1979 1337 1987 1355 Ι

313 1431 429 1475 tanti
451 1431 683 1483 momenti,
708 1446 787 1475 sex
809 1431 1139 1486 definitoribus,
1165 1447 1280 1488 quos
1307 1433 1424 1477 inter
1452 1433 1628 1477 Natalis
1656 1439 1936 1486 recensetur,

307 1508 553 1552 commissa
576 1508 675 1552 fuit:
703 1524 894 1564 quorum
917 1510 1157 1561 sententia,
1180 1525 1204 1553 a
1223 1517 1316 1553 tota
1338 1510 1698 1566 congregatione
1719 1510 1941 1566 approba-

310 1593 373 1638 ta,
398 1585 444 1627 in
467 1586 700 1629 decretum
726 1598 780 1640 57
804 1587 943 1630 relata
965 1594 1049 1639 est,
1076 1588 1198 1642 quod
1220 1587 1282 1629 ita
1306 1588 1460 1631 habet:
1489 1587 1720 1644 «Regulae
1747 1600 1940 1643 genera-

312 1663 392 1714 les,
434 1677 550 1718 quae
587 1662 808 1718 incipiunt
844 1663 1035 1706 Summa
1070 1664 1317 1719 Sapientia,
1355 1663 1560 1720 integrae
1596 1670 1939 1715 conserventur;

316 1738 514 1794 reliquae
537 1754 643 1782 vero
664 1747 710 1782 et
731 1740 1060 1793 examinentur,
1081 1748 1142 1793 et,
1163 1742 1311 1796 quoad
1333 1741 1431 1785 eius
1447 1740 1544 1784 fieri
1560 1740 1742 1797 poterit,
1766 1739 1943 1785 brevio-

314 1831 386 1860 res
423 1816 533 1858 fiant
576 1817 806 1860 ⁴.—12.¹¹¹¹¹
844 1818 1069 1870 Tandem,
1105 1832 1207 1860 cum
1247 1817 1437 1874 Borgia‚
1478 1833 1534 1862 ex
1571 1815 1945 1874 congregationis

315 1894 542 1944 mandato,
568 1894 749 1949 regulas
766 1894 1074 1948 concinnaret,
1096 1895 1269 1938 Natalis
1285 1894 1474 1938 consilio
1492 1909 1602 1938 usus
1624 1902 1708 1947 est,
1727 1900 1781 1938 ut
1800 1892 1943 1937 videri

311 1976 464 2025 potest
487 1969 531 2011 in
555 1969 758 2025 epistolis
780 1971 910 2014 annis
939 1972 1191 2026 1566-1568
1214 1987 1239 2014 a
1263 1971 1431 2028 Borgia
1453 1972 1510 2014 ad
1532 1972 1658 2014 illum
1681 1970 1800 2014 datis
1817 1971 1849 2013 ⁵.

400 2047 468 2088 Ex
489 2046 622 2089 dictis
643 2055 828 2103 apparet
856 2062 991 2102 quam
1014 2047 1059 2090 in
1083 2048 1253 2104 regulis
1270 2049 1514 2092 Societatis
1535 2047 1808 2092 adornandis
1830 2061 1918 2104 ope

311 2137 405 2166 ram
428 2123 604 2166 Natalis
621 2124 879 2167 contulerit.
901 2125 1161 2177 Caeterum,
1183 2139 1286 2168 cum
1310 2125 1382 2168 hic
1399 2126 1527 2168 labor
1549 2139 1575 2168 a
1598 2123 1769 2181 Borgia
1790 2123 1942 2167 absol-
1966 2149 1971 2153 ›

310 2199 354 2242 vi
384 2214 474 2242 non
504 2199 718 2255 potuerit,
750 2208 997 2244 extremam
1026 2201 1087 2243 illi
1117 2211 1300 2245 manum
1336 2201 1551 2258 imposuit
1589 2201 1861 2252 Everardus,
1897 2207 1943 2243 et

306 2290 431 2320 anno
467 2277 573 2331 1582
605 2276 825 2320 Claudius
854 2278 1093 2332 Aquaviva
1122 2278 1286 2320 librum
1315 2279 1576 2334 regularum
1606 2276 1869 2329 Societatis,
1895 2276 1941 2319 in

309 2352 491 2409 collegii
515 2353 686 2396 romani
709 2354 1010 2410 typographia
1032 2369 1268 2408 excusum,
1294 2370 1376 2411 pro
1399 2355 1536 2398 totius
1558 2353 1802 2399 societatis
1823 2353 1945 2410 regi-

313 2429 435 2472 mine
455 2429 690 2486 evulgavit
711 2431 744 2472 ⁶.

389 2585 398 2604 ¹
450 2582 548 2621 Ibid.
539 2611 566 2629 .,
586 2584 615 2630 Ι,
636 2592 721 2629 495-
723 2592 807 2630 497,
829 2583 911 2630 536,
931 2583 1015 2629 5373
1031 2591 1071 2619 et
1091 2586 1137 2629 11,
1163 2594 1216 2630 19

384 2645 398 2664 ²
451 2642 550 2679 Ibid.
559 2643 616 2688 ‚I,
636 2651 720 2688 542,
739 2651 824 2688 551-
827 2651 913 2688 552.

385 2703 399 2722 5
450 2701 549 2737 Ibid.
557 2702 635 2748 ,ΙΙ
663 2701 743 2746 153.
770 2702 868 2737 Vide
894 2702 1013 2737 etiam
1037 2714 1136 2749 quae
1162 2703 1273 2750 infra,
1302 2715 1394 2750 pag.
1427 2713 1487 2750 92,
1518 2703 1699 2739 dicuntur
1724 2703 1774 2739 de
1799 2681 1947 2750 regulis
1973 2692 1976 2714 ⁸

315 2760 454 2796 iisdem
473 2760 708 2796 Germaniae
725 2772 770 2796 ac
789 2762 1050 2816 Portugalliae
1069 2762 2017 2798 accommodatis*

387 2823 400 2841 ⁴
451 2819 511 2855 Cf.
532 2820 664 2855 Instit.
686 2820 770 2856 Soc.
789 2820 888 2867 Jesu
912 2813 1164 2867 (Florentiae,
1193 2821 1296 2867 1892,
1331 2820 1450 2867 1893),
1481 2822 1524 2867 ΙΙ,
1554 2822 1637 2868 206;
1669 2827 1710 2857 et
1740 2822 1945 2868 ASTRAIN,

314 2880 394 2915 ioc.
417 2879 566 2923 cit.,11‚
587 2879 669 2924 433.

385 2940 398 2960 ‘0'
450 2939 577 2984 Epist.
600 2939 648 2974 P.
669 2938 819 2980 Nadal,
839 2938 911 2985 ΙΙΙ,
929 2947 988 2983 52;
1009 2945 1049 2975 et
1068 2940 1272 2986 ASTRAlN,
1294 2941 1367 2978 loc
1387 2940 1460 2976 cit.

382 2998 398 3020 ⁶
446 2998 509 3034 Cf.
534 2998 792 3044 MANAREUM,
822 2999 878 3033 De
903 2999 988 3033 vita
1012 3002 1049 3034 et
1074 3000 1252 3034 moribus
1280 3000 1482 3035 Everardi
1509 3000 1773 3043 Mercuriani,
1801 3010 1886 3046 cap.
1914 2999 1947 3045 Ι,

308 3056 407 3103 3,13;
428 3063 468 3093 et
487 3058 691 3098 ASTRMN,
710 3058 784 3094 loc.
802 3058 869 3095 cit
879 3058 958 3103 ,ΙΙ,
977 3057 1065 3102 436
1076 3057 1158 3103 438.
