2098 3470
321 299 387 334 182
792 299 946 336 PATms
972 301 1214 336 Hit-:RONYMI
1239 301 1393 337 NADAL

883 475 1288 518 MONUMENTA

376 562 439 592 AD
463 562 679 594 TERTIAM
703 564 1149 595 CONGREGATIONEM
1173 565 1467 596 GENERALEM
1492 567 1791 600 SPECTANTIA

1051 686 1126 730 19

658 772 751 814 PP.
789 749 1107 817 NI‘COLAUS
1141 773 1503 816 BOBADILLA

762 862 823 891 ET
845 862 1086 892 CLAUDIUS
1110 863 1403 893 MATTHAEUS

798 957 958 994 ROMAE,
980 948 1024 984 23
1042 958 1203 985 APR1L1s
1225 948 1315 994 1573
1335 950 1359 985 ¹.

370 1031 420 1070 P.
441 1030 695 1067 Mercuriani
711 1032 940 1068 electionem
960 1033 1004 1067 in
1017 1031 1293 1078 praepositum
1309 1033 1544 1081 generalem
1563 1033 1621 1081 leg
1630 1033 1790 1069 itimam

946 1091 1207 1138 profitentur.

1000 1201 1152 1279 Jesils.

353 1328 570 1373 Rationes
607 1335 653 1372 et
690 1343 854 1373 causae
884 1329 1179 1372 ostendentes
1207 1328 1422 1385 optimam
1453 1329 1593 1374 fuisse
1623 1329 1892 1375 electionem

262 1407 317 1449 R.
346 1408 397 1449 P.
421 1405 639 1450 Euerardi
661 1405 707 1449 in
729 1405 1035 1462 praepositum
1059 1406 1318 1462 generalem
1342 1406 1586 1451 Societatis
1601 1408 1728 1465 Jesu.
1755 1408 1897 1452 Anno

266 1493 395 1538 1573·

881 1559 969 1603 Die
998 1572 1053 1614 23
1077 1559 1263 1615 Aprilis.
1490 1608 1492 1610 ¹

346 1638 396 1681 In
423 1636 729 1694 primis,'quia
757 1636 908 1679 omnia
935 1636 1154 1694 suffragia
1181 1644 1311 1681 erant
1340 1649 1414 1691 47,
1445 1644 1490 1681 et
1519 1637 1604 1680 fuit
1641 1638 1815 1682 electus
1842 1637 1890 1682 in

255 1715 402 1776 primo
425 1714 645 1758 scrutinio
668 1725 723 1769 27
742 1713 987 1770 suffragiis.

345 1793 562 1837 Secunda
586 1791 700 1835 ratio
721 1798 805 1844 est,
832 1791 938 1846 quia
959 1790 1045 1834 fuit
1067 1791 1229 1835 electio
1252 1791 1409 1836 libera:
1435 1791 1628 1848 Hispani
1658 1798 1787 1836 erant
1811 1803 1882 1847 27:

255 1869 371 1922 Itali,
392 1868 514 1913 Galli
536 1875 582 1912 et
603 1868 822 1913 Germani
843 1870 1028 1912 fuerunt
1053 1880 1124 1922 20;
1149 1875 1194 1911 et
1216 1883 1373 1912 omnes
1395 1868 1603 1913 nationes
1627 1869 1888 1913 habuerunt

255 1946 473 2003 suffragia
492 1961 573 2003 pro
595 1945 797 2002 generali
819 1960 930 1989 suae
958 1945 1173 1998 nationis,
1198 1952 1243 1990 et
1273 1953 1425 1990 tamen
1453 1945 1551 2002 ipse
1578 1946 1702 1988 solus
1729 1945 1889 1989 habuit

257 2035 330 2077 27,
363 2023 541 2068 etiamsi
573 2037 667 2066 non
694 2022 752 2066 sit
779 2021 1021 2078 hispanus,
1043 2022 1159 2082 *quia
1197 2037 1313 2065 vnus
1350 2022 1535 2078 spiritus
1563 2023 1711 2066 bonu‘s
1741 2030 1811 2066 est
1841 2022 1889 2067 in

253 2108 348 2144 tota
369 2100 600 2146 Societate
615 2102 744 2158 jesu.

343 2179 423 2233 3.a
487 2177 611 2221 Talis
633 2183 702 2221 est
725 2183 771 2221 et
795 2183 921 2220 tanta
954 2176 1040 2219 fuit
1069 2176 1319 2220 consolatio
1347 2183 1392 2221 et
1414 2176 1583 2220 laetitia
1610 2176 1656 2219 in
1684 2179 1770 2220 hac
1793 2177 1886 2221 ele-

251 2255 419 2309 ctione,
447 2263 536 2298 tam
560 2254 607 2297 in
629 2253 858 2299 Societate
880 2268 1016 2309 quam
1040 2261 1183 2306 extra,
1208 2261 1257 2296 vt
1279 2253 1519 2298 manifeste
1540 2255 1749 2297 ostendat
1765 2253 1886 2296 illam

250 2332 391 2377 fuisse
413 2347 439 2375 a
461 2331 622 2388 spiritu
644 2331 829 2376 Sancto.

338 2409 410 2464 4²
473 2411 526 2453 R.
555 2411 607 2452 P.
635 2408 898 2451 Euerardus
920 2417 989 2451 est
1011 2423 1067 2451 ex
1089 2407 1292 2451 inferiori
1314 2407 1579 2461 Germania,
1599 2406 1761 2464 partim
1784 2407 1886 2464 gal-

249 2486 526 2543 lus,·partim
550 2499 811 2543 germanus,
837 2484 1002 2541 poterit
1025 2485 1269 2540 plurimum
1292 2483 1451 2528 iuuare
1474 2491 1712 2540 Vtramque
1734 2483 1885 2527 natio—

247 2579 369 2616 nem,
395 2564 452 2606 ab
474 2561 716 2607 haereticis
738 2561 967 2616 infestam,
994 2569 1039 2607 et
1055 2562 1187 2605 valde
1204 2553 1459 2618 granatam.

336 2641 529 2698 Quinta,
557 2639 812 2685 Paternitas
834 2654 915 2682 sua
933 2646 1001 2682 est
1018 2639 1086 2682 vir
1103 2638 1221 2695 pius,
1247 2646 1452 2682 maturae
1474 2638 1652 2692 aetatis,
1677 2638 1880 2695 integer-

246 2719 476 2774 rimaeque
498 2718 634 2772 vitae,
660 2724 706 2761 et
727 2731 863 2760 sanae
886 2716 1135 2760 doctrinae.
1173 2715 1315 2760 Nouit
1337 2724 1382 2760 et
1411 2723 1480 2760 est
1502 2723 1716 2772 expertus
1744 2730 1816 2759 res
1837 2722 1883 2758 et

247 2795 432 2852 negotia
461 2793 704 2840 Societatis
728 2795 855 2852 Jesu,
884 2793 969 2836 fuit
1006 2800 1154 2838 rector
1193 2792 1375 2849 collegii
1409 2792 1624 2836 Perusiae
1662 2792 1706 2835 in
1736 2791 1878 2844 Italia,

317 2938 327 2960 ¹
380 2939 438 2973 Ex
456 2938 670 2984 archetypo
687 2948 708 2971 a
727 2936 770 2971 P.
803 2935 1007 2971 Bobadilla
1025 2934 1172 2970 dictato
1199 2939 1239 2970 et
1269 2946 1290 2969 a
1320 2935 1364 2969 P.
1385 2934 1549 2970 Claudio
1572 2934 1769 2970 Matthaeo
1792 2934 1882 2968 sub·

245 2999 404 3045 scripto,
423 2998 463 3034 in
481 2996 617 3032 codice
638 2996 698 3032 De
715 2995 830 3031 rebus
847 3006 987 3042 congr.
1004 3006 1100 3042 gen.
1122 2994 1156 3029 I·
1168 2994 1211 3036 V,
1231 2993 1377 3040 duplici
1390 2993 1457 3029 fol.
1480 2992 1547 3028 183
1565 2994 1638 3040 (71,
1659 2994 1759 3040 207),
1779 2992 1881 3028 inter

245 3061 496 3093 monumenta
525 3055 600 3091 3.ae
630 3054 945 3101 congregationis
974 3052 1184 3099 generalis.
1217 3052 1317 3088 Vide
1353 3052 1626 3088 annotationes
1655 3051 1703 3087 ad
1732 3052 1882 3089 calcem

242 3116 359 3163 hujus
377 3115 513 3162 scripti
531 3114 696 3162 positas.
