2098 3470
305 277 374 312 856
881 278 1016 314 Ems'r.
1047 277 1089 313 Ρ.
1119 278 1268 314 NADAL

261 377 330 420 nis
353 379 741 434 consequendum.
769 379 906 434 Quod
928 393 1036 422 vero
1065 378 1211 434 inquit
1239 381 1437 424 Thomas
1467 388 1693 436 postremo
1721 385 1885 426 articu-

258 455 300 497 lo
330 467 443 508 2.2.,
477 470 568 498 non
598 469 699 499 esse
727 455 784 498 de
812 456 882 499 sui
911 456 1047 499 animi
1080 456 1309 511 proposito
1347 458 1675 502 consulendum
1715 459 1772 510 ei,
1813 459 1889 514 qui

259 531 553 588 ingressurus
581 531 846 588 religionem
875 540 959 586 est,
991 535 1048 577 de
1076 533 1152 576 illo
1189 533 1399 576 nimirum
1439 542 1507 578 est
1545 534 1889 591 intelligendum

259 611 322 665 (vt
343 608 479 652 vestri
499 608 778 665 expositores
796 611 1058 665 declarant),
1079 610 1156 665 qui
1172 596 1290 654 bene
1312 619 1380 654 est
1403 611 1665 667 dispositus.
1687 611 1890 667 Alioqui,

258 693 308 728 vt
337 686 458 729 illam
493 686 833 742 dispositionem
873 687 1164 743 adipiscatur,
1206 688 1486 731 orationibus
1525 689 1780 746 (inquiunt),
1813 689 1891 744 qui

258 765 376 807 bene
400 763 648 819 dispositus
671 778 765 807 non
786 771 872 818 est,
898 765 975 808 det
998 779 1179 820 operam
1208 765 1524 820 eleemosynis,
1552 766 1757 821 purificet
1779 780 1890 809 con-

258 840 511 892 scientiam,
543 839 698 883 audiat
730 841 1114 897 praedicationes3
1147 841 1346 896 denique
1384 843 1472 885 hoc
1510 842 1808 899 praecipiunt,
1843 850 1894 886 vt

257 918 483 960 consulat:
503 918 743 961 consulere
761 926 911 961 autem
929 918 1038 972 quid
1061 927 1129 962 est
1147 918 1233 961 nisi
1251 919 1308 962 de
1324 919 1416 963 fine
1433 926 1604 962 certum
1623 933 1724 964 esse
1745 919 1892 963 homi-

258 1009 381 1045 nem,
409 994 557 1038 media
573 983 810 1049 quaerere,
831 1009 947 1051 quae
970 1002 1104 1039 antea
1126 1010 1260 1050 quam
1284 996 1546 1048 constituat,
1566 1009 1802 1050 necessum
1825 1004 1895 1040 est

258 1072 315 1114 ad
333 1071 408 1114 illa
425 1070 760 1115 indifferentem
783 1086 899 1124 esse;
921 1073 1042 1127 quod
1060 1086 1143 1115 nos
1160 1073 1393 1116 docemus.
1415 1074 1595 1116 Addam
1613 1073 1831 1117 rationem
1861 1078 1867 1126 Ι

258 1163 410 1199 vnam,
444 1163 579 1203 quam
608 1148 646 1190 si
675 1163 943 1204 exposuerO,
976 1150 1190 1192 accedam
1211 1134 1275 1191 'ad
1305 1158 1485 1192 tuorum
1515 1156 1892 1206 argumentorum

257 1225 543 1269 dilutionem.
569 1227 684 1269 Nam
708 1224 745 1268 si
768 1228 855 1268 hoc
879 1240 1035 1268 verum
1059 1240 1150 1268 non
1172 1234 1256 1278 est,
1278 1227 1400 1281 quod
1418 1241 1501 1270 nos
1522 1227 1815 1278 affirmamus,
1835 1227 1896 1274 da.

260 1310 311 1345 tu
333 1302 609 1358 oppositum.
634 1320 650 1338 u
661 1304 740 1345 Est
757 1309 938 1346 creatus
955 1305 1106 1355 homo,
1127 1310 1175 1345 vt
1192 1305 1342 1346 Deum
1361 1304 1515 1347 laudet
1533 1318 1585 1346 ac
1609 1311 1888 1356 reuereatur‚

258 1379 391 1434 eique
414 1379 635 1432 seruiens,
661 1381 817 1423 saluus
836 1380 928 1423 fiat.
957 1380 1147 1435 Reliqua
1165 1395 1290 1433 vero,
1312 1395 1428 1436 quae
1446 1395 1582 1436 super
1599 1388 1764 1424 terram
1787 1389 1895 1424 sunt

258 1456 360 1509 sita,
386 1464 434 1499 vt
457 1456 616 1500 iuuent
638 1456 871 1500 hominem
893 1457 950 1499 ad
973 1457 1098 1499 illum
1122 1457 1258 1500 finem
1282 1465 1433 1500 creata
1455 1466 1577 1510 sunt,
1611 1472 1695 1501 nec
1716 1457 1803 1501 illis
1825 1464 1893 1501 est

258 1535 494 1586 Vtendum,
520 1534 918 1586 abstinendumue,
945 1533 1031 1576 nisi
1055 1549 1143 1589 qua
1160 1535 1217 1577 ad
1235 1534 1338 1577 finis
1356 1535 1719 1590 prosecutionem
1738 1536 1892 1579 confe-

261 1618 366 1653 runt
389 1612 461 1654 vel
483 1612 695 1654 obsunt.»
724 1612 780 1653 Et
803 1618 953 1654 tamen
978 1613 1090 1654 haec
1112 1626 1215 1654 cum
1240 1612 1302 1654 ita
1324 1612 1430 1664 sint,
1457 1627 1548 1654 non
1576 1613 1793 1655 debemus
1816 1626 1894 1667 per

263 1695 306 1731 te
330 1689 503 1743 absque
526 1687 782 1732 differentia
805 1702 888 1731 nos
911 1689 1078 1732 habere
1107 1689 1228 1731 circa
1252 1703 1322 1732 res
1343 1696 1518 1733 creatas
1550 1703 1723 1741 omnes,
1759 1695 1894 1744 prout

260 1764 460 1808 libertati
483 1764 655 1808 arbitrii
678 1765 883 1808 subiecta
905 1772 1012 1808 sunt
1035 1773 1080 1809 et
1103 1780 1194 1808 non
1224 1765 1301 1810 184
1330 1765 1600 1821 prohibitae,
1635 1779 1718 1809 nec
1749 1766 1895 1808 solum

260 1842 335 1885 illa
358 1842 630 1895 desiderare,
662 1842 736 1884 illa
769 1857 937 1895 amare,
969 1856 1087 1897 quae
1118 1842 1264 1898 magis
1300 1843 1564 1886 conducunt
1601 1843 1658 1885 ad
1694 1850 1898 1886 nostrum

236 1915 413 1963 finem.
442 1919 537 1962 Nos
560 1918 752 1961 dicimus
775 1918 1050 1961 contrarium
1074 1933 1175 1963 esse
1206 1918 1384 1972 melius;
1418 1926 1467 1962 tu
1500 1921 1589 1962 hoc
1621 1919 1798 1963 melius.
1833 1919 1898 1962 Illi

260 1995 418 2052 igitur,
445 1994 522 2051 qui
545 1996 602 2038 ad
625 1995 761 2038 vitam
791 1995 1071 2051 spiritualem
1106 1996 1202 2038 vult
1231 1997 1428 2052 aspirare
1464 1997 1534 2039 vel
1568 1997 1624 2039 de
1655 2003 1776 2040 statu
1811 2009 1905 2043 suo

261 2072 538 2124 consultare,
565 2072 720 2128 positis
744 2072 830 2115 illis
854 2072 1101 2128 principiis,
1129 2087 1244 2128 quae
1267 2073 1572 2117 necessarium
1607 2081 1677 2116 est
1709 2087 1896 2128 ponere,

261 2150 411 2192 Deum
435 2163 535 2192 esse
559 2148 742 2191 vnicum
761 2149 962 2192 omnium
983 2150 1135 2203 finem,
1156 2158 1362 2192 creatura
1379 2151 1524 2192 solum
1543 2150 1601 2192 ad
1618 2149 1742 2191 illum
1759 2149 1896 2192 finem

261 2210 507 2279 Vtendum,
540 2225 603 2268 illi
641 2226 825 2282 inquam
864 2227 1074 2270 consules
1112 2240 1193 2282 pro
1231 2240 1314 2269 suo
1347 2226 1583 2278 arbitratu,
1620 2226 1695 2268 vbi
1726 2226 1897 2271 nullam

263 2301 394 2345 nouit
419 2303 697 2347 voluntatem
722 2302 825 2355 Dei,
852 2317 969 2358 quae
991 2302 1116 2346 illurn
1140 2302 1329 2359 obliget,
1356 2302 1465 2345 nihil
1489 2304 1612 2357 quod
1641 2302 1897 2358 prohibeat,

264 2378 342 2421 vbi
365 2378 477 2422 nihil
495 2378 665 2431 uideat,
688 2380 809 2434 quod
825 2379 972 2435 magis
988 2381 1045 2423 ad
1062 2380 1196 2424 finem
1217 2379 1342 2422 illum
1360 2379 1729 2434 consequendum
1753 2378 1896 2431 iuuet,

265 2457 477 2499 consules
495 2455 620 2509 huic,
640 2464 689 2498 vt
706 2464 942 2508 creaturae
960 2456 1036 2498 vni
1054 2456 1201 2513 magis
1218 2471 1352 2512 quam
1373 2455 1502 2500 alteri
1519 2455 1757 2511 afficiatur3
1777 2457 1902 2511 quod

263 2532 270 2591 Ι
298 2532 410 2575 nihil
431 2540 502 2577 est
519 2533 644 2576 aliud
661 2548 797 2589 quam
816 2540 985 2578 temere
1002 2534 1060 2576 ad
1078 2549 1150 2577 res
1167 2533 1289 2586 ferri,
1310 2541 1355 2578 et
1372 2533 1898 2589 inconsulte3‘praeterea

263 2611 319 2653 ad
343 2610 531 2654 meliora
554 2611 796 2654 occludere
817 2609 955 2663 viam3
982 2611 1038 2653 ad
1059 2613 1172 2654 haec
1195 2611 1475 2662 voluntatem
1501 2609 1587 2654 Dei
1609 2624 1699 2653 non
1728 2609 1899 2652 consti-

267 2694 396 2730 tuere
426 2696 606 2730 tuarum
637 2687 867 2730 actionum
900 2687 1170 2743 principium
1200 2702 1252 2730 ac
1283 2687 1517 2731 motricem
1547 2701 1746 2738 causam,
1781 2700 1900 2742 quae

267 2763 443 2806 scilicet
467 2763 549 2806 tibi
572 2779 663 2807 non
686 2771 880 2816 constat,
907 2778 1122 2819 quorsum
1141 2763 1327 2808 inclinet.
1346 2763 1508 2820 magis,
1528 2763 1661 2807 Adde
1677 2763 1799 2818 quod
1815 2761 1895 2805 tibi

262 2840 456 2896 gradum
481 2840 620 2884 facias
642 2841 699 2883 ad
719 2840 992 2884 tentationes
1009 2849 1146 2895 atque
1163 2840 1507 2883 obturbationes
1524 2839 1688 2884 mentis
1704 2853 1898 2883 sexcen-

265 2924 349 2969 tas,
376 2917 415 2960 si
442 2917 521 2960 tibi
544 2916 822 2961 contrarium
845 2917 1029 2961 eueniat
1051 2932 1185 2972 quam
1209 2916 1404 2973 elegisti,
1436 2925 1486 2959 vt
1514 2916 1568 2968 si,
1593 2930 1733 2972 quum
1756 2915 1898 2973 eligas

265 2993 416 3049 potius
437 3001 749 3051 paupertatem
772 3002 791 3019 ²
818 2994 889 3037 vel
921 2993 1178 3045 sanitatem,
1210 2992 1247 3036 si
1265 2994 1333 3036 -ad
1361 2993 1620 3049 pauperiem
1659 2991 1894 3048 redigaris,

334 3091 352 3108 a
401 3081 487 3126 Sic3
507 3087 547 3117 at
564 3082 733 3118 divitias
750 3093 889 3118 sensus
908 3083 1094 3128 phraseos
1112 3082 1307 3127 postulare
1327 3080 1498 3117 videtur.
