2098 3470
537 273 814 310 Moummma
837 279 1096 308 Pnovuoemss
1122 271 1436 316 Amnum-47
1687 279 1756 317 271

246 363 559 420 >Prouideatur
573 369 833 432 diligenter,
853 381 906 416 ut
926 374 1091 430 hyeme
1109 379 1276 425 uentus
1292 387 1351 416 ne
1371 373 1532 429 perflet
1550 382 1597 418 et
1616 373 1805 430 peruius

154 452 223 496 sit
242 466 324 509 per
343 453 546 505 domum,
571 452 694 508 quod
713 458 760 495 et
785 450 896 495 alias
917 451 998 494 fiet
1018 451 1076 494 ad
1096 440 1199 494 loca
1220 449 1450 502 comunia3
1475 457 1522 493 et
1543 450 1590 493 in
1612 451 1803 495 cubicu—
1838 468 1841 470 “

160 529 219 573 lis
245 529 490 587 diligenter
516 530 787 574 obserentur
815 528 1119 572 fenestrarum
1147 527 1287 571 rimae
1315 528 1489 579 charta,
1520 541 1638 582 quae
1659 529 1804 571 omni-

159 606 252 650 bus
272 605 364 650 sint
385 605 563 650 vitriata
584 613 617 649 ³.

257 683 506 736 Excitator,
531 696 635 726 curn
658 681 854 739 primum
877 680 1145 726 excitauerit
1174 688 1222 726 et
1253 680 1429 726 dederit
1456 680 1627 724 lumina
1655 683 1804 725 fratri-

161 761 269 813 bus,
292 760 515 804 accendat
535 760 785 812 lucernam,
810 773 928 815 quae
949 758 1035 803 erit
1055 757 1103 801 in
1125 757 1300 802 latrinis
1320 765 1368 801 et
1388 758 1436 802 in
1464 758 1562 802 aliis
1589 759 1702 802 locis
1724 774 1803 803 co-

162 835 436 880 munibus...

250 913 385 958 Fiant
405 913 753 958 confessionalia
775 912 860 956 tria
880 913 1040 956 saltem
1062 912 1233 956 clausa:
1258 911 1349 954 sint
1371 912 1508 956 etiam
1537 912 1687 969 aliqua
1716 913 1803 957 alia

155 990 223 1034 ad
242 990 559 1035 necessitatem
582 998 628 1034 et
650 991 847 1035 habeant
868 989 1067 1045 aliquam
1090 989 1280 1033 formam
1302 989 1722 1034 confessionalium.

252 1067 346 1124 Qui
381 1068 554 1112 habent
583 1067 889 1123 chirographa
922 1067 959 1120 ¹,
990 1080 1075 1111 nec
1103 1065 1240 1110 etiam
1273 1073 1477 1122 tempore
1505 1066 1800 1111 recreationis

164 1151 357 1201 possunt
383 1143 518 1187 simul
544 1143 759 1200 colloqui,
790 1143 877 1186 nisi
904 1150 1144 1199 praesente
1173 1157 1266 1186 uno
1298 1143 1373 1187 uel
1400 1143 1601 1198 duobus,
1633 1143 1800 1200 quibus

163 1227 356 1278 possunt
377 1221 589 1277 colloqui.

253 1298 348 1354 Qui
366 1298 696 1342 concionantur
717 1304 904 1341 utantur
924 1297 1057 1351 stola,
1083 1296 1161 1353 qui
1188 1298 1413 1340 hactenus
1442 1305 1550 1340 sunt
1580 1297 1666 1351 usi,
1691 1299 1797 1344 licet

161 1389 255 1419 non
276 1374 367 1419 sint
388 1374 434 1418 in
456 1374 611 1428 sacris;
636 1374 714 1431 qui
736 1389 828 1418 non
849 1380 957 1418 sunt
978 1373 1066 1428 usi,
1085 1381 1336 1430 sequantur
1356 1389 1493 1417 suum
1516 1389 1704 1419 morem.

247 1451 577 1509 superpellicio
599 1466 691 1496 non
713 1459 784 1496 est
807 1451 1027 1495 utendum
1049 1451 1095 1494 in
1116 1451 1325 1495 docenda
1351 1451 1557 1495 doctrina
1586 1452 1797 1496 christia-

157 1544 237 1583 na,
264 1537 314 1572 ut
333 1536 404 1573 est
428 1544 536 1573 usus
556 1528 814 1582 Societatis,
840 1535 885 1574 et
906 1528 980 1571 hic
1003 1528 1174 1572 sactum
1196 1535 1266 1572 est
1283 1529 1525 1572 hactenus.

248 1607 301 1650 In
328 1605 518 1650 summis
546 1604 686 1649 sacris
712 1619 806 1648 non
833 1611 986 1649 cantet
1014 1605 1152 1648 frater
1188 1604 1351 1661 aliquis
1387 1613 1468 1650 aut
1502 1607 1796 1664 euangelium

158 1689 246 1727 aut
270 1682 523 1740 epistolam,
547 1683 629 1726 sed
648 1682 840 1739 ipsemet
861 1682 1121 1726 sacrificans
1144 1682 1294 1725 omnia
1318 1682 1406 1726 ista
1426 1691 1645 1740 praestet.

250 1759 509 1817 Diligenter
528 1760 609 1803 fiat
630 1759 836 1803 doctrina
857 1759 1102 1812 christiana
1122 1758 1170 1803 in
1187 1760 1356 1816 templo
1381 1775 1460 1817 per
1475 1760 1672 1817 aliquem
1695 1761 1792 1805 ido-

158 1851 316 1882 neum.

250 1915 362 1958 Post
381 1914 523 1959 altare
544 1913 691 1957 maius
711 1912 1014 1957 constituatur
1038 1913 1149 1969 quid
1163 1913 1376 1958 deuotius
1392 1921 1577 1972 propter
1599 1930 1694 1968 eos,
1716 1916 1796 1972 qui

156 1989 287 2034 illinc
305 1991 541 2035 ambulant
561 1990 608 2033 in
628 1990 838 2042 circuitu,
862 2004 948 2034 nec
968 1989 1032 2033 ita
1053 1989 1319 2047 negligatur
1338 1991 1467 2035 locus
1489 1991 1582 2036 ille.

249 2062 449 2124 Quando
471 2067 704 2124 paululum
727 2067 934 2111 eleuatur
961 2067 1110 2111 hostia
1137 2075 1242 2112 ante
1267 2069 1433 2113 «Pater
1462 2076 1662 2123 noster»,
1688 2084 1792 2113 cum

42 2142 49 2179 Ῐ
111 2199 115 2202 ⁴
165 2143 334 2188 dicitur
363 2159 469 2201 «per
504 2144 671 2200 ipsum,
702 2157 808 2187 cum
845 2143 959 2200 ipso,
985 2151 1032 2189 et
1068 2144 1112 2187 in
1146 2144 1291 2202 ipso»,
1323 2146 1531 2202 pulsetur
1557 2147 1793 2203 paululum

153 2221 446 2278 campanula.

248 2298 318 2341 Ex
344 2297 568 2354 superiori
594 2296 869 2342 bibliotheca
896 2298 1158 2342 deferentur
1187 2298 1232 2342 in
1270 2298 1531 2343 inferiorem
1567 2300 1686 2354 libri,
1711 2304 1788 2357 qui

155 2363 335 2431 possint
362 2389 464 2419 esse
491 2374 608 2418 usui:
649 2389 704 2418 ex
741 2373 943 2418 inferiori
973 2388 1084 2418 uero
1115 2383 1406 2432 asportentur
1434 2377 1480 2419 in
1509 2377 1791 2434 superiorem

154 2450 240 2506 qui
260 2464 350 2494 non
372 2458 481 2494 sunt
502 2450 661 2494 usui...

234 2529 312 2577 ‚Vt
334 2528 388 2571 P.
414 2527 654 2571 Cornelius
674 2531 833 2584 pergat
855 2527 899 2571 in
923 2528 1205 2586 corrigendis
1226 2530 1502 2574 missalibus.

226 2710 246 2728 a
293 2699 373 2748 Sicz,
391 2698 492 2735 forte
515 2699 641 2737 voluit
656 2699 787 2736 dicere
807 2700 1020 2745 vitriatae‚·
1042 2701 1081 2737 id
1105 2708 1178 2748 est,
1199 2714 1337 2739 omnes
1353 2704 1546 2740 fenestras
1573 2704 1685 2739 vitris
1712 2716 1791 2739 mu-

154 2758 342 2796 niendas.

230 2901 244 2924 ¹
293 2901 559 2950 chirographa
581 2902 774 2938 dabantur
795 2902 1004 2949 fratribus,
1035 2909 1078 2938 ut
1104 2903 1250 2940 scirent
1274 2905 1506 2952 quibuscum
1533 2912 1705 2953 tempore
1732 2919 1791 2942 re-

76 2956 85 3002 J
151 2960 366 2997 creationis
384 2960 552 3008 colloqui
569 2967 743 3008 possent.
763 2961 838 2997 Hic
855 2967 987 2998 autem
1006 2961 1212 3008 indicatur,
1231 2964 1409 3010 quamvis
1428 2965 1685 3011 subobscure,
1700 2965 1792 3001 duo-

159 3019 234 3056 bus
256 3020 350 3056 solis
372 3020 543 3067 colloqui
566 3019 669 3056 haud
698 3020 834 3067 licere,
862 3020 938 3056 nisi
968 3021 1107 3057 tertius
1132 3027 1199 3057 aut
1222 3028 1382 3069 quartus
1414 3023 1543 3059 socius
1568 3023 1790 3069 assignatus

154 3078 332 3116 adesset.
