2098 3470
344 309 414 356 390
819 310 974 347 PATms
998 311 1242 347 Hisnonvm
1267 310 1418 348 NADAr.

301 410 501 455 tionibus
524 411 818 468 collegiorum
843 419 888 456 et
910 412 1163 464 domorum3
1188 418 1234 455 et
1255 411 1292 454 si
1315 411 1451 467 aliqui
1479 419 1628 466 erunt,
1655 413 1731 469 qui
1762 413 1807 458 in
1840 414 1925 457 mi-

297 488 534 534 nisterium
559 488 675 531 mitti
704 489 894 546 possint,
920 489 950 532 ii
982 489 1132 545 potius
1164 496 1316 533 essent
1347 489 1393 532 in
1425 490 1837 546 peregrinationem
1867 493 1926 536 ad

295 565 516 610 rationem
541 564 582 610 61
601 566 904 622 professorum
928 565 1152 618 mittendi,
1177 566 1298 610 vnde
1320 566 1467 622 magis
1490 574 1695 622 speretur
1717 567 1802 610 Dei
1831 582 1924 611 ser-

293 642 474 694 uitium,
499 642 642 685 maior
664 641 915 686 animarum
939 643 1130 685 fructus.
1157 643 1223 685 Ita
1246 649 1397 686 tamen
1425 642 1469 685 in
1502 645 1587 686 hac
1617 658 1664 686 re
1685 658 1929 699 possemus

292 719 545 776 gratificari
567 718 758 776 principi
787 710 1094 764 ecclesiastico
1121 719 1194 762 vel
1222 719 1458 772 saeculari,
1484 719 1522 762 si
1559 719 1606 763 in
1637 734 1794 763 eorum
1826 721 1926 765 dio·

290 796 500 839 caesibus
528 796 602 839 vel
638 795 886 839 ditionibus
918 795 1282 852 peregrinentur,
1314 803 1359 840 et
1396 791 1643 840 ministeria
1675 797 1925 843 Societatis

289 879 532 917 exerceant
559 872 718 916 nostri.

376 949 696 993 Necessarium
720 956 788 993 est
816 963 1095 992 summorum
1128 948 1396 1004 pontificum
1425 949 1671 1006 diplomata
1702 952 1923 996 concessa.

286 1026 518 1079 Societati,
544 1027 727 1083 regulas
750 1040 1015 1069 communes
1037 1034 1083 1070 et
1105 1040 1311 1078 examen,
1331 1026 1376 1070 in
1398 1028 1687 1071 vernaculam
1710 1027 1914 1084 linguam

283 1118 384 1148 esse
407 1104 639 1156 translata,
665 1103 801 1159 idque
822 1111 1005 1160 propter
1026 1102 1165 1146 laicos
1193 1103 1492 1156 coadiutores,
1518 1103 1594 1159 qui
1616 1104 1800 1148 latinam
1822 1119 1913 1148 non

280 1187 464 1233 norunt,
491 1180 673 1236 quibus,
698 1180 736 1223 si
752 1181 905 1237 legere
927 1180 1148 1232 nesciant,
1172 1195 1251 1236 per
1273 1179 1384 1223 alios
1405 1181 1631 1237 legantur.
1651 1181 1911 1243 Diplomata

279 1257 602 1314 intelliguntur
624 1257 994 1300 confirmationes
1016 1256 1227 1309 instituti,
1253 1264 1298 1300 et
1321 1263 1470 1300 tamen
1493 1265 1563 1300 sat
1585 1258 1668 1300 erit
1690 1251 1806 1301 illud
1826 1260 1911 1316 Ju-

278 1333 324 1377 lii
350 1348 374 1389 3
407 1341 599 1386 vertere,
625 1341 671 1377 et
698 1349 797 1377 eam
826 1333 1045 1377 examinis
1067 1341 1256 1390 partem,
1282 1349 1398 1390 quae
1419 1342 1437 1359 ²
1466 1335 1522 1376 ad
1551 1349 1708 1378 omnes
1729 1334 1915 1388 attinet,

279 1411 353 1455 vel
375 1411 558 1467 regulas
580 1411 817 1467 generales
840 1419 885 1454 et
908 1424 1187 1454 communes.

364 1488 531 1532 Nullus
554 1487 846 1544 prouincialis
879 1487 1035 1544 egredi
1058 1487 1223 1543 poterit
1243 1501 1300 1530 ex
1327 1502 1410 1531 sua
1431 1487 1668 1544 prouincia
1695 1487 1792 1532 sine
1820 1502 1908 1545 ge-

276 1564 444 1608 neralis
471 1573 550 1607 aut
578 1564 872 1608 commissarii
896 1565 1125 1608 facultate:
1153 1578 1300 1620 neque
1322 1565 1607 1621 praepositus
1636 1565 1793 1608 localis
1820 1572 1908 1609 ‘aut

275 1649 445 1694 rector,
470 1649 549 1684 aut
572 1641 849 1698 probationis
872 1642 1143 1698 praefectus,
1169 1657 1224 1685 ex
1247 1641 1472 1697 praesenti
1494 1656 1577 1685 sua
1595 1642 1654 1686 62
1670 1642 1901 1698 guberna--

274 1719 398 1763 tione
421 1718 519 1763 sine
535 1717 719 1762 licentia
734 1717 1043 1774 prouincialiS.

362 1798 531 1852 Magna
554 1802 623 1838 est
644 1794 879 1851 diligentia
912 1795 1164 1837 curandum
1188 1809 1213 1838 a
1244 1794 1615 1851 prouincialibus,
1641 1802 1706 1848 vt,
1731 1795 1808 1851 qui
1830 1795 1901 1838 vi-

271 1873 465 1917 deantur
487 1871 638 1916 idonei
661 1872 718 1915 ad
748 1868 1143 1928 gubernationem,
1169 1871 1468 1927 designentur
1499 1871 1710 1927 primurn,
1736 1871 1906 1917 deinde*

269 1957 583 2002 exerceantur,
609 1955 659 1991 vt
681 1956 923 2005 suppetere
945 1947 1207 2004 prouinciae
1230 1947 1419 2004 possint,
1446 1948 1522 2003 qui
1548 1948 1764 2004 praesint,
1790 1963 1898 2004 quo—-

268 2015 371 2068 rum
395 2033 523 2069 tanta
545 2032 615 2070 est
637 2025 813 2077 raritas,
841 2013 965 2068 tanta
987 2024 1248 2070 necessitas.

359 2103 496 2159 Quod
520 2116 847 2157 nonnunquam
871 2117 895 2144 a
918 2101 1084 2144 nostris
1114 2108 1182 2146 est
1214 2101 1483 2153 factitatum,
1510 2109 1555 2143 et
1584 2101 1765 2157 quidem
1794 2116 1901 2146 cum

267 2180 582 2224 aedificatione
610 2187 656 2224 et
687 2179 859 2230 fructu,
891 2187 940 2239 vt
969 2193 1052 2222 suo
1087 2178 1349 2222 interuentu
1385 2177 1657 2234 impedirent
1691 2178 1903 2234 publicos

265 2258 398 2301 ludos
419 2259 679 2300 chartarum
701 2263 747 2299 et
769 2255 1043 2309 taxillorum,
1064 2257 1243 2298 chartas
1260 2255 1510 2298 lacerarent
1527 2262 1572 2297 et
1590 2254 1767 2298 taxillos
1783 2269 1894 2298 con-

266 2342 482 2388 tererent3
509 2334 570 2387 id,
596 2333 634 2376 si
656 2333 837 2389 quando
869 2328 971 2375 cuni
1001 2331 1313 2377 aedificatione
1350 2338 1395 2375 et
1433 2332 1588 2374 fructu
1625 2331 1723 2376 fieri
1760 2346 1899 2389 posse

266 2411 486 2456 videbunt
509 2410 780 2467 superiores,
805 2416 1127 2465 compertoque
1143 2421 1375 2460 successu,
1402 2408 1684 2451 committere
1701 2416 1896 2464 possunt

263 2488 506 2544 aliquibus,
533 2487 609 2543 qui
633 2485 852 2544 singulari
883 2486 972 2528 sint
1000 2485 1184 2542 spiritus
1207 2485 1391 2538 virtute,
1418 2485 1606 2541 egregia
1632 2485 1888 2541 prudentia,

260 2565 483 2609 modestia
511 2579 563 2608 ac
594 2563 837 2608 suauitate.
880 2564 1132 2605 Taurorum
1167 2577 1273 2605 vero
1305 2561 1637 2618 exagitationes
1664 2561 1892 2618 publicae,

260 2643 417 2698 quales
439 2641 485 2684 in
510 2641 732 2697 Hispania
754 2639 851 2683 fieri
872 2640 1034 2691 solent,
1060 2639 1098 2682 si
1119 2639 1294 2695 possint
1315 2653 1394 2694 per
1410 2638 1638 2694 principes
1655 2639 1727 2681 vel
1742 2638 1888 2695 magi-

259 2726 449 2762 stratum
489 2717 717 2775 impediri,
748 2716 793 2760 id
830 2723 1043 2773 poterunt
1074 2730 1234 2760 curare
1270 2716 1427 2758 nostri.
1471 2717 1637 2759 Postea
1668 2721 1775 2758 sunt
1801 2703 1893 2758 hae

209 2842 212 2847 ,
257 2796 530 2851 agitationes
551 2793 819 2838 interdictae
842 2808 867 2836 a
891 2793 973 2836 Pio
997 2799 1091 2848 5.²⁰,
1112 2793 1233 2848 quod
1251 2791 1384 2836 faciet
1402 2806 1502 2836 esse
1523 2794 1610 2835 hoc
1629 2798 1887 2835 nostrorum

256 2872 457 2915 officium
486 2871 663 2915 facilius
690 2873 719 2915 ¹.
745 2871 882 2927 Quod
913 2870 950 2912 si
983 2885 1074 2913 non
1106 2876 1421 2924 assequantur,
1457 2867 1513 2913 63
1537 2868 1582 2911 in
1605 2882 1792 2912 caueam
1817 2873 1888 2910 ta-

324 3020 343 3036 a
392 3010 463 3055 qui
481 3021 554 3047 mS.

324 3119 335 3140 ¹
385 3116 448 3153 Cf.
479 3117 793 3162 COCQUELINES,
827 3116 1107 3152 Bullarum.,.
1140 3115 1415 3151 Romanorum
1443 3112 1687 3159 Pontificum
1718 3111 1885 3158 amplis-
