2098 3470
345 242 414 278 826
922 244 1057 280 Ems'r.
1086 244 1130 278 P.
1159 243 1192 278 N
1196 254 1222 279 A
1229 252 1310 280 υΑι.

294 351 611 397 conseruatur,
635 344 946 400 antiquissime
968 359 1021 389 ea
1043 346 1148 390 fidei
1172 346 1427 390 constantia
1449 361 1501 391 ac
1525 348 1621 391 zelo
1650 355 1756 390 sunt
1784 348 1931 392 homi-

297 433 393 471 nes,
419 428 468 462 vt
490 421 664 464 nullum
687 421 926 465 admittant
949 424 1248 478 neophytum,
1276 421 1352 478 qui
1375 422 1493 466 inter
1511 438 1589 468 eos
1605 423 1809 468 habitare
1826 439 1932 481 pos-

296 496 370 548 sit,
396 497 549 540 nullus
571 505 673 553 post
697 493 981 554 xpianorum.
1009 498 1268 542 memoriam
1293 514 1349 543 ex
1371 498 1458 542 illis
1482 499 1742 543 hominibus
1764 501 1820 545 de
1845 501 1928 544 mi-

296 573 417 617 nima
440 574 642 618 haeresis
672 575 932 631 suspicione
960 576 1017 618 sit
1051 583 1252 619 notatus.
1289 576 1334 621 14
1370 576 1493 620 Hinc
1527 577 1612 620 suit
1643 591 1930 633 consequens

297 652 466 694 nullam
491 651 705 696 debuisse
726 652 953 709 surripere
982 652 1252 708 suspicionis
1275 652 1533 709 opinionem
1561 654 1618 697 de
1640 653 1835 710 Ignatio,
1867 653 1930 697 At

294 743 403 772 vero
424 729 522 779 sine
552 729 712 773 litteris
739 730 842 776 fuit.
878 730 967 775 Vbi
992 730 1184 786 primum
1214 731 1379 782 bonam
1408 731 1726 774 exercitiorum
1754 738 1928 787 partem

294 805 488 861 scripsit,
514 807 717 849 nondum
741 806 914 852 litteras
932 807 1160 863 attigerat3
1182 822 1286 850 nam
1303 815 1543 864 postquam
1561 809 1618 851 de
1638 815 1757 852 terra
1773 822 1928 864 egres-

293 897 372 925 sus
395 897 493 934 sua,
519 883 576 926 de
598 883 872 939 cognatione
894 898 977 926 sua
998 897 1051 926 ac
1073 884 1227 936 domo,
1260 891 1308 926 vt
1335 883 1530 940 primurn
1560 898 1609 927 se
1636 885 1929 940 comparabat

293 959 351 1001 ad
373 959 568 1003 eluenda
590 974 669 1015 per
691 959 1008 1004 contritionem
1031 966 1077 1004 et
1099 960 1431 1004 confessionem
1454 968 1657 1016 peccata,
1690 974 1807 1016 quae
1834 975 1927 1006 me-

292 1035 537 1080 ditationes
558 1043 576 1061 ²
598 1035 718 1079 illam
740 1036 1058 1080 vehementius
1080 1036 1316 1089 iuuabant‚
1343 1037 1441 1080 illas
1463 1037 1509 1080 in
1532 1037 1684 1081 libello
1701 1037 1927 1082 describe·-

293 1112 385 1156 bat.
409 1114 545 1164 Tum,
572 1113 647 1155 vbi
672 1113 974 1158 meditabatur
995 1113 1041 1156 in
1065 1113 1260 1170 Iesuxpi.
1287 1113 1396 1166 vita,
1422 1113 1541 1157 idem
1565 1113 1815 1167 factitabat;
1846 1116 1927 1159 sed

292 1188 355 1232 ita
378 1196 528 1233 tamen
551 1197 600 1232 vt
622 1204 713 1232 non
735 1190 810 1233 illa
838 1191 999 1242 solum,
1025 1205 1142 1246 quae
1171 1197 1280 1233 tunc
1307 1190 1552 1244 scribebat,
1576 1191 1656 1234 sed
1683 1190 1925 1247 cogitatio-

293 1281 373 1310 nes
395 1280 569 1318 omnes,
595 1281 712 1322 quae
734 1267 920 1323 spiritus
943 1267 1222 1320 viderentur,
1247 1282 1333 1310 suo
1356 1267 1648 1321 confessario,
1668 1267 1766 1311 viro
1788 1275 1834 1312 et
1850 1268 1925 1323 pio

291 1350 336 1387 et
357 1344 509 1396 docto,
540 1358 718 1387 summa
739 1337 976 1400 diligentia
1000 1358 1054 1387 ac
1077 1345 1166 1387 fide
1188 1343 1514 1396 manifestaret,
1547 1345 1712 1388 necubi
1739 1353 1926 1400 propter

289 1419 541 1464 litterarum
563 1420 867 1477 ignorantiam
889 1420 1235 1477 periclitaretur.
1257 1422 1495 1464 Hactenus
1512 1420 1624 1463 nihil
1641 1428 1774 1465 nocet
1793 1420 1924 1477 igno-

290 1496 437 1540 rantia
458 1497 642 1540 humilis
673 1513 699 1541 a
730 1497 954 1541 catholico
984 1511 1037 1540 ac
1069 1497 1269 1541 litterato
1302 1497 1469 1541 iudicio
1503 1499 1757 1554 gubernata
1788 1506 1925 1554 atque

289 1574 498 1629 probata.
530 1573 760 1618 Nocuitne
788 1576 966 1630 postea?
993 1574 1117 1618 Nihil
1147 1574 1306 1617 minus.
1341 1574 1496 1619 151am
1520 1574 1640 1620 enim
1670 1574 1776 1618 inde
1797 1583 1923 1630 post—

289 1665 425 1707 quam
459 1650 749 1695 deuotionem
772 1651 909 1695 animi
940 1666 1021 1707 per
1054 1651 1268 1695 exercitia
1301 1651 1376 1694 illa
1408 1652 1633 1708 concepit,
1660 1659 1782 1695 totus
1811 1665 1922 1708 pro-

288 1729 487 1783 pendere
519 1727 687 1784 incepit
719 1742 772 1772 ac
806 1728 911 1772 ferri
934 1730 991 1771 ad
1021 1728 1328 1784 proximorum
1351 1729 1544 1773 salutem
1568 1728 1915 1785 procurandam3

286 1804 437 1858 simul,
458 1812 507 1847 vt
525 1806 614 1848 hoc
631 1805 915 1848 commodius
937 1820 990 1848 ac
1013 1805 1199 1848 liberius
1223 1806 1406 1858 faceret,
1428 1805 1679 1850 incredibili
1702 1804 1854 1848 studio
1875 1805 1920 1848 in

286 1881 461 1925 litteras
497 1881 763 1926 incumbere
799 1882 947 1938 coepit
985 1882 1030 1924 in
1069 1881 1307 1938 Hispania,
1348 1881 1513 1926 deinde
1553 1881 1599 1924 in
1631 1881 1923 1927 celeberrima

287 1958 409 2001 orbis
441 1958 610 2015 xpiani.
646 1959 878 2002 academia
910 1958 1164 2015 parisiensi,
1199 1958 1394 2015 primum
1426 1966 1547 2003 artes
1568 1958 1792 2011 liberales,
1825 1965 1921 2002 tum

287 2035 563 2092 theologiam
587 2036 753 2079 multos
782 2051 927 2079 annos
958 2035 1133 2080 audiuit
1161 2051 1340 2079 summa
1372 2035 1511 2078 animi
1543 2035 1836 2080 contentione
1867 2050 1921 2079 ac

286 2111 543 2156 constantia
564 2111 802 2168 singulari,
827 2112 1046 2157 exercitio
1067 2120 1113 2157 et
1137 2114 1304 2156 fructu.
1333 2115 1442 2156 Post
1464 2118 1730 2155 consumata
1751 2111 1918 2164 studia,

286 2188 519 2245 congessit
550 2188 848 2233 delibationes
880 2189 978 2233 illas
1007 2189 1326 2234 exercitiorum
1353 2189 1535 2245 primas,
1567 2188 1739 2231 addidit
1761 2188 1918 2240 multa,

285 2264 476 2322 digessit
498 2265 665 2317 omnia,
690 2265 816 2309 dedit
837 2266 1138 2309 examinanda
1167 2274 1213 2309 et
1241 2266 1485 2310 iudicanda
1515 2266 1556 2309 16
1580 2265 1677 2309 sedi
1705 2263 1919 2320 apostoli—

285 2356 381 2386 cae.
409 2342 534 2398 Quid
557 2357 680 2385 nunc
701 2342 841 2385 dicis?
858 2343 983 2398 Quid
1004 2342 1182 2400 colligis
1210 2344 1332 2398 quod
1361 2343 1533 2387 litteras
1561 2341 1771 2394 nesciuit,
1802 2341 1921 2385 bone

287 2420 443 2462 Pater?
466 2434 558 2462 non
579 2419 727 2475 potuit
749 2419 886 2464 latine
909 2420 1126 2463 scribere?
1150 2419 1323 2472 Potuit,
1348 2420 1428 2463 sed
1458 2418 1619 2470 noluit,
1652 2426 1703 2461 vt
1730 2417 1920 2474 simplici

285 2510 499 2540 sermone
520 2495 539 2521 b
1803 2554 1808 2561 ¹
1931 2549 1943 2558 ·

376 2571 463 2619 Ful.
497 2573 608 2618 ¹65r.
643 2572 849 2616 Dicimus
870 2581 1106 2628 praeterea
1143 2574 1308 2629 absque
1344 2573 1614 2630 dzfferentia
1643 2585 1726 2614 nos
1758 2571 1920 2614 habere
1982 2584 1986 2586 ’

355 2761 372 2778 a
422 2751 658 2787 meditiones
685 2762 756 2788 ωε.
809 2771 836 2776 -
857 2753 875 2778 b
904 2751 1051 2787 Ultima
1085 2760 1128 2786 10
1158 2753 1278 2787 verba
1308 2752 1516 2787 obliterata
1541 2755 1646 2786 sunt.
1674 2738 1750 2784 Hic'
1774 2747 1919 2784 desinit

284 2810 408 2856 prima
432 2822 520 2856 pars
538 2810 757 2857 apologiae,
774 2822 874 2858 quae
892 2810 1138 2847 desideratur
1156 2811 1196 2846 in
1214 2812 1281 2846 alt.
1302 2820 1382 2852 ex.;
1402 2815 1442 2845 et
1459 2815 1676 2857 sequuntur
1692 2819 1754 2854 ea,
1771 2817 1871 2855 quae
1894 2817 1918 2842 a
1967 2862 1970 2865 ι

282 2869 395 2904 nobis
409 2868 489 2915 jam
508 2869 613 2905 edita
632 2875 724 2905 sunt
741 2869 843 2916 apud
863 2869 1113 2916 POLANCUM,
1136 2869 1298 2912 Chron.‚
1320 2869 1391 2915 III,
1413 2877 1497 2915 527,
1514 2879 1615 2916 quae
1639 2867 1694 2903 ita
1711 2865 1914 2914 incipiunt:

281 2927 446 2974 «Perge.
467 2929 567 2964 Item
586 2930 682 2972 mas,
712 2940 756 2964 se
781 2930 830 2964 ha
855 2928 905 2964 de
930 2935 1113 2966 notar...»
1138 2929 1307 2967 Desinit:
1330 2927 1602 2975 «beneplacito
1619 2932 1660 2962 et
1677 2937 1808 2963 amore
1825 2923 1913 2962 Dei:

281 2987 450 3023 dicimus
469 2986 647 3035 “absque
665 2987 962 3035 differentia,‚.»
976 3001 1077 3036 quae
1092 2988 1228 3024 ultima
1247 2989 1368 3024 verba
1386 2994 1426 3023 et
1440 2986 1714 3034 praecedentia
1727 2984 1791 3021 hic
1806 2994 1916 3031 repe-

284 3046 356 3082 tita
373 3047 510 3092 habes,
531 3048 580 3082 ab
598 3047 675 3083 illis
695 3047 895 3083 «Dicimus
914 3053 1186 3095 praeterea...»
