2098 3470
322 269 391 306 242
794 260 948 298 PATms
974 261 1219 298 Hmnonvm
1244 261 1395 298 NADAL

365 366 407 416 ξ.
478 363 610 406 «Non
632 362 909 407 inuitentur»
935 370 1025 407 ete.
1052 365 1154 407 Hoc
1175 365 1232 407 de
1254 363 1583 408 consuetudine
1611 363 1684 407 illa
1706 363 1913 408 introdu-

272 445 348 482 cta
371 438 656 495 intelligitur,
682 453 776 482 non
799 448 965 494 tamen,
991 440 1027 483 si
1057 440 1158 495 quis
1189 441 1303 484 forte
1330 439 1451 483 domi
1479 440 1719 493 laboraret,
1756 441 1910 497 prohi-

271 515 406 559 betur
429 515 539 571 quin
562 516 683 558 dorni
705 516 857 559 cibum
880 531 1042 573 capere
1063 517 1220 573 possit.

363 595 406 647 ἓ.
476 593 706 636 «Tollatur
732 593 891 636 lectio»
925 600 1013 637 etc.
1046 595 1116 637 De
1145 593 1338 638 lectione
1366 594 1514 650 logica
1534 594 1815 638 intellectum
1837 601 1906 638 est

271 676 429 724 postea
452 683 543 712 non
566 670 802 713 defuturos
825 670 1068 722 auditores;
1093 669 1246 725 itaque
1268 670 1414 713 visum
1438 678 1508 714 est
1536 685 1627 714 non
1649 685 1750 715 esse
1773 670 1909 713 omit-

274 747 455 790 tendam
473 745 596 788 illam
619 746 875 791 lectionem.

362 825 404 877 ξ.
475 825 646 867 «Nemo
669 823 924 880 promittat»
950 830 1060 876 etc.,
1082 824 1305 879 quod-per
1325 823 1606 876 conuiuium,
1632 839 1724 867 non
1746 838 1906 876 coena,

269 901 350 943 sed
373 900 629 956 prandium,
655 900 848 956 intelligi
870 901 1050 953 debeat,
1075 915 1129 943 ea
1150 900 1196 943 in
1215 915 1263 944 re
1285 907 1432 945 rector
1454 900 1717 956 dispensare
1738 907 1905 957 potest.

360 980 403 1031 ξ.
473 978 550 1020 «In
580 977 822 1021 conuiuio»
854 984 963 1029 etc.,
994 977 1349 1033 expungendum
1382 984 1451 1021 est
1480 984 1642 1030 totum,
1673 985 1719 1022 et
1749 977 1907 1021 comit-

270 1055 460 1099 tendum
482 1054 725 1107 honestati,
752 1069 844 1097 non
866 1055 1012 1097 solum
1034 1053 1280 1108 communi,
1304 1055 1384 1097 sed
1413 1053 1666 1111 religiosae,
1699 1061 1745 1098 et
1772 1054 1908 1098 tradi-

273 1131 395 1174 tione
428 1132 540 1174 illud
573 1132 818 1175 tenendum
852 1138 897 1175 et
929 1131 1180 1174 curandum
1208 1145 1234 1173 a
1261 1130 1527 1183 rectoribus,
1562 1138 1626 1184 vt,
1658 1130 1695 1174 si
1724 1132 1907 1187 quando

272 1208 454 1252 accidat
476 1215 656 1252 nostros
678 1209 917 1253 comedere
939 1207 1179 1260 inmensa,
1211 1207 1287 1250 vbi
1314 1207 1524 1251 mulieres
1545 1209 1784 1251 comedent
1805 1216 1839 1262 ³,
1858 1215 1908 1251 vt

272 1300 323 1330 se
345 1300 481 1341 quam
504 1285 836 1329 modestissime
859 1292 1038 1338 gerant.
1925 1291 1931 1324 l

364 1365 498 1407 Pater
535 1363 736 1405 Thomas
773 1363 936 1418 anglus
973 1362 1058 1404 erit
1095 1361 1314 1418 magister
1353 1361 1648 1415 nouitiorum,
1673 1369 1718 1406 et
1751 1372 1900 1408 tamen

274 1438 539 1483 instituetur
560 1454 586 1482 a
610 1440 664 1483 Ρ.
689 1438 931 1482 Dominico
952 1437 1209 1494 diligenter3
1230 1445 1383 1481 vtetur
1399 1451 1536 1494 opera
1553 1438 1780 1481 Edouardi
1796 1453 1905 1482 con-

274 1516 486 1568 tinenter,
512 1516 605 1560 Viti
633 1514 641 1535 ¹
665 1515 818 1567 etiam,
845 1515 921 1571 qui
944 1515 1165 1558 habitabit
1187 1515 1305 1558 inter
1326 1515 1464 1572 ipsos,
1489 1516 1571 1560 sed
1592 1515 1730 1558 huius
1757 1516 1821 1558 ita
1852 1523 1901 1558 vt

272 1594 529 1636 studiorum
552 1607 736 1636 suorum
758 1592 978 1635 iacturam
1000 1607 1092 1635 non
1115 1592 1266 1637 faciat.

362 1670 623 1726 Recipiatur
644 1669 928 1713 Ludouicus.

359 1746 649 1799 Laurentius,
674 1746 712 1789 si
733 1754 861 1803 pater
883 1746 981 1790 eius
1003 1746 1273 1800 consentiat,
1300 1747 1373 1790 uel
1396 1761 1486 1790 non
1509 1731 1762 1800 dissentiat,
1789 1745 1906 1791 reci·

269 1823 434 1880 piatur.

350 1903 551 1958 Joannes
573 1901 740 1944 scribat
762 1902 818 1944 ad
842 1909 1014 1957 patrem
1038 1915 1189 1953 suum,
1214 1915 1266 1944 ac
1290 1908 1386 1943 tum
1416 1899 1674 1957 recipiatur,
1709 1901 1748 1944 si
1775 1908 1906 1957 pater

270 1993 362 2022 non
385 1978 639 2023 dissentiat.

358 2056 575 2112 Quamdiu
597 2063 743 2099 sartor
765 2056 870 2100 ferri
893 2063 1056 2112 potest,
1083 2055 1331 2100 retineatur
1352 2054 1596 2099 Monachii:
1622 2055 1660 2099 si
1684 2055 1790 2099 ferri
1812 2069 1904 2099 non

268 2141 436 2190 posset,
456 2133 513 2176 de
533 2147 588 2176 eo
606 2140 701 2176 tum
723 2133 780 2175 ad
811 2132 1133 2188 prouincialem
1162 2131 1398 2184 referatur,
1430 2139 1478 2174 vt
1510 2131 1648 2175 alium
1675 2116 1724 2174 iri
1751 2133 1903 2175 locum

266 2225 373 2255 eum
397 2210 561 2252 mittat.

355 2288 616 2343 Stephanus
639 2286 847 2330 Liberius
875 2286 1079 2329 mittatur
1107 2286 1384 2342 Augustam;
1415 2284 1477 2328 ibi
1509 2284 1629 2329 enim
1658 2284 1902 2342 diligenter

265 2363 501 2408 curabitur
523 2378 627 2407 cum
649 2362 795 2420 gratia
816 2363 1014 2416 Domini;
1040 2364 1120 2407 sed
1142 2377 1246 2406 cum
1267 2362 1588 2406 commoditate
1609 2362 1829 2416 mittatur3
1858 2370 1904 2407 et

266 2441 306 2486 si
343 2443 431 2485 hoc
469 2455 607 2497 aegre
644 2442 796 2492 ferret,
836 2441 1164 2496 persuadeatur
1199 2441 1287 2483 hoc
1325 2439 1382 2493 ei,
1417 2446 1467 2482 vt
1499 2438 1650 2504 animo
1683 2446 1904 2484 contento

266 2519 528 2575 Augustam
551 2525 639 2570 eat,
660 2517 736 2560 vbi
752 2517 933 2560 domina
951 2519 1166 2573 Fuggera
1181 2517 1446 2573 diligentem
1464 2516 1562 2559 eius
1578 2531 1734 2559 curam
1750 2523 1897 2572 geret.

358 2597 522 2638 Petrus
544 2595 791 2638 retineatur
812 2594 960 2637 adhuc
983 2595 1103 2650 apud
1125 2593 1340 2636 nouitios:
1366 2607 1540 2649 coquus
1562 2600 1714 2637 autem
1734 2599 1780 2637 et
1802 2591 1900 2636 sar-

268 2679 342 2714 tor
363 2672 410 2714 in
432 2672 678 2728 collegium
701 2670 839 2727 recipi
862 2679 1053 2726 possunt
1073 2685 1099 2714 e
1121 2672 1255 2713 domo
1277 2670 1572 2727 probationis,

357 2751 595 2792 Hactenus
613 2763 881 2805 responsum
899 2756 967 2791 est
986 2749 1043 2791 ad
1059 2748 1265 2804 quaesita
1286 2749 1344 2791 D.
1372 2747 1515 2791 Pauli:
1537 2761 1660 2791 nunc
1677 2748 1734 2790 ad
1750 2747 1907 2791 literas

270 2828 322 2870 P.
353 2826 580 2870 Dominici
602 2826 965 2883 respondebitur.
1392 2815 1399 2829 ¹

340 2973 357 2990 a
408 2964 480 2998 Ms.
501 2964 746 2998 comendent.

339 3059 348 3078 ¹
401 3059 514 3094 Vitus
535 3059 668 3094 Liner.
694 3057 795 3094 Vide
815 3063 1109 3094 monumentum
1129 3057 1187 3094 36.

2014 3151 2071 3470 ΜΫΜῇῠ-ῑζ
2075 3083 2078 3087 q
2049 3056 2081 3071 ,j
2061 3037 2067 3040 ·
2052 2971 2085 3017 2¹⁴³·
2059 2879 2085 2958 ³¹15·st
2078 2803 2080 2805 Ι
