2098 3470
319 249 386 286 168
788 252 942 289 PArms
968 252 1210 288 HIERONYMI
1237 253 1387 288 NADAL

269 357 312 393 et
341 351 736 407 persequutiones,
763 353 1157 396 Contradictiones
1186 353 1306 397 enim
1336 355 1501 397 multas
1531 355 1724 412 pas[s]us
1754 363 1823 400 est
1852 363 1900 399 et

266 428 656 483 persequutiones,
688 420 881 484 priinum
915 432 965 473 Ρ.
999 430 1220 486 Ignatius,
1255 430 1358 473 dein
1387 431 1593 475 Societas
1623 431 1734 487 ipsa,
1762 439 1900 488 caput

266 495 437 547 scilicet
454 512 499 548 et
515 519 696 561 corpus;
717 521 743 548 a
761 506 926 561 quibus
945 521 1034 549 non
1053 508 1199 550 solum
1216 507 1380 563 eripuit
1403 521 1485 550 nos
1502 507 1727 551 Dominus
1743 509 1801 552 de
1818 523 1901 552 sua

266 580 565 637 benignitate,
591 583 671 624 sed
693 582 819 627 dedit
841 598 896 626 ex
920 582 1212 627 tribulatione
1235 590 1278 627 et
1302 583 1551 628 tentatione
1569 592 1843 640 prouentum
1868 587 1897 630 ¹.

266 658 401 700 Nulla
430 658 551 702 enim
578 659 709 702 nobis
737 660 931 716 contigit
965 659 1195 702 tribulatio
1232 660 1432 716 grauior,
1465 661 1586 704 unde
1625 676 1717 709 non
1758 661 1902 704 simus

265 735 438 790 experti
477 750 693 792 magnum
731 736 973 781 Societatis
1011 745 1323 792 augmentum.
1359 739 1514 793 Itaque
1552 739 1800 791 laetanter,
1847 746 1898 780 ut

267 811 401 855 docet
430 814 486 856 D.
513 814 712 870 Jacobus
745 816 992 870 apostolus,
1024 813 1123 857 illas
1151 813 1400 870 accipimus
1423 815 1596 858 oblatas
1628 814 1902 859 tentationes

268 894 314 930 et
335 889 714 945 persequutiones
736 891 771 935 ².

355 966 415 1008 43
438 965 558 1023 (ΒΟ)
586 966 709 1009 Huic
738 966 931 1022 spiritui,
964 966 1069 1009 huic
1101 966 1332 1018 instituto,
1373 966 1445 1010 his
1483 967 1901 1023 approbationibus,

267 1042 510 1098 praecipue
533 1043 713 1098 quidem
737 1043 856 1088 sedis
877 1043 1154 1099 apostolicae
1176 1050 1222 1086 et
1239 1043 1416 1086 concilii
1439 1044 1735 1097 oecumenici,
1758 1044 1903 1089 credi-

267 1118 416 1162 dimus
438 1119 483 1163 in
507 1120 708 1173 Christo;
734 1120 805 1163 his
827 1120 989 1163 confisi
1018 1120 1304 1164 exercuimus
1334 1121 1581 1166 ministeria
1611 1128 1778 1164 nostra.
1818 1124 1905 1164 Per

269 1196 394 1239 hunc
431 1195 638 1252 spiritum
675 1205 720 1240 et
757 1196 1015 1239 institutum
1053 1197 1176 1240 dedit
1208 1195 1338 1241 nobis
1366 1198 1589 1241 Dominus
1618 1198 1835 1254 quicquid
1857 1197 1904 1240 in

269 1272 499 1317 Societate
521 1275 743 1318 hactenus
765 1275 822 1316 ad
845 1273 1034 1330 gloriam
1059 1274 1143 1317 Dei
1166 1274 1314 1319 extitit
1343 1275 1417 1318 uel
1448 1276 1624 1318 fructus
1653 1275 1726 1318 uel
1754 1274 1905 1318 incre-

273 1350 430 1395 menti.
462 1352 519 1393 Et
548 1358 699 1393 tamen
730 1350 926 1393 vidimus
953 1358 1126 1406 partem
1155 1350 1351 1394 instituti
1374 1359 1420 1396 et
1449 1351 1701 1395 uocationis
1723 1357 1905 1394 nostrae

269 1425 315 1468 in
337 1427 526 1470 dubium
551 1434 778 1479 uocatam,
811 1428 979 1483 optima
1008 1428 1189 1483 quidem
1217 1429 1456 1471 uoluntate
1480 1428 1549 1471 Pii
1577 1412 1724 1483 quinti
1755 1427 1905 1484 ponti-

270 1503 367 1547 ficis
398 1504 701 1560 integerrimi,
733 1506 813 1547 sed
842 1512 992 1549 tamen
1020 1505 1067 1547 in
1096 1505 1284 1548 dubium
1313 1513 1541 1558 uocatam,
1577 1513 1714 1560 atque
1742 1506 1855 1548 adeo
1887 1513 1906 1530 ³

271 1580 463 1638 ablatam
499 1582 531 1635 5;
567 1581 641 1624 illa
673 1583 779 1634 duo,
814 1581 1003 1626 scilicet:
1038 1590 1086 1624 ut
1119 1583 1366 1626 habeamus
1399 1583 1588 1625 chorum
1622 1582 1667 1625 in
1700 1581 1905 1626 ecclesiis

270 1658 436 1701 nostris
457 1659 692 1701 domorum
715 1661 1035 1715 professarum,
1061 1667 1106 1703 et
1130 1667 1179 1702 ut
1202 1660 1375 1702 nullum
1398 1659 1674 1711 ordinemus,
1706 1659 1783 1715 qui
1813 1673 1906 1702 non

271 1734 329 1777 sit
357 1736 601 1791 professus.
634 1737 765 1792 Quae
796 1737 888 1779 duo
916 1751 1016 1780 esse
1045 1743 1202 1779 contra
1233 1736 1491 1779 institutum
1524 1743 1747 1790 nostrum,
1783 1736 1908 1791 leget

269 1813 326 1854 D.
353 1814 409 1855 V.
439 1813 578 1855 Illma.
606 1813 650 1855 in
674 1813 810 1856 bullis
833 1813 1188 1856 confirmationis
1213 1813 1343 1856 Pauli
1368 1827 1392 1868 3
1416 1821 1462 1856 et
1477 1813 1585 1871 Julii
1606 1827 1659 1868 3.ι

359 1891 408 1933 In
432 1888 563 1932 Pauli
585 1891 706 1933 enim
729 1890 865 1946 priori
887 1890 1132 1946 diplomate
1154 1890 1260 1933 anni
1284 1901 1411 1945 1540,
1431 1890 1478 1932 in
1501 1891 1695 1934 formula
1712 1888 1908 1933 instituti

271 1966 334 2010 sic
357 1968 565 2011 habetur.
596 1967 742 2012 «Socii
764 1981 937 2019 omnes,
964 1967 1224 2022 quicunque
1252 1967 1297 2010 in
1324 1967 1465 2011 sacris
1495 1967 1678 2019 fuerint,
1710 1965 1908 2023 quanuis

271 2043 493 2088 beneficia
520 2044 825 2087 ecclesiastica
853 2051 931 2086 aut
960 2058 1118 2086 eorum
1141 2044 1344 2088 redditus
1366 2059 1458 2087 non
1480 2045 1695 2096 habeant,
1721 2051 1909 2087 tenean-

273 2129 346 2163 tur
368 2128 521 2165 tamen
543 2121 714 2178 singuli
735 2121 946 2177 priuatim
970 2135 1021 2164 ac
1043 2121 1389 2177 particulariter,
1415 2130 1460 2165 et
1478 2135 1569 2164 non
1587 2119 1906 2172 communiter,

273 2199 330 2240 ad
365 2199 609 2243 dicendum
646 2198 846 2241 officium
884 2198 1010 2241 iuxta
1047 2199 1266 2242 ecclesiae
1300 2198 1480 2241 ritum.»
1518 2199 1639 2242 Idem
1670 2198 1909 2240 confirmat

273 2277 524 2318 secundum
547 2275 743 2332 diploma
765 2275 968 2319 eiusdem
994 2275 1123 2318 Pauli
1147 2289 1171 2330 3
1196 2276 1300 2319 anni
1330 2286 1457 2330 1543.

362 2353 411 2394 In
434 2352 679 2408 diplomate
702 2352 1058 2395 confirmationis
1080 2353 1186 2409 Julii
1210 2366 1252 2407 3,
1278 2352 1323 2394 in
1346 2352 1442 2408 ipsa
1467 2351 1658 2394 formula
1681 2351 1746 2394 sic
1770 2350 1909 2394 tradi-

275 2435 364 2471 tur:
394 2428 540 2473 «Socii
565 2436 716 2473 autem
738 2443 910 2480 omnes,
942 2443 1045 2471 curn
1078 2428 1355 2485 praesbyteri
1383 2443 1483 2473 esse
1511 2429 1722 2479 debeant,
1755 2427 1812 2471 ad
1842 2426 1910 2470 di-

343 2612 360 2629 a
413 2602 468 2636 Ita
488 2601 593 2648 prius
613 2602 798 2648 scriptum
818 2607 891 2645 est,
914 2601 982 2636 sed
1002 2607 1137 2648 postea
1156 2601 1406 2636 emendatum
1422 2600 1579 2636 videtur
1595 2600 1644 2635 ab
1660 2611 1717 2641 30,
1732 2599 1911 2646 quamvis

276 2661 378 2696 haud
396 2663 499 2696 clare
519 2661 557 2696 id
575 2667 773 2708 appareat.

351 2825 359 2844 ¹
414 2823 428 2856 Ι
447 2823 567 2867 Con„
587 2824 636 2869 X,
661 2822 716 2858 13.

345 2885 359 2904 2
411 2881 539 2919 Omne
556 2882 743 2928 gaudium
769 2882 1007 2928 existimate,
1035 2882 1173 2918 fratres
1206 2882 1296 2925 mei,
1323 2893 1412 2917 cum
1444 2882 1483 2916 in
1514 2880 1753 2916 tentationes
1783 2879 1912 2914 varias

276 2941 506 2977 incideritis.
528 2943 697 2988 με’-05,
718 2943 748 2988 Ι,
769 2951 804 2978 2.

347 3002 361 3022 ⁵
411 3000 473 3036 Cf.
493 3001 761 3046 SACCfflNUM,
781 3002 856 3037 loc.
876 3001 967 3044 cit.,
983 3006 1082 3047 part.
1103 3001 1171 3047 ΙΙΙ,
1190 3001 1258 3036 lib.
1275 3001 1344 3044 ΙΙΙ,
1359 3012 1398 3036 n.
1422 3008 1437 3035 1
1456 3005 1495 3034 et
1510 3011 1634 3047 seqq.;
1651 3004 1692 3034 et
1707 2998 1913 3042 ASTRAm,

275 3060 478 3104 Historia,
497 3061 574 3098 vol.
597 3060 646 3106 ΙΙ,
666 3061 734 3097 lib.
757 3061 806 3106 11,
821 3072 906 3107 cap.
927 3059 962 3095 8.
