2098 3470
800 259 1231 299 lamucnonzs-61
1713 257 1784 305 395

197 363 344 407 solum
381 361 663 415 deliberatio,
701 362 823 406 vnde
858 360 1023 417 aliquis
1059 376 1086 405 e
1109 359 1277 404 nostris
1309 359 1368 403 sit
1399 359 1713 413 dimittendus,
1749 361 1831 406 sed

195 439 332 485 etiam
352 437 577 493 executio;
590 451 737 496 pauca
753 437 912 495 opinor
928 437 1014 482 erit
1028 451 1165 494 opere
1181 436 1412 494 praecium
1429 437 1487 480 de
1506 437 1574 479 his
1592 445 1826 483 annotare:

193 523 241 560 et
261 515 455 573 primum
478 515 676 572 quidem,
697 528 815 572 quae
835 515 1080 558 traduntur
1099 513 1147 556 in
1168 512 1370 558 secunda
1392 520 1519 569 parte
1537 514 1819 557 constitutio—

192 607 303 637 num
325 601 372 636 et
387 592 743 637 declarationum
763 598 871 636 sunt
887 598 1099 635 accurate
1114 589 1444 634 consideranda
1460 597 1506 633 et
1522 591 1831 644 obseruanda;,

192 684 311 727 quae
332 684 441 714 vero
461 670 520 714 ad
535 668 712 726 praxim
733 676 779 712 et
801 683 931 712 vsum
954 668 1148 713 attinere
1163 667 1394 720 videntur,
1411 667 1619 710 hocloco
1635 676 1827 711 annota-

193 747 382 792 buntur.

279 825 338 868 72
357 824 472 868 Illud
493 838 605 880 ergo
626 822 821 880 primum
842 823 1152 874 statuendum,
1177 822 1353 865 nullum
1380 836 1513 878 posse
1541 836 1568 864 a
1596 821 1828 866 Societate

188 899 354 943 dimitti
385 882 637 957 professum
671 900 744 944 vel
775 899 1085 944 coadiutorem
1116 900 1360 942 formatum
1392 900 1564 954 absque
1592 912 1820 942 consensu

187 977 414 1034 generalis
442 976 702 1034 praepositi.
733 978 833 1020 Hos
860 983 1029 1029 tamen,
1053 975 1092 1019 si
1118 989 1192 1019 res
1219 983 1420 1032 vrgeret‚
1455 982 1611 1032 posset
1644 975 1827 1019 mittere

186 1053 479 1110 prouincialis
500 1054 557 1097 ad
578 1054 855 1110 generalem,
880 1053 953 1097 vel
974 1053 1020 1095 in
1042 1052 1475 1109 peregrinationem,
1499 1053 1573 1095 vel
1594 1052 1652 1095 ad
1682 1066 1823 1095 xeno-

186 1130 367 1183 dochia‚
397 1131 544 1176 donec
570 1146 651 1188 per
675 1130 830 1175 literas
857 1130 1120 1191 consulatur
1148 1129 1392 1186 generalis,
1423 1137 1469 1174 et
1489 1144 1547 1173 eo
1570 1128 1772 1183 nomine,
1798 1145 1827 1173 e

185 1221 297 1252 suae
322 1207 587 1264 prouinciae
617 1207 821 1264 collegiis
847 1209 921 1252 vel
953 1207 1167 1251 domibus
1197 1207 1439 1264 expellere,
1474 1206 1695 1250 consultis
1727 1205 1837 1261 suis,

185 1283 468 1328 consiliariis.
501 1284 595 1340 Qui
615 1299 726 1328 vero
746 1291 853 1328 sunt
874 1283 1134 1328 scholastici
1154 1283 1406 1341 approbati,
1432 1298 1511 1328 eos
1531 1283 1578 1326 in
1600 1282 1825 1340 grauibus

184 1368 231 1405 et
250 1344 521 1418 vrgentibus
542 1361 692 1405 causis
712 1360 986 1405 dimissionis
1007 1368 1199 1418 possunt
1220 1375 1298 1417 per
1319 1376 1371 1405 se
1386 1360 1617 1405 dimittere
1634 1359 1824 1417 prouin-

185 1437 336 1482 ciales.
366 1437 567 1482 Possunt
592 1446 639 1482 et
666 1453 744 1483 eos
771 1438 1015 1492 dimittere,
1050 1437 1127 1494 qui
1159 1445 1266 1482 sunt
1296 1438 1343 1481 in
1375 1438 1659 1495 probatione.
1695 1436 1823 1482 Sciat

182 1529 317 1572 porro
337 1515 632 1572 prouincialis
651 1531 710 1558 an
731 1515 867 1574 liceat
883 1515 970 1559 sibi
986 1530 1067 1572 per
1082 1516 1361 1572 generalem,
1382 1530 1437 1559 ex
1454 1515 1683 1566 omnibus,
1705 1529 1824 1570 quos

179 1592 399 1636 iudicabit
419 1607 447 1636 a
466 1592 693 1638 Societate
714 1593 1021 1645 dimittendos,
1046 1607 1126 1637 eos
1146 1594 1335 1636 Romam
1357 1592 1552 1645 mittere,
1578 1592 1613 1636 si
1638 1591 1716 1647 qui
1740 1606 1821 1634 va-

181 1669 305 1714 leant
324 1669 547 1726 singulari
563 1669 716 1726 aliqua
733 1670 963 1723 facultate,
988 1670 1061 1713 vel
1077 1669 1266 1726 ingenii,
1291 1671 1364 1714 vel
1380 1670 1631 1722 literarum,
1656 1676 1747 1714 ete.
1772 1668 1820 1713 Si

179 1760 314 1803 quem
338 1753 490 1792 tamen
510 1747 708 1791 dimittat
729 1763 786 1792 ex
806 1747 1024 1792 facultate
1045 1762 1071 1791 e
1092 1747 1319 1792 Societate
1341 1746 1650 1804 prouincialis,
1676 1746 1734 1789 de
1766 1759 1823 1790 eo

179 1823 325 1880 primo
354 1838 536 1880 quoque
563 1824 620 1869 73
649 1831 852 1881 tempore
884 1824 1020 1868 faciat
1051 1824 1290 1869 certiorem
1323 1824 1602 1881 generalem.
1640 1823 1815 1866 Poterit

178 1906 412 1956 praeterea
432 1915 489 1945 ex
510 1915 594 1944 sua
614 1901 849 1957 prouincia
871 1902 928 1944 ad
950 1901 1083 1944 aliam
1106 1901 1285 1945 mittere
1306 1901 1576 1953 iuuandum,
1601 1900 1639 1944 si
1661 1900 1725 1943 ita
1746 1899 1817 1942 in·

179 1983 249 2021 ter
267 1991 317 2021 se
337 1985 384 2022 et
405 1977 543 2022 alium
564 1978 891 2035 prouincialem
918 1978 1179 2023 conueniat.
1213 1977 1491 2035 Praepositis
1518 1977 1740 2022 localibus
1773 1984 1820 2021 et

178 2054 429 2100 rectoribus
450 2054 516 2098 vti
537 2062 751 2112 poterunt
774 2055 1076 2112 prouinciales
1101 2055 1376 2099 administris
1398 2056 1456 2098 ad
1477 2057 1563 2098 has
1593 2054 1820 2098 dimissio-

178 2146 276 2184 nes,
314 2132 524 2188 quamuis
559 2133 646 2176 illis
677 2134 801 2176 nulla
832 2134 967 2176 datur
998 2133 1191 2176 facultas
1223 2132 1480 2177 dimittendi
1510 2147 1536 2175 a
1569 2132 1814 2177 Societate.

179 2208 352 2252 Poterit
373 2215 525 2252 tamen
547 2224 573 2253 a
594 2209 860 2266 prouinciali
884 2217 929 2254 et
950 2209 1136 2254 debebit
1157 2209 1363 2263 concedi,
1389 2217 1455 2262 vt,
1480 2209 1518 2253 si
1542 2208 1644 2264 quis
1667 2210 1726 2251 ob
1743 2223 1816 2250 vr-

178 2296 342 2341 gentes
363 2299 527 2329 causas
554 2293 602 2329 et
622 2301 790 2342 graues
811 2286 857 2329 in
884 2287 1020 2329 domo
1041 2287 1114 2329 vel
1137 2286 1327 2343 collegio
1358 2300 1451 2330 non
1474 2285 1682 2329 videatur
1711 2284 1819 2328 reti—

179 2362 374 2414 nendus,
400 2369 450 2405 vt
470 2377 576 2407 eum
598 2364 655 2406 ad
677 2363 1002 2419 prouincialem
1019 2363 1219 2408 mittant.

264 2438 358 2494 Qui
373 2446 443 2482 est
461 2439 657 2496 aliquem
674 2440 957 2493 dimissurus,
972 2440 1177 2484 solicitus
1194 2441 1378 2496 quidem
1395 2455 1496 2484 esse
1513 2440 1650 2483 debet
1667 2439 1814 2481 donec

175 2514 262 2560 rite
281 2514 535 2572 inquisierit
555 2531 608 2561 ac
625 2517 850 2562 definierit
871 2533 929 2561 an
951 2517 1178 2562 dimittere
1199 2519 1378 2571 debeat3
1403 2517 1582 2568 deinde,
1609 2515 1743 2558 etiam
1775 2514 1812 2557 si

176 2606 315 2648 aegre
331 2592 391 2635 sit
406 2593 581 2636 laturus
597 2593 767 2637 dimissi
785 2595 1016 2647 damnum,
1036 2601 1082 2639 et
1100 2594 1340 2639 Societatis
1358 2594 1541 2649 aliquod
1564 2590 1812 2636 detrimen-

178 2676 290 2722 tum,
318 2675 469 2713 tamen
491 2669 630 2713 animi
651 2669 967 2727 magnitudine
993 2679 1039 2715 et
1060 2671 1338 2715 confidentia
1367 2670 1539 2726 gratiae
1569 2666 1814 2712 Societatis

173 2752 371 2798 erectus,
396 2759 491 2789 rem
515 2754 783 2802 exequatur,
808 2748 1014 2792 modeste
1036 2747 1235 2804 quidem,
1261 2748 1342 2790 sed
1363 2746 1565 2789 hilariter
1589 2752 1740 2787 tamen
1763 2742 1810 2784 in

173 2821 377 2874 Christo,
402 2836 487 2867 nec
509 2823 824 2867 confusionem
845 2832 1085 2881 propterea
1108 2824 1300 2875 timebit,
1318 2822 1446 2878 quasi
1468 2822 1585 2864 male
1607 2820 1666 2863 sit
1685 2818 1809 2862 audi-

109 2900 117 2907 “
175 2905 276 2941 tura
303 2898 524 2952 Societas;
555 2899 666 2956 quin
693 2907 851 2943 contra
879 2900 1029 2956 potius
1052 2915 1077 2943 a
1106 2899 1302 2943 cordatis
1326 2898 1591 2941 hominibus
1616 2896 1677 2940 74
1700 2910 1810 2938 con-

174 2974 285 3019 fidet
310 2974 472 3018 melius
500 2975 774 3028 audituram,
807 2976 885 3032 qui
912 2991 969 3019 eo
1002 2976 1148 3033 magis
1170 2976 1420 3032 suspicient
1451 2973 1727 3018 Societatem
1761 2979 1808 3016 et

174 3051 451 3106 probabunt,
476 3051 597 3107 quod
614 3051 815 3106 videant,
834 3067 926 3095 non
944 3053 1088 3096 solum
1107 3053 1152 3095 in
1171 3068 1223 3097 ea
1242 3053 1506 3096 facultatem
1531 3064 1629 3093 esse
1653 3049 1807 3104 expel-
