2098 3470
277 653 801 709 MONUMENTA
843 655 1319 710 GERMANIAE
1370 655 1842 713 SUPERIORIS

1022 863 1103 906 33

470 959 840 1003 RESPONDET
872 958 1193 1003 MAGISTRO
1227 960 1642 1005 THEODORICO

573 1063 617 1091 R.
654 1063 696 1092 Ρ.
731 1061 937 1092 NATALIS
971 1062 1177 1092 RECTom
1212 1062 1485 1093 MONACENSI
1525 1051 1534 1071 ¹

325 1167 672 1222 Respondeatur
693 1166 764 1220 iis,
790 1167 865 1222 qui
889 1167 1049 1210 missas
1071 1166 1248 1210 votiuas
1270 1167 1451 1219 anobis
1472 1168 1559 1211 dici
1576 1175 1753 1224 petunt,
1773 1184 1872 1213 non

235 1243 382 1288 solere
409 1258 492 1287 nos
512 1239 843 1300 *obligationem
859 1235 1103 1287 'missarum
1131 1244 1316 1298 ambire3
1348 1244 1582 1288 habituros
1605 1260 1687 1288 nos
1715 1252 1867 1290 tamen

230 1321 495 1364 memoriam
517 1322 573 1364 ad
596 1331 752 1365 eorum
776 1321 1090 1374 intentionem,
1115 1328 1161 1376 et
1183 1322 1271 1365 hoc
1293 1336 1347 1365 eo
1370 1322 1638 1378 propensius
1656 1323 1869 1376 facimus,

229 1398 351 1453 quod
374 1398 586 1441 nolumus
607 1397 775 1454 priuari
804 1397 1051 1441 elemosina
1083 1397 1194 1441 alios
1222 1399 1481 1456 sacerdotes
1509 1400 1582 1443 vel
1610 1399 1868 1456 religiosos„

227 1474 393 1530 quibus
414 1482 567 1518 essent
588 1476 930 1519 demandandae
952 1475 1053 1519 illae
1075 1474 1253 1518 missae:
1274 1482 1464 1531 possunt
1482 1483 1632 1520 tamen
1656 1476 1862 1533 aliquan-

226 1551 285 1594 do
307 1551 397 1594 dici
419 1551 584 1595 missae
607 1566 687 1608 pro
709 1552 952 1596 deuotione
975 1567 1149 1606 eorum,
1174 1552 1252 1607 qui
1274 1559 1448 1608 petunt.

315 1628 496 1685 Singuli
529 1630 789 1691 sacerdotes
826 1629 1020 1686 singulis
1051 1629 1314 1686 septimanis
1346 1630 1577 1674 celebrent
1609 1631 1747 1675 semel
1779 1645 1870 1687 pro·

226 1705 363 1748 Patre
386 1705 606 1762 generali,
632 1713 677 1748 et
699 1707 840 1750 semel
869 1721 949 1762 pro
973 1708 1110 1751 Patre
1132 1706 1439 1749 commissario
1456 1707 1488 1749 ².
1511 1707 1559 1750 In
1581 1714 1861 1752 «memento»

224 1783 428 1826 secundo
445 1782 740 1839 singulariter
762 1784 1140 1828 commendentur
1163 1783 1338 1828 animae
1359 1798 1531 1840 eorum,
1557 1783 1634 1839 qui
1656 1784 1862 1828 defuncti

225 1866 333 1901 sunt
355 1859 400 1902 in
425 1859 596 1916 regnis,
621 1859 697 1902 vbi
721 1860 872 1902 nullus
894 1875 975 1916 pro
997 1859 1051 1903 iis
1074 1867 1185 1903 orat.

313 1938 403 1979 Pro
441 1937 679 1980 fundatore
717 1944 762 1981 et
798 1937 1165 1980 benefactoribus
1202 1938 1428 1993 quomodo
1467 1938 1709 1990 orandum,
1750 1937 1863 1982 vide-

222 2021 361 2070 caput
383 2011 511 2071 [1.¹¹¹¹¹]
534 2021 619 2068 4:³⁶
641 2003 779 2070 partis
802 2015 834 2057 ⁵.
862 2015 912 2056 In
941 2014 1076 2057 missa
1106 2013 1268 2070 triplex
1297 2014 1346 2056 fit
1375 2014 1630 2071 appliCatio,
1664 2014 1860 2058 scilicet:

221 2090 396 2149 [prima]
431 2090 752 2148 propriissime,
785 2106 901 2146 quae
924 2092 974 2134 fit
1002 2090 1086 2147 ipsi
1115 2091 1377 2144 celebranti3
1415 2091 1629 2144 secunda,
1660 2090 1865 2148 negotiis

220 2167 572 2222 commendatis;
599 2167 745 2221 tertia,
772 2168 1010 2224 quibusuis
1032 2167 1078 2210 in
1102 2167 1380 2223 yniuersum.

310 2244 361 2287 In
383 2244 560 2289 sacellis
581 2244 786 2301 priuatis,
813 2260 929 2300 quae
951 2244 997 2287 in
1020 2245 1230 2288 domibus
1251 2246 1421 2288 habent
1448 2244 1588 2299 ciues,
1613 2259 1704 2288 non
1735 2244 1856 2289 cele-

219 2323 392 2366 bretur:
419 2322 503 2366 etsi
527 2322 747 2366 habemus
769 2322 908 2366 altare
931 2321 1155 2378 portatile,
1181 2336 1262 2377 pro
1291 2321 1456 2365 nostris
1484 2321 1595 2364 illud
1615 2322 1858 2373 habemus,

218 2413 310 2442 non
349 2414 430 2455 pro
467 2398 642 2452 alienis,
683 2398 769 2442 nisi
802 2398 1005 2441 fortassis
1038 2398 1287 2444 necessitas
1319 2412 1488 2454 magna
1519 2398 1748 2451 suaderet,
1782 2398 1858 2441 vel

219 2491 387 2533 magna
410 2483 532 2520 esset
554 2490 762 2532 persona.

311 2555 468 2597 Potest
486 2560 645 2603 vrector
666 2567 723 2596 ex
745 2553 960 2596 facultate
982 2567 1198 2597 concessa
1221 2551 1491 2597 benedicere
1513 2558 1664 2594 vestes
1681 2565 1855 2594 sacras:

287 2693 297 2710 ¹
349 2690 407 2724 Ex
427 2690 649 2736 apographo
665 2699 826 2732 coaevo,
847 2688 886 2723 in
904 2688 1038 2724 codice
1057 2688 1196 2726 Natal.
1217 2689 1334 2724 instr.
1356 2687 1510 2732 Germ„
1525 2687 1590 2724 fol.
1609 2686 1720 2733 3o5v‚
1737 2686 1854 2722 3ofiv.

214 2749 323 2784 Haec
342 2748 549 2784 instructio
567 2759 668 2785 anno
690 2748 780 2793 1562
798 2747 846 2782 ad
860 2747 977 2783 finem
998 2753 1188 2793 vergente
1211 2747 1301 2782 data
1325 2747 1447 2783 fuisse
1477 2747 1646 2793 videtur,
1669 2757 1747 2782 non
1771 2747 1857 2781 Mo·

214 2808 358 2853 naehii,
388 2808 458 2843 sed
490 2808 708 2854 Augustae,
739 2818 816 2854 quo
846 2807 889 2842 P.
922 2807 1190 2842 Theodoricus
1220 2806 1415 2850 Canisius,
1447 2811 1575 2842 rector
1605 2806 1850 2841 monacensis

210 2867 383 2913 collegii,
416 2879 458 2902 se
475 2867 654 2904 contulit.
687 2865 748 2906 Cf,
783 2866 912 2913 Epist.
940 2867 989 2901 P.
1019 2866 1168 2908 Nadal,
1190 2866 1239 2911 11,
1271 2864 1350 2909 1733
1378 2871 1417 2900 et
1442 2865 1622 2902 Manum.
1650 2865 1852 2911 Paedag.,

211 2938 301 2974 pag.
321 2926 406 2974 796,
427 2926 494 2962 ubi
512 2926 627 2973 hujus
647 2925 915 2961 instructionis
935 2936 1036 2972 pars,
1056 2925 1103 2960 ad
1122 2924 1252 2960 studia
1270 2930 1467 2971 spectans,
1487 2924 1591 2970 typis
1610 2935 1754 2959 excusa
1772 2930 1853 2961 est-

266 2983 294 3008 ’Ξ
345 2987 382 3022 Is
403 2991 486 3022 erat
504 2985 608 3021 idem
627 2985 671 3023 P.
692 2985 957 3031 Hieronymus
975 2984 1140 3020 Natalis.

281 3046 296 3064 ³
346 3045 408 3082 Cf.
431 3045 744 3081 Constitutiones
769 3043 978 3079 societatis
993 3044 1091 3089 Jesu
1116 3043 1270 3078 latinae
1292 3046 1328 3078 et
1351 3042 1594 3089 hispanicae,
1621 3053 1738 3089 pagg.
1766 3042 1853 3077 108-

213 3113 300 3141 110.
