2098 3470
337 278 406 314 262
808 277 962 315 PATRIS
989 279 1233 315 Hmnonvm
1260 278 1410 314 NADAL

287 381 370 426 sed
391 379 455 423 ita
477 386 628 424 tamen
652 387 702 423 ut
730 379 850 424 illius
872 380 1115 423 conciones
1141 379 1293 423 videat
1322 381 1457 424 Pater
1485 381 1698 436 Lanoyus
1731 381 1760 435 ¹,
1793 387 1855 433 et,
1880 381 1925 424 si'

289 471 405 514 opus
435 456 587 509 fuerit,
618 457 844 511 emendet.
879 457 1050 501 Poterit
1078 456 1354 512 pedetentim
1389 457 1513 500 Patri
1543 457 1746 514 Georgio
1773 458 1788 478 ²
1813 471 1918 500 suc-—

289 534 467 586 cedere,
492 533 689 589 primum
718 533 900 590 quidem
928 533 1182 586 dominicis3
1217 535 1351 576 Pater
1387 533 1619 590 Georgius
1656 533 1755 578 aliis
1793 534 1929 580 festis

290 610 456 667 poterit
478 610 757 655 concionari.
777 612 827 653 In
843 610 1189 666 quadragesima
1206 609 1411 654 diuidant
1429 610 1691 656 conciones.
1716 612 1918 655 Tandem

291 689 428 731 Pater
451 702 560 730 saxo
582 688 706 730 solus
728 687 786 730 sit
807 687 1115 730 concionator.
1143 686 1191 731 Si
1214 693 1366 731 autem
1390 687 1555 730 abduci
1577 687 1732 730 illhinc
1752 687 1930 744 poteritv

293 766 430 809 Pater
466 764 713 821 Georgius,
753 764 966 820 Dilingae
1002 765 1058 806 ad
1097 763 1376 820 theologiam
1413 764 1673 808 discendam
1710 764 1920 809 collocari

292 848 459 897 posset.

380 917 600 974 Magister
619 917 850 974 Georgius
872 919 886 938 ⁵
912 916 1194 972 Herbipolim
1223 925 1291 962 est
1319 917 1466 960 iturus
1494 931 1597 960 cum
1627 917 1778 973 aliquo
1799 919 1930 961 bono

292 995 556 1039 coadiutore
579 996 760 1051 (Petrus
780 994 865 1037 erit
886 994 1108 1050 idoneus).
1135 995 1332 1050 Quando
1354 1002 1506 1038 autem
1528 995 1675 1038 iturus
1696 995 1771 1048 sit,
1797 996 1921 1040 Her-

294 1071 434 1128 bipoli
456 1071 547 1115 cito
569 1070 825 1115 definietur.
852 1073 1029 1115 Interea
1056 1072 1169 1114 duas
1195 1071 1379 1114 habebit
1407 1071 1728 1127 occupationes
1757 1072 1803 1115 in
1830 1074 1925 1116 hoe-

294 1149 506 1205 collegio:
531 1149 688 1200 altera,
713 1155 759 1191 et
780 1148 1022 1204 praecipua
1039 1147 1236 1202 quidem,
1261 1147 1345 1190 erit
1367 1155 1418 1191 ut
1440 1149 1516 1191 det
1538 1144 1720 1204 operam
1744 1148 1923 1205 priuato

294 1225 447 1269 studio
470 1225 743 1281 theologiae,
778 1224 1039 1280 praesertim
1072 1224 1126 1267 iis
1154 1225 1367 1277 materiis,
1400 1239 1513 1280 quas
1540 1241 1631 1269 non
1660 1225 1851 1279 audiuit,
1875 1232 1930 1269 et·

293 1301 634 1354 controuersiis,
659 1309 704 1346 et
726 1301 941 1358 disputet,
968 1309 1033 1353 ut,
1060 1309 1301 1356 antequam
1324 1303 1472 1355 abeat,
1503 1302 1758 1358 promoueri
1781 1302 1923 1359 possit

291 1379 339 1422 in
366 1379 672 1423 licenciatum.
705 1379 864 1422 Altera
891 1378 991 1430 erit,
1028 1386 1079 1420 ut
1115 1380 1201 1421 sub
1233 1378 1414 1422 nomine
1446 1378 1639 1422 ministri
1670 1394 1762 1422 non
1793 1386 1925 1423 curet
1964 1382 1970 1386 '

291 1455 474 1512 quidem
498 1470 614 1512 quae
635 1456 693 1498 ad
714 1455 910 1498 culinam
934 1462 979 1498 et
1001 1469 1202 1498 mensam
1225 1455 1433 1508 attinent,
1459 1470 1576 1511 quae
1597 1456 1798 1514 Jacobus
1824 1457 1922 1499 suf-

290 1532 496 1578 ficienter
519 1541 663 1575 curat:
688 1533 769 1576 sed
791 1531 887 1574 aliis
915 1531 961 1574 in
990 1533 1126 1576 rebus
1154 1541 1283 1576 curet
1310 1532 1491 1589 collegii
1524 1532 1926 1589 gubernationem„

291 1617 343 1654 ut
364 1624 498 1653 usum
521 1609 716 1665 aliquem
744 1609 1088 1666 gubernationis
1119 1610 1286 1654 habere
1319 1609 1477 1665 possit,
1512 1609 1550 1653 si
1583 1616 1732 1653 rector
1763 1617 1929 1666 postea

291 1687 497 1730 mittatur
519 1686 818 1742 Herbipolim.

381 1763 580 1808 Mathias
601 1763 873 1806 coloniensis
894 1770 967 1807 eat
990 1765 1251 1820 Augustam
1275 1764 1306 1806 ⁴.

383 1841 645 1885 Alexander
672 1855 781 1885 saxo
802 1841 1007 1884 mittatur
1029 1840 1357 1897 Oenipontum,
1385 1848 1434 1884 ut
1456 1840 1579 1884 illhic
1601 1841 1829 1897 gubernet
1857 1841 1933 1884 ul·
1960 1826 1963 1829 Α

294 1918 456 1962 timam
478 1919 690 1972 classem,
709 1925 754 1962 et
780 1918 1014 1962 ordinetur
1042 1918 1185 1974 primo
1213 1932 1396 1974 quoque
1424 1925 1624 1974 tempore
1653 1918 1866 1962 sacerdos
1890 1919 1920 1961 ⁵.

365 2138 375 2158 ¹
429 2137 626 2184 Nicotaus,
650 2142 779 2173 rector
796 2137 953 2183 collegii
976 2137 1239 2184 oenipontani.
1268 2136 1330 2175 Cf.
1354 2134 1486 2183 Epist.>
1502 2137 1551 2173 P.
1571 2137 1722 2180 Nadal‚
1749 2138 1812 2182 ΙΙΙ,
1841 2138 1923 2183 276.

365 2200 379 2219 ²
430 2198 475 2232 In
493 2198 672 2243 catalogo
689 2195 846 2243 collegii
865 2196 1115 2243 oenipontani
1144 2196 1193 2231 ad
1222 2208 1366 2232 annum
1393 2196 1481 2241 1565
1511 2201 1730 2243 spectante,
1761 2198 1935 2234 habetur

294 2257 361 2292 «P.
378 2256 575 2300 Georgius
593 2255 771 2303 Crispus,
788 2267 1013 2302 germanus,
1032 2255 1226 2291 sacerdos:
1245 2267 1388 2291 annum
1406 2255 1545 2291 aetatis
1560 2255 1641 2301 agit
1654 2265 1760 2302 29.m:
1779 2256 1927 2302 ingres-

292 2327 359 2352 sus
374 2322 435 2352 est
449 2315 686 2352 Societatem
704 2320 806 2360 1555:
824 2321 916 2350 vota
929 2314 1051 2350 edidit
1066 2315 1246 2362 sequenti
1260 2326 1361 2350 anno
1373 2315 1412 2350 in
1426 2314 1527 2350 festo
1541 2314 1769 2351 Nativitatis
1782 2316 1934 2351 Beatae

294 2375 485 2422 Virginis:
503 2376 636 2411 multis
650 2374 761 2410 annis
774 2374 907 2418 docuit
921 2375 1153 2410 rhetoricam
1168 2380 1208 2410 et
1221 2373 1447 2410 facultatem
1461 2374 1666 2410 oratoriam
1681 2374 1854 2422 aliasque
1867 2375 1935 2411 lit—

293 2442 413 2482 teras,
429 2434 629 2482 praeditus
643 2439 705 2470 est
713 2433 815 2469 dono
828 2433 1085 2469 concionandi
1100 2439 1139 2469 et
1153 2435 1255 2469 bene
1269 2433 1430 2479 regendi
1442 2434 1704 2479 juuentutem:
1721 2435 1826 2470 valet
1839 2446 1926 2481 pru-

292 2494 426 2530 dentia
445 2499 485 2529 et
508 2495 595 2530 zelo
611 2492 866 2529 convertendi
884 2492 1032 2528 animas
1056 2492 1227 2530 Christo:
1255 2497 1388 2539 posset
1410 2504 1499 2527 curn
1522 2491 1652 2528 fructu
1675 2492 1845 2528 nouitios
1868 2505 1931 2529 re-

290 2565 386 2600 gere
401 2554 495 2589 etin
509 2553 646 2600 spiritu
661 2563 904 2600 promouere:
922 2552 969 2587 ad
984 2552 1112 2588 studia
1127 2553 1228 2588 bene
1242 2557 1356 2598 aptus
1370 2557 1468 2587 est.»
1484 2551 1545 2588 Cf.
1563 2552 1691 2599 Epist.
1709 2553 1757 2591 P.
1774 2552 1931 2595 Nadal,

295 2613 362 2658 III,
386 2621 466 2659 195.

368 2673 382 2693 ⁵
434 2672 500 2708 «P.
521 2671 718 2717 Georgius
737 2670 876 2716 Bader,
902 2682 1090 2706 annorum
1115 2670 1243 2716 modo,
1268 2675 1311 2705 vt
1334 2676 1458 2717 putat,
1485 2679 1545 2716 29,
1570 2670 1763 2706 admissus
1788 2675 1850 2706 est
1875 2670 1924 2706 ad

293 2731 544 2779 probationes
563 2731 773 2766 Societatis
786 2731 881 2776 Jesu
899 2721 1046 2765 Romae
1066 2730 1104 2766 in
1123 2730 1346 2777 Septembri
1364 2742 1466 2766 anno
1487 2738 1589 2775 1557:
1618 2735 1709 2765 vota
1727 2730 1931 2766 scholasti-

291 2801 425 2826 corum
443 2790 575 2825 emisit
593 2788 752 2824 Laureti
770 2800 872 2824 anno
893 2788 982 2832 1558
1001 2788 1040 2824 in
1064 2788 1128 2824 die
1152 2788 1382 2824 Nativitatis
1407 2789 1578 2824 Domini:
1599 2789 1707 2824 illinc
1730 2787 1931 2835 profectus

291 2850 544 2897 Coymbriam
563 2848 779 2895 Lusitanie3
798 2848 954 2892 deinde,
972 2860 1154 2884 reuersus
1167 2849 1343 2894 Romam,
1360 2848 1501 2884 missus
1516 2853 1577 2884 est
1591 2848 1804 2895 Dilingam,
1819 2848 1925 2884 illinc

293 2908 554 2956 Herbipolim,
573 2908 642 2944 vbi
667 2908 749 2954 agit
766 2913 955 2943 rectorem
973 2908 1169 2953 collegii.»
1189 2908 1246 2942 Ex
1264 2908 1441 2953 catalogo
1459 2907 1616 2951 collegii
1638 2907 1930 2954 herbipolensis

294 2968 387 3004 anni
409 2968 512 3013 1567.

361 3030 376 3049 ⁴
427 3027 488 3063 Cf.
510 3027 639 3074 Epist.
663 3028 711 3063 P.
732 3026 884 3072 Nadal,
903 3027 973 3072 111,
995 3025 1080 3072 331,
1099 3025 1184 3071 430.

365 3090 380 3110 ⁵
430 3087 491 3125 Cf.
513 3086 641 3134 Epist.
663 3087 712 3122 P.
733 3085 884 3130 Nadal,
902 3086 973 3133 ΙΙΙ,
992 3085 1074 3121 330.
