2098 3470
774 253 1215 298 Supprmnnruu-zs
1697 256 1762 292 861

135 379 139 383 -
178 358 260 403 sed
282 357 395 405 illud
415 343 631 402 ostenditi
654 356 847 400 effeetus
867 353 1143 398 certissimos
1164 356 1221 398 ab
1244 369 1294 399 se
1315 356 1555 412 proficisci,
1581 359 1737 414 quales
1758 372 1815 401 ex

179 434 269 479 iuis
290 433 579 491 passionibus
599 432 647 476 in
669 446 758 476 nos
779 431 949 476 scimus
975 432 1123 476 solere
1154 432 1398 488 designari;
1434 448 1538 476 nam
1572 434 1664 488 vbi,
1700 433 1819 491 quae

180 511 444 569 significant
463 509 713 567 passiones,
740 510 879 553 verba
898 510 999 552 Deo
1022 507 1160 552 tribui
1182 509 1393 565 legimus,
1425 525 1563 566 quum
1597 511 1642 554 in
1666 513 1814 555 Deum

180 589 306 633 nulla
325 587 468 644 possit
488 586 697 631 accidere
718 585 886 642 passio,
905 585 1016 641 quid
1032 585 1156 629 aliud
1174 600 1308 640 quam
1328 588 1659 631 vehementiam
1677 597 1816 644 atque

181 664 503 709 firmitudinem
526 662 782 707 sententiae
803 669 942 718 atque
963 661 1157 707 effectus
1174 662 1316 706 diuini
1334 663 1649 720 intelligimus?
1671 665 1818 710 Simul

181 741 445 786 hominibus
467 748 612 786 terror
633 754 689 784 ac
713 749 880 785 tremor
895 739 1153 783 insinuatur
1169 747 1306 795 atque
1323 741 1559 793 incutitur,
1579 742 1616 784 si
1635 742 1821 787 videant

181 818 406 862 infinitam
424 818 786 873 immensamque
802 824 1033 861 aeternam
1050 824 1340 873 potestatem,
1359 817 1488 872 quasi
1511 818 1575 861 ira
1597 833 1649 861 ac
1667 820 1821 863 furore

183 892 456 952 correptam,
491 894 538 938 in
575 909 654 939 eos
691 893 923 939 vindicare
959 901 1197 950 perpetuo,
1229 893 1306 949 qui
1337 893 1383 936 in
1412 895 1675 937 barathrum
1714 904 1822 938 sunt

183 972 374 1025 detrusi,
404 972 412 1030 Ι
437 979 484 1016 et
500 971 547 1014 in
564 986 637 1015 me
654 972 812 1016 eodem
830 978 964 1027 pacto
981 977 1183 1026 paratam
1205 970 1455 1022 vindicare,
1477 971 1563 1014 nisi
1580 972 1819 1028 poeniten-

183 1049 295 1094 tiam
317 1049 508 1106 egerim.
540 1047 665 1104 Quid
693 1047 842 1104 potuit
877 1046 984 1100 dici,
1015 1047 1139 1102 quod
1166 1047 1412 1090 violentius
1443 1058 1596 1104 posset
1628 1049 1824 1091 hominis

184 1133 383 1172 mentem
407 1121 645 1182 percutere
676 1139 729 1168 ac
757 1126 1045 1181 permonere?
1073 1125 1224 1180 Quam
1258 1139 1366 1168 vero
1394 1139 1520 1181 spem
1552 1125 1824 1170 suauissime

184 1217 239 1247 ac
259 1210 519 1247 constanter
538 1201 797 1257 concipient
819 1201 1050 1248 mortales,
1071 1200 1151 1243 ubi
1167 1215 1313 1254 orare,
1335 1202 1553 1253 misereri,
1576 1203 1651 1244 vbi
1667 1203 1824 1258 poeni-

187 1280 378 1325 tentiam
403 1287 610 1323 acturum
634 1294 684 1323 se
715 1279 953 1330 malorum,
979 1293 1098 1335 quae
1133 1286 1255 1323 esset
1287 1279 1507 1332 facturus,
1532 1280 1825 1336 polliceretur

185 1356 329 1402 Deus!
355 1357 513 1412 Itaque
550 1356 796 1412 prudenter
818 1355 1098 1412 expositores
1134 1356 1251 1399 sacri
1280 1355 1355 1399 illa
1388 1357 1639 1400 declarant.
1674 1357 1825 1400 Habet

186 1448 252 1487 se,
276 1432 507 1489 inquiunt,
541 1434 668 1476 Deus
690 1447 772 1488 per
807 1433 992 1475 modum
1022 1432 1287 1486 laborantis,
1322 1433 1575 1485 irascentis,
1602 1442 1690 1476 etc.
1723 1435 1827 1477 Hoc

186 1511 320 1555 adde:
345 1524 620 1566 quamquam
643 1509 688 1552 in
710 1511 810 1553 Deo
838 1510 963 1553 nulla
991 1509 1142 1565 passio
1163 1525 1264 1554 esse
1288 1510 1447 1566 possit,'
1472 1511 1596 1553 nulla
1620 1511 1827 1567 imperfe—

186 1587 295 1641 ctio,
312 1594 367 1631 ·et
395 1587 452 1630 ad
474 1586 812 1631 vehementiam
830 1586 906 1629 illa
927 1594 1064 1643 atque
1085 1586 1404 1631 certitudinem
1421 1587 1652 1644 operation
1661 1604 1734 1631 um
1758 1589 1828 1630 di-

187 1663 397 1707 uinarum
427 1678 480 1707 ac
502 1653 912 1715 iudiciorum,'tum
935 1663 992 1706 ad
1014 1662 1248 1707 hominum
1273 1672 1489 1708 terrorem
1515 1665 1604 1707 sint
1628 1666 1828 1710 referen-

188 1742 262 1795 da;
287 1740 423 1784 simul
453 1748 604 1784 tamen
633 1747 680 1786 et
715 1741 828 1784 illud
854 1755 1100 1797 possumus
1127 1741 1383 1797 concipere:
1409 1743 1575 1793 Deum,
1600 1742 1674 1784 vbi
1698 1742 1829 1786 irasci

187 1818 373 1871 dicitur,
398 1818 613 1862 maiorem
637 1818 727 1860 vim
751 1832 936 1862 exerere
958 1833 1068 1862 suae
1099 1818 1296 1862 virtutis.
1324 1820 1480 1874 Quum
1506 1819 1626 1862 enirn
1660 1818 1745 1859 228
1772 1821 1829 1862 ad

188 1903 400 1940 externas
421 1895 710 1952 operationes
732 1910 833 1940 sese
856 1896 1171 1940 accommodet
1199 1910 1377 1952 semper
1409 1896 1611 1940 suauiter
1643 1911 1694 1940 ac
1725 1912 1830 1953 pro-

191 1972 415 2024 uidenter,
442 1980 582 2016 totam
606 1987 753 2024 suam,
780 1974 868 2015 hoc
891 1980 976 2026 est,
1001 1972 1224 2016 infinitam
1249 1972 1498 2029 potentiam
1522 1988 1614 2016 non
1636 1974 1831 2030 explicat

189 2049 236 2092 in
259 2057 571 2092 creaturarum
595 2049 895 2106 productione
917 2050 989 2093 vel
1011 2049 1376 2103 conseruatione,
1398 2058 1445 2093 vt
1463 2064 1580 2106 quae
1597 2051 1715 2093 illam
1742 2050 1830 2092 vim

190 2140 352 2183 capere
374 2141 466 2169 non
483 2126 676 2182 possint;
696 2126 890 2180 etiamsi,
911 2141 1028 2183 quae
1045 2127 1289 2183 adaptatur
1307 2127 1375 2170 vis
1396 2128 1452 2170 ad
1470 2127 1729 2170 huiusmodi
1751 2141 1830 2169 ex-

191 2210 343 2247 ternas
365 2203 703 2259 productiones,
729 2205 787 2246 ab
810 2203 987 2247 infinita
1008 2203 1215 2260 potentia
1237 2204 1462 2260 proficisci
1493 2218 1731 2248 necessum
1755 2204 1828 2255 sit,

190 2280 404 2324 maiorem
443 2288 641 2324 attamen
679 2281 770 2323 vim
809 2281 994 2325 adhibet
1032 2288 1212 2325 creator
1249 2281 1392 2334 Deus,
1434 2282 1508 2323 vbi
1540 2281 1602 2323 ita
1630 2280 1833 2335 loquitur

191 2358 504 2410 vehementer,
524 2372 659 2413 quam
679 2357 789 2401 alias
805 2359 936 2402 solet,
959 2359 1061 2402 Illas
1084 2358 1226 2414 igitur
1249 2358 1319 2401 sui
1343 2372 1595 2400 concursus
1618 2366 1663 2399 et
1685 2357 1804 2399 virtu
1823 2383 1830 2387 -

192 2434 250 2477 tis
271 2435 600 2492 exuperantias
622 2443 758 2479 vocat
780 2435 1006 2493 scriptura
1028 2450 1156 2479 sacra
1178 2436 1308 2488 iram,
1335 2435 1671 2491 poenitentiam,
1705 2435 1830 2476 labo-

192 2525 310 2563 rem,
342 2511 712 2564 misericordiam,
744 2513 962 2565 dolorem,
993 2521 1038 2556 et
1068 2513 1113 2555 id
1142 2527 1291 2569 genus
1323 2512 1423 2564 alia,
1457 2527 1536 2567 pro
1568 2525 1733 2563 rerum,
1774 2511 1831 2553 de

196 2587 364 2643 quibus
391 2588 634 2632 dicendum
665 2597 750 2642 est,
781 2589 1013 2646 qualitate.
1042 2592 1183 2633 Porro
1221 2590 1295 2632 illa
1333 2588 1466 2632 etiam
1506 2589 1830 2643 scripturarum

194 2663 370 2720 phrasis
400 2663 728 2709 iucundissima
756 2666 763 2724 Ι
790 2667 841 2709 fit
870 2673 1055 2722 propter
1083 2666 1190 2722 Xpi.
1218 2665 1557 2709 humanitatem.
1584 2666 1683 2707 Deo
1711 2665 1830 2709 enim

193 2741 270 2784 illa
291 2749 420 2785 erant
442 2742 821 2786 communicanda
843 2743 889 2786 in
911 2745 1050 2799 Xp0.;
1078 2758 1184 2786 vere
1206 2742 1325 2787 enim
1350 2745 1474 2786 Deus
1498 2742 1542 2783 in
1566 2744 1651 2785 X.⁰
1684 2751 1729 2785 et
1750 2744 1830 2785 do-

193 2818 294 2870 luit,
319 2825 366 2863 et
386 2819 626 2871 laborauit,
651 2827 696 2864 et
719 2820 806 2863 alia
822 2820 973 2864 omnia
991 2820 1236 2875 assumpsit
1253 2820 1310 2862 de
1333 2819 1477 2870 nobis,
1504 2834 1619 2874 quae
1641 2827 1831 2863 naturae

195 2894 353 2938 dicunt
389 2910 581 2951 poenam
620 2897 693 2940 vel
730 2897 1134 2953 imperfectionem,
1169 2910 1259 2939 non
1290 2896 1424 2938 etiam
1456 2895 1675 2951 suppositi
1704 2897 1830 2939 defe-

195 2978 335 3016 ctum.
364 2974 453 3015 Iam
476 2972 618 3028 igitur
652 2982 777 3026 tunc,
814 2973 889 3016 vbi
922 2975 1050 3017 Deus
1083 2987 1174 3015 non
1207 2981 1302 3016 erat
1331 2974 1483 3024 homo,
1515 2987 1568 3015 ea
1596 2972 1643 3013 in
1671 2972 1830 3028 spiritu

195 3048 258 3091 illi
288 3048 604 3092 tribuebantur
632 3050 910 3106 prophetice,
942 3057 1006 3101 vt,
1038 3064 1155 3104 quae
1185 3050 1303 3091 facta
1341 3049 1549 3090 nondunt
1587 3056 1708 3100 sunt,
1744 3048 1832 3091 iam
