2098 3470
342 299 412 344 248
783 346 786 349 .
813 302 968 338 Funis
993 303 1235 339 Hmnonnn
1260 302 1410 339 NADAL

290 402 526 446 missarius
556 403 784 458 quomodo
813 418 903 447 non
932 403 989 447 sit
1019 404 1265 456 vsurarius,
1290 403 1395 448 licet
1422 405 1656 465 Syluester
1683 405 1805 448 illam
1836 420 1918 462 ap-

294 481 472 535 probet3
493 479 624 523 iussit
642 480 795 536 itaque
818 488 866 523 vt
888 482 1152 525 consulatur
1176 483 1312 525 Pater
1333 481 1574 538 generalis.

382 558 451 600 De
469 557 720 610 catholicis,
745 557 822 614 qui
839 559 1013 601 ducunt
1035 558 1107 602 vel
1130 559 1310 601 nubunt
1330 558 1584 611 haereticis,
1610 559 1721 603 illud
1743 566 1916 604 certum

288 642 375 686 est,
399 635 525 689 quod
547 641 593 679 et
615 635 731 678 male
754 635 919 679 faciant
940 642 986 678 et
1007 643 1198 691 peccent
1220 636 1483 689 mortaliter;
1504 637 1583 680 sed
1602 644 1751 681 tamen
1768 644 1916 680 ratum

289 718 359 754 est
390 710 742 754 matrimonium.
769 712 926 768 Itaque
955 713 1078 755 nullo
1109 719 1242 768 pacto
1269 714 1436 757 debent
1468 713 1608 756 nostri
1645 727 1918 758 concurrere

288 787 439 831 actiue
470 789 545 831 vel
572 788 850 842 consultiue,
885 789 976 832 imo
1006 789 1244 845 prohibere
1273 790 1345 832 vel
1381 790 1610 835 deterrere
1637 791 1828 844 debent,
1860 805 1918 834 ne

287 866 405 910 haec
447 865 732 910 matrimonia
768 868 1115 919 contrahantur,
1156 865 1332 910 etiamsi
1371 867 1429 910 sit
1465 882 1569 923 spes
1605 867 1934 911 lucrifaciendi-

283 941 580 995 haereticum,
606 942 691 986 nisi
715 943 837 999 prius
861 951 1155 986 conuertatur
1177 951 1222 986 et
1252 944 1406 987 redeat
1437 944 1495 986 ad
1526 944 1746 988 vnitatem
1769 943 1916 988 eccle—

285 1018 395 1064 siae.
416 1020 508 1064 Sed
530 1027 681 1064 tamen
699 1028 936 1076 postquam
955 1019 1264 1064 contraxerint
1281 1019 1384 1076 ipsi,
1404 1027 1553 1076 potest
1569 1020 1818 1064 catholicus
1835 1021 1917 1064 ab-

283 1095 417 1150 solui,
449 1097 571 1152 quod
599 1096 759 1142 attinet
786 1098 843 1140 ad
871 1099 995 1140 hunc
1017 1103 1302 1140 contractum
1331 1104 1377 1141 et
1406 1097 1789 1142 cohabitationem
1811 1112 1914 1143 cum

285 1173 515 1218 haeretico
536 1173 634 1218 sine
655 1174 928 1218 detrimento
951 1173 1127 1217 salutis.

1401 1252 1531 1296 LAUS
1554 1254 1677 1296 Deo.

1063 1381 1151 1425 39

471 1470 899 1515 OBSERVANDA
943 1472 986 1514 A
1025 1471 1288 1515 NOSTRIS
1330 1472 1730 1517 DOCTORIBUS

913 1560 1226 1591 INGOLSTADII
1265 1550 1292 1590 ¹.

1057 1653 1147 1734 llis.

332 1837 347 1859 a
374 1793 541 1835 Primo.
567 1793 618 1834 In
639 1792 928 1848 processione
965 1791 1238 1835 sanctissimi
1270 1792 1539 1836 sacramenti
1574 1799 1712 1849 caput
1739 1792 1914 1849 aperire

279 1883 359 1911 eos
380 1884 436 1912 ex
453 1868 636 1921 nostris,
663 1868 740 1924 qui
756 1877 863 1911 sunt
881 1883 1018 1924 prope
1036 1876 1387 1920 sacramentum,
1408 1876 1453 1913 et
1470 1869 1636 1924 quibus
1652 1883 1744 1912 non
1762 1877 1912 1921 nocet,

279 1959 364 1988 nec
388 1953 544 2001 tegere
567 1945 784 2000 quamdiu
806 1947 939 1988 durat
963 1945 1211 2001 processio.
1853 2003 1856 2005 ¹

369 2024 438 2065 2.⁰
502 2023 619 2066 Cum
642 2022 759 2065 imus
781 2023 839 2064 ad
863 2023 1096 2078 templum,
1123 2030 1188 2074 ut,
1210 2029 1456 2077 antequam
1479 2021 1789 2079 ingrediamur
1805 2024 1915 2066 cho-

277 2114 395 2152 rum,
421 2114 655 2142 sumamus
677 2113 839 2154 aquam
863 2099 1164 2151 benedictam,
1190 2106 1236 2143 et
1253 2113 1433 2143 oremus
1450 2099 1620 2154 aliquid
1637 2113 1788 2142 coram
1806 2114 1912 2144 san-

278 2176 483 2220 ctissimo
506 2183 809 2221 sacramento,

366 2267 390 2308 3
402 2255 434 2296 .⁰
498 2255 576 2306 Ut,
594 2253 774 2309 quando
791 2254 1051 2309 egredimur
1069 2267 1095 2296 e
1113 2254 1297 2310 templo,
1312 2253 1439 2297 finito
1457 2266 1603 2306 sacro,
1619 2259 1912 2309 expectemus

276 2332 578 2383 sacerdotem,
603 2330 680 2386 qui
702 2331 816 2374 solet
838 2330 1124 2374 discedentes
1146 2345 1388 2386 aspergere
1410 2345 1527 2386 aqua
1549 2329 1806 2382 benedicta,
1827 2344 1911 2373 nec

275 2407 564 2451 discedamus
586 2414 690 2451 ante
712 2407 822 2450 alios
846 2409 1140 2463 professores,
1165 2407 1243 2462 qui
1265 2407 1459 2463 idipsum
1489 2414 1790 2463 expectant...

364 2485 433 2529 6.0
497 2486 602 2527 Non
625 2485 784 2528 adesse
807 2484 1033 2527 conuiuiis
1056 2484 1350 2540 nuptialibus,
1382 2499 1467 2527 nec
1496 2484 1678 2526 nomine
1707 2498 1816 2527 suae
1840 2484 1907 2526 fa·

274 2561 458 2604 cultatis
485 2561 654 2616 aliquid
683 2575 764 2617 pro
793 2561 959 2604 talibus
982 2562 1158 2613 offerre,
1190 2560 1276 2604 nisi
1297 2561 1479 2616 quando
1507 2559 1685 2605 externi
1705 2559 1908 2604 eiusdem

279 2638 510 2681 facultatis
532 2652 721 2682 numero
738 2646 969 2693 superant;
991 2645 1036 2681 et
1054 2653 1110 2682 ne
1134 2645 1243 2680 tunc
1260 2637 1441 2693 quidem
1465 2636 1607 2680 nostri
1623 2636 1910 2680 consentiant

279 2715 325 2757 in
349 2715 470 2758 illam
494 2712 890 2758 contributionem.

366 2794 435 2846 7.Ο
499 2794 611 2836 Non.
631 2791 809 2835 obuiam
851 2791 930 2842 ire,
968 2805 1051 2834 nec
1084 2792 1310 2835 deducere
1346 2791 1642 2842 haereticum,
1686 2797 1734 2832 ut
1764 2803 1910 2845 nuper

276 2869 526 2925 principem
549 2869 827 2932 Saxoniae...
1269 2859 1271 2862 ’

346 2997 355 3015 ¹
410 2995 466 3029 Ex
485 2995 713 3039 archetypo,
732 3004 754 3027 a
772 2992 929 3027 librario
947 2992 1093 3038 scripto
1112 2998 1151 3026 et
1171 2991 1320 3027 Natalis
1348 3002 1464 3026 manu
1489 2995 1688 3036 annotato,
1709 2989 1750 3025 in
1773 2989 1908 3025 codice

273 3053 412 3088 Natal.
433 3054 551 3088 instr.
588 3053 741 3094 Germ„
761 3051 876 3087 unico
895 3050 979 3096 fol.,
1010 3061 1057 3095 49
1089 3052 1181 3096 (40).
1214 3050 1340 3097 Hujus
1360 3050 1601 3085 monumenti
1619 3061 1722 3096 pars,
1742 3060 1841 3096 quae
1859 3048 1909 3084 ad

273 3113 401 3149 studia
420 3118 586 3159 spectat,
606 3113 710 3148 edita
729 3117 790 3148 est
808 3112 848 3147 in
866 3111 1010 3146 nostris
1030 3111 1209 3146 Menum.
1232 3111 1429 3157 Paedag„
1446 3121 1534 3156 pag.
1555 3108 1643 3154 788.
