2098 3470
341 290 388 327 88
917 292 1095 329 Norrrm
1122 301 1311 330 conicum

294 400 363 447 pit:
390 400 461 437 «El
483 400 654 438 meditat
672 413 698 449 y
718 412 809 438 orar
827 401 892 438 del
913 402 1134 440 scholar...»
1159 403 1255 440 Des.
1278 403 1343 441 fol.
1363 413 1454 449 92v:
1477 420 1539 442 ....
1560 416 1610 442 en
1630 404 1706 442 ella
1725 406 1866 443 misma
1882 405 1922 443 lo

293 471 626 509 demandemos.»
649 471 788 509 Altera
808 483 901 520 pars
922 473 1168 520 immediate,
1188 474 1274 511 sine
1294 474 1409 512 titulo
1436 469 1628 523 sequitur:
1657 475 1922 515 «Aduiertase

291 542 329 579 el
350 542 475 580 modo
504 554 584 590 que
610 543 780 580 tiene...»
811 543 908 582 Des.
937 560 998 582 «...
1024 545 1300 583 fortitudinem
1326 545 1516 584 Societati
1542 558 1651 584 suae.
1678 547 1922 586 Benedictus

291 614 440 651 Deus.»
465 613 551 651 Fol.
573 623 626 661 94
644 626 791 662 purum
811 618 885 652 est.

372 685 459 723 Fol.
479 685 667 732 95r-9SV,
688 691 750 723 est
769 686 939 723 alterum
958 691 1255 736 transumptum
1275 688 1461 736 ejusdem
1485 689 1759 728 instructionis
1783 691 1836 728 ad
1862 691 1920 730 fo-

291 757 388 793 lium
422 764 470 803 54
499 757 651 805 primae
680 758 803 805 partis
832 756 1072 806 descriptae,
1092 771 1214 807 quam
1235 759 1276 796 P.
1299 759 1453 797 Natalis
1472 759 1740 799 Salmanticae
1757 763 1922 800 tradidit

290 839 399 865 anno
426 828 537 875 1562,
558 828 610 864 de
631 827 767 865 officio
789 829 1076 867 examinatoris
1097 835 1138 867 et
1163 830 1215 867 de
1240 831 1396 867 ratione
1421 832 1683 870 examinandi
1709 832 1921 872 Societatis

287 899 543 937 candidatos.
564 900 647 948 Inc.
672 899 732 936 «A
752 905 839 937 este
865 900 1001 938 officio
1020 906 1176 939 toea...»
1199 902 1296 940 Des.
1323 920 1380 940 «...
1401 914 1454 940 en
1473 915 1594 940 mano
1614 903 1680 941 del
1699 906 1919 953 superior.»

289 972 436 1009 Manus
452 971 597 1009 eadem
615 971 788 1018 videtur,
804 984 908 1020 quae
925 984 1046 1020 supra
1065 973 1105 1010 in
1123 978 1296 1012 tractatu
1312 975 1364 1011 de
1380 975 1574 1022 oratione,
1590 976 1631 1013 ff.
1645 985 1784 1026 91-93.
1800 977 1920 1015 Unde

287 1044 411 1080 etiam
431 1043 508 1080 sub
529 1043 571 1081 P.
593 1043 725 1080 Natali
746 1045 825 1081 hoc
851 1044 1086 1092 exemplum
1115 1044 1378 1093 probabiliter
1403 1047 1598 1095 scriptum
1628 1047 1753 1085 fuisse
1778 1059 1920 1086 cense-

289 1127 394 1161 mus,
423 1115 518 1152 licet
541 1115 644 1152 illius
669 1127 814 1152 manus
839 1115 895 1152 ibi
920 1127 1004 1153 non
1030 1121 1237 1164 appaream
1263 1122 1303 1154 et
1328 1129 1383 1154 ex
1402 1119 1481 1155 hoc
1508 1118 1769 1167 desumptum
1797 1119 1921 1158 fuisse

290 1187 400 1235 prius
420 1191 732 1240 transumptum,
752 1186 865 1234 quod
885 1191 948 1224 est
967 1199 990 1224 a
1010 1187 1077 1224 fol.
1101 1194 1150 1234 54
1168 1188 1320 1236 primae
1339 1189 1475 1237 partis.
1539 1176 1541 1180 ,

364 1257 397 1294 F
400 1258 451 1295 ol.
471 1257 565 1307 98v,
586 1262 648 1295 est
671 1258 874 1295 attestatio
901 1258 1101 1296 facultatis
1132 1258 1374 1304 absolvendi
1404 1265 1445 1297 et
1468 1260 1733 1309 dispensandi
1762 1262 1802 1299 in
1830 1262 1919 1300 foro

282 1330 454 1376 interno,
475 1341 498 1366 a
519 1329 711 1366 cardinali
731 1329 1042 1378 archiepiscopo
1069 1329 1340 1379 Ulyssiponae
1366 1331 1552 1369 Patribus
1578 1331 1792 1370 Societatis
1818 1344 1918 1371 con·

281 1406 437 1434 cessae.
458 1395 542 1433 Inc.
567 1395 826 1433 «Faculdade
847 1407 928 1443 que
948 1408 972 1433 0
994 1396 1215 1435 cardeal...›
1237 1396 1334 1435 Des.
1356 1413 1418 1436 «...
1439 1409 1504 1435 em
1524 1397 1731 1448 Almeyrin
1751 1411 1775 1436 a
1797 1409 1842 1449 31
1866 1399 1919 1437 de

281 1467 441 1514 Janeiro
463 1467 515 1504 de
540 1467 653 1514 1565.
668 1467 778 1504 Dom
791 1467 993 1504 Martinho
1015 1467 1224 1536 Pereyra.»

363 1538 450 1575 Fol.
470 1547 536 1584 99,
557 1537 633 1583 sub
653 1539 731 1575 hoc
751 1538 879 1575 titulo:
904 1538 1138 1576 «Praefecto
1159 1539 1212 1576 de
1239 1539 1301 1576 los
1321 1539 1514 1577 studios.›
1540 1539 1742 1578 habentur
1767 1552 1918 1578 novem

282 1609 462 1659 regulae,
479 1621 552 1646 seu
572 1609 738 1656 monita,
753 1609 805 1646 ab
826 1609 886 1656 iis,
902 1609 971 1657 qui
992 1610 1135 1647 studiis
1154 1610 1453 1658 praeficiuntur,
1468 1610 1737 1649 observanda.
1754 1611 1916 1650 Discre-

283 1686 383 1729 pant
412 1692 578 1729 prorsus
612 1680 664 1718 ab
690 1680 776 1717 aliis
808 1680 959 1730 regulis
998 1681 1191 1729 praefecti
1227 1681 1464 1728 studiorum,
1498 1693 1604 1729 quae
1638 1682 1678 1737 in
1707 1682 1918 1721 codicibus

284 1751 454 1790 Misoell.
475 1751 523 1789 de
543 1751 670 1801 regul.
691 1751 731 1790 S.
749 1751 806 1798 J„
827 1752 942 1790 Rom.
961 1751 1070 1790 stud.
1090 1752 1124 1798 I,
1147 1758 1187 1790 et
1210 1751 1302 1791 Cod.
1335 1752 1456 1790 Vatic.
1483 1759 1507 1803 7
1525 1754 1790 1802 reperiuntur.
1813 1753 1917 1792 Cum

282 1829 419 1861 autem
438 1824 541 1861 inter
561 1828 743 1861 caeteras
762 1823 935 1873 regulas,
955 1825 996 1861 in
1016 1823 1266 1862 Lusitaniam
1287 1836 1309 1861 a
1330 1824 1462 1862 Natali
1483 1825 1681 1871 inductas,
1708 1825 1917 1863 invenian-

280 1901 357 1941 tur,
377 1901 416 1932 et
437 1894 489 1932 ab
509 1896 599 1943 ipso
619 1895 794 1942 librario,
824 1896 892 1943 qui
918 1895 1079 1945 regulas
1105 1895 1320 1942 infirmarii,
1345 1896 1456 1942 ibid„
1486 1896 1527 1934 ff.
1554 1896 1692 1943 61-64,
1721 1897 1916 1944 exaravit,

280 1972 558 2014 transumptae
579 1967 737 2013 suerint,
756 1967 876 2004 valde
895 1966 1158 2015 probabiliter
1177 1978 1245 2004 eas
1266 1967 1514 2015 antiquiores
1535 1967 1704 2005 caeteris
1723 1968 1916 2016 praefecti

283 2038 510 2075 studiorum
536 2038 685 2088 regulis
710 2038 1003 2076 existimamus.
1030 2038 1112 2076 Inc.
1143 2038 1274 2087 «Sepa
1307 2051 1382 2086 por
1408 2039 1445 2076 la
1479 2038 1780 2078 ordinacion...»
1797 2033 1800 2036 ⁴
1816 2039 1913 2078 Des.

260 2097 262 2099 ‚
285 2125 348 2147 «...
369 2121 466 2157 para
486 2110 614 2147 meior
632 2110 762 2158 poder
781 2110 907 2147 seruit
926 2110 950 2147 a
966 2110 1063 2157 Jesu
1082 2109 1154 2147 Χ.ο
1174 2110 1223 2147 N.
1245 2109 1308 2147 S.»

367 2180 453 2218 Fol.
494 2190 724 2227 IOOr-IO2V‚
757 2181 930 2219 habetur
961 2186 1258 2229 transumptum
1286 2182 1542 2229 antiquarum
1570 2181 1812 2231 regularum,
1841 2194 1914 2230 pro

281 2252 535 2290 scholasticis
555 2252 767 2289 Societatis
787 2264 811 2289 a
830 2253 871 2290 P.
893 2252 1024 2290 Natali
1045 2253 1294 2300 scriptarum.
1317 2252 1441 2301 Quod
1461 2252 1514 2289 ad
1535 2252 1802 2290 substantiam
1824 2254 1914 2290 atti-

282 2329 364 2370 net,
383 2335 526 2372 parum
546 2323 778 2370 discrepant
797 2318 848 2360 ab
865 2323 1057 2371 exemplo
1073 2324 1196 2360 latino
1217 2322 1309 2360 Cod.
1337 2322 1456 2360 Vatic.
1469 2331 1509 2371 3,
1527 2323 1594 2361 fol.
1615 2333 1700 2372 123;
1716 2323 1756 2360 in
1773 2324 1915 2362 ordine

280 2400 418 2432 tamen
444 2400 485 2431 et
518 2389 798 2442 dispositione,
825 2394 994 2431 multum
1028 2394 1079 2431 ab
1114 2395 1188 2431 illis
1217 2394 1401 2431 diversae
1431 2394 1804 2442 deprehenduntur.
1833 2395 1914 2432 Eas

282 2467 387 2503 inter
423 2465 649 2513 antiquiora
687 2465 913 2502 studiorum
951 2465 1163 2502 Societatis
1203 2465 1449 2502 documenta
1488 2465 1769 2515 evulgavimus
1804 2467 1913 2514 apud

284 2537 466 2575 ilianum.
493 2536 687 2584 Paedag„
708 2547 800 2585 pag.
821 2537 912 2582 650.
934 2536 1017 2574 Inc.
1040 2536 1112 2573 «El
1131 2536 1186 2573 fin
1207 2536 1298 2573 de...
1325 2536 1362 2573 la
1388 2536 1634 2574 doctrina...»
1661 2537 1759 2575 Des.·
1780 2553 1841 2576 .....
1869 2549 1913 2575 se

283 2609 449 2657 puedan
471 2608 614 2646 aiudar
632 2608 656 2644 a
674 2608 802 2656 major
821 2607 948 2657 gloria
967 2607 1139 2645 diuina.»
1890 2655 1893 2657 ‚

361 2679 447 2716 Fol.
489 2688 574 2727 103,
610 2677 783 2727 «Reglas
816 2689 913 2726 para
946 2677 1007 2714 los
1041 2678 1262 2715 nouicios.»
1298 2677 1382 2715 Sub
1416 2678 1494 2715 hoc
1529 2679 1658 2724 titulo,
1692 2683 1733 2715 et
1767 2679 1912 2716 eadem

280 2763 415 2796 manu,
450 2761 556 2798 quae
589 2749 683 2786 folia
720 2749 842 2795 54-60
875 2732 915 2786 et
939 2749 1014 2786 alia
1040 2750 1160 2796 hujus
1189 2749 1342 2786 codicis
1372 2749 1541 2797 scripsit,
1563 2755 1658 2787 sunt
1690 2749 1911 2787 nonnullae

280 2822 457 2871 regulae,
478 2832 584 2868 quae
604 2821 799 2868 deinceps
825 2820 928 2857 inter
946 2820 1106 2869 regulas
1126 2820 1304 2869 magistri
1325 2821 1570 2858 novitiorum
1595 2821 1727 2868 aptius
1754 2821 1912 2869 positae

279 2894 451 2930 fuerunt.
489 2893 571 2929 Ine.
608 2892 946 2928 «Primeramente
972 2903 1023 2928 en
1049 2891 1085 2928 el
1111 2891 1264 2939 tiempo
1291 2891 1342 2928 de
1369 2903 1438 2928 sus
1465 2892 1748 2940 experiencias
1774 2905 1800 2941 y
1820 2903 1912 2940 pro-

279 2965 473 3001 baciones
506 2963 663 3000 traeran
697 2963 758 2999 los
790 2973 968 2999 mesmos
1000 2962 1246 3000 vestidos...»
1282 2962 1378 2999 Des.
1417 2978 1476 3000 «...
1505 2973 1624 3000 como
1658 2962 1850 3010 parecera
1875 2963 1912 3000 al

278 3036 498 3083 superior.»

359 3106 444 3143 Fol.
474 3117 578 3153 104r‚
613 3111 707 3143 sunt
738 3105 902 3155 regulae
936 3104 1187 3150 correctoris,
1214 3104 1387 3142 lusitano
1417 3116 1604 3142 sermone
1637 3105 1906 3153 conscriptae.
