2098 3470
0 0 205 50 affin-ms

201 0 365 23 verns&
398 0 430 13 υτ
462 2 468 6 ·
512 0 521 13 -·
586 0 589 1 ’
622 7 627 14 2

776 259 1210 299 Ins-mucrronsss-61
1692 259 1758 294 611

171 362 402 406 habentur
419 377 502 418 pro
517 362 702 421 nouitiis
718 378 746 407 a
760 362 856 406 suis
871 360 1194 419 superioribus,
1208 360 1308 406 siue
1322 356 1553 412 studeant,
1567 360 1665 404 siue
1681 360 1804 415 non),

172 445 243 482 ter
270 438 316 481 in
346 453 468 484 anno
498 441 786 485 renouabunt
813 447 935 499 vota,
964 438 1051 482 nisi
1079 437 1303 494 superiori
1324 437 1535 482 videatur
1566 437 1809 492 aliquando

170 514 311 559 etiam
332 515 515 572 saepius
542 516 590 560 id
615 532 716 562 esse
743 516 972 574 agendum
1000 517 1059 559 ab
1081 515 1183 567 illis,
1207 515 1265 558 ad
1286 515 1620 571 promouendos
1647 529 1725 558 eos
1754 516 1810 558 ad

171 592 481 637 deuotionem.
522 595 659 638 Festa
694 609 803 638 vero
839 599 1054 650 poterunt
1089 595 1189 636 esse
1230 591 1484 655 natiuitatis
1526 591 1720 645 Christi,
1764 599 1810 636 et

170 670 224 714 S.
241 669 448 728 Joannis:
473 675 558 717 65⁰
581 670 753 727 reliqua
774 671 888 714 festa
918 683 934 713 Ι
962 670 1034 714 vel
1055 681 1080 712 2
1104 669 1244 726 eliget
1264 675 1430 721 rector,
1450 669 1587 711 modo
1603 668 1812 712 examina

171 733 287 789 fiant
307 753 354 789 et
374 748 613 803 generales
634 731 942 791 confessiones
962 754 1094 790 sexto
1115 760 1298 802 quoque
1319 760 1475 789 mense
1495 753 1543 788 et
1564 760 1646 788 sua
1677 760 1811 789 reno-

174 822 321 867 uatio.

263 899 357 956 Qui
377 900 426 942 in
447 900 677 945 Societate
697 915 835 957 supra
856 900 972 944 duos
992 914 1136 943 annos
1157 912 1249 942 non
1270 899 1458 952 fuerint,
1483 913 1588 943 cum
1617 899 1811 956 primum

172 977 314 1021 edent
333 985 456 1030 vota,
480 977 518 1020 si
540 991 627 1021 suo
647 977 832 1020 arbitrio
852 984 900 1020 et
919 976 1170 1020 deuotione
1190 990 1247 1019 eo
1269 983 1471 1032 tempore
1492 978 1628 1021 edere
1651 976 1809 1029 velint,

172 1052 284 1098 vtile
304 1053 390 1098 erit
410 1061 460 1096 vt
487 1053 534 1097 id
561 1053 743 1107 faciant,
774 1053 950 1097 etiamsi
975 1060 1152 1098 secreto
1181 1061 1349 1105 tamen,
1380 1053 1599 1096 adhibitis
1629 1054 1814 1096 duobus

178 1130 389 1183 testibus,
417 1132 491 1174 vel
511 1115 696 1174 omnino
726 1132 883 1187 elapso
910 1130 1095 1176 biennio
1115 1131 1254 1175 edant
1274 1139 1293 1156 ²
1313 1131 1376 1174 ita
1404 1138 1526 1183 vota,
1557 1145 1611 1175 ac
1638 1130 1677 1174 si
1705 1138 1815 1173 tunc

175 1208 368 1253 ederent
387 1207 408 1234 b
429 1208 640 1265 primum,
664 1215 715 1251 vt
735 1208 810 1252 illa
830 1223 923 1252 non
939 1207 1115 1252 dicatur
1130 1208 1412 1251 confirmatio
1433 1207 1680 1265 superioris
1701 1207 1819 1251 obli-

175 1284 396 1340 gationis,
419 1286 501 1330 sed
523 1299 643 1339 noua
664 1285 900 1342 obligatio;
920 1292 1076 1342 petant
1098 1292 1250 1329 tamen
1268 1285 1505 1329 formulam
1522 1299 1550 1328 a
1564 1284 1814 1341 superiore.

180 1362 488 1405 Renouabunt
508 1369 660 1405 autem
682 1369 789 1405 ante
810 1361 1043 1406 biennium
1064 1368 1171 1405 vota
1191 1376 1413 1416 seorsum,
1444 1376 1537 1404 non
1564 1376 1670 1405 curn
1700 1361 1815 1413 aliis,

176 1445 227 1481 et
248 1445 400 1483 tamen
422 1439 514 1482 alta
539 1453 669 1492 voce,
700 1439 819 1482 sicut
846 1438 1019 1482 dictum
1047 1446 1133 1493 est,
1157 1446 1203 1483 et
1232 1439 1546 1495 praesentibus
1568 1438 1741 1494 aliquot
1763 1454 1819 1482 ex

176 1515 333 1568 domo,
356 1523 446 1559 etc.

269 1592 436 1636 Modus
466 1599 619 1636 autem
652 1592 902 1636 renouandi
933 1599 1040 1636 vota
1069 1592 1144 1636 hic
1173 1593 1274 1636 erit:
1313 1600 1379 1646 vt,
1419 1594 1673 1646 sacerdote,
1717 1601 1820 1649 post

177 1675 413 1723 peractum
442 1668 731 1722 sacrificium,
767 1684 859 1712 non
887 1683 1110 1713 conuerso
1135 1671 1195 1713 ad
1223 1670 1399 1723 fratres,
1429 1671 1509 1714 sed
1538 1671 1595 1714 ad
1624 1670 1820 1714 sanctis-

175 1743 346 1788 simum
372 1753 724 1798 sacramentum,
750 1751 821 1794 651
859 1754 906 1791 et
938 1746 984 1788 in
1014 1746 1205 1790 alterum
1237 1747 1391 1790 altaris
1423 1748 1542 1791 latus
1577 1748 1821 1792 secedente

182 1822 432 1877 paululum,
471 1821 622 1879 posito
659 1822 947 1867 sanctissimo
979 1824 1274 1868 Sacramento
1309 1839 1447 1880 super
1478 1831 1707 1880 patenam,
1743 1832 1822 1868 aut

180 1898 354 1954 prolata
375 1899 582 1942 custodia
603 1907 777 1956 aperta,
802 1899 979 1944 dicatur
1000 1900 1145 1957 primo
1166 1901 1224 1945 ab
1244 1900 1458 1945 omnibus
1485 1902 1714 1946 confessio
1742 1915 1822 1957 ge-

180 1974 362 2028 neralis,
382 1984 428 2018 et
444 1976 578 2019 detur
593 1976 836 2029 absolutio,
855 1977 1021 2020 deinde
1037 1977 1250 2034 legantur
1265 1986 1372 2022 vota
1388 1993 1414 2021 a
1430 1978 1626 2035 singulis
1644 1978 1819 2032 ordine,

181 2066 320 2095 manu
340 2066 497 2096 eorum
519 2053 687 2110 scripta
708 2062 755 2098 et
777 2054 969 2107 firmata,
994 2053 1200 2111 apposito
1223 2055 1356 2100 titulo
1384 2055 1431 2099 in
1460 2058 1585 2100 hunc
1616 2056 1817 2099 modurn:

118 2139 121 2141 “
177 2129 466 2179 confirmatio
487 2137 700 2173 votorum
725 2130 801 2174 tali
823 2131 912 2185 die,
938 2139 1027 2176 etc.
1051 2132 1206 2188 Atque
1228 2132 1304 2175 vbi
1326 2148 1486 2178 omnes
1509 2133 1720 2190 legerint,
1747 2147 1821 2176 ac-

179 2205 291 2262 cipit
309 2207 522 2251 sacerdos
542 2206 878 2250 sanctissimum
901 2216 1250 2262 sacramentum,
1270 2217 1317 2254 et
1339 2210 1476 2254 vertit
1497 2224 1547 2253 se
1569 2212 1625 2254 ad
1643 2224 1821 2253 vouen-

185 2289 268 2335 tes;
291 2282 339 2325 hi
360 2282 519 2326 dicunt
539 2283 674 2326 simul
700 2284 936 2338 «Domine,
962 2299 1053 2328 non
1075 2300 1175 2328 sum
1197 2285 1392 2343 dignus»
1417 2295 1527 2340 etc.;
1553 2295 1598 2330 et
1630 2286 1822 2343 porrigit

180 2358 340 2402 ordine
365 2359 561 2416 singulis
588 2374 762 2404 sacram
790 2361 1013 2417 synaxim,
1043 2370 1358 2419 praeterquam
1387 2364 1718 2416 sacerdotibus,
1745 2363 1822 2418 qui

183 2443 340 2491 postea
367 2437 681 2480 celebrabunt.
707 2439 836 2482 Haec
857 2446 926 2483 est
948 2438 1112 2483 vsitata
1133 2439 1246 2484 ratio
1267 2441 1519 2484 renouandi
1541 2450 1646 2484 vota
1669 2441 1715 2483 in
1738 2442 1820 2484 So-

181 2512 350 2557 cietate
371 2529 429 2558 ex
452 2513 823 2570 interpretatione
845 2515 1197 2560 constitutionis.

272 2590 569 2634 Consuetudo
590 2590 678 2634 iarn
700 2591 913 2644 obtinuit,
945 2600 993 2634 vt
1020 2593 1163 2648 pridie
1190 2601 1295 2638 ante
1324 2603 1531 2637 votorum
1561 2594 1821 2638 renouatio-

184 2681 288 2711 nem
310 2681 412 2712 sese
432 2668 571 2711 semel
592 2682 751 2711 omnes
772 2669 1004 2726 flagellent
1026 2669 1072 2712 in
1094 2672 1232 2714 choro
1253 2672 1470 2727 quamdiu
1494 2672 1694 2727 psalmus
1726 2672 1822 2714 «De

183 2743 446 2799 profundis»
479 2745 710 2797 recitatur,
740 2746 1039 2801 praecedente
1062 2748 1230 2791 letania
1251 2762 1355 2791 cum
1384 2748 1477 2790 suis
1500 2752 1580 2793 652
1604 2746 1821 2789 orationi-

185 2819 287 2863 bus:
319 2828 365 2862 at
391 2820 430 2866 si
457 2821 587 2864 multi
615 2821 799 2876 suerint,
831 2822 876 2864 in
907 2830 997 2866 tres
1025 2831 1281 2879 quatuorue
1309 2832 1467 2868 noctes
1498 2824 1821 2880 praecedentes

183 2895 462 2941 diuidantur.
488 2898 582 2954 Qui
603 2905 754 2942 autem
779 2900 867 2942 hoc
889 2907 1044 2956 agent,
1075 2900 1166 2944 sint
1193 2903 1250 2944 ab
1279 2901 1376 2944 aliis
1404 2901 1596 2945 seiuncti
1625 2900 1700 2942 vbi
1729 2914 1822 2942 non

186 2972 442 3027 videantur,
467 2974 679 3018 extinctis
702 2975 838 3018 etiam
861 2976 1125 3028 luminibus,
1150 2986 1238 3021 etc.

257 3072 275 3088 a
323 3062 419 3097 edat
436 3074 508 3102 ms.
558 3083 594 3089 -
606 3065 625 3091 b
643 3064 776 3099 ederet
795 3076 871 3101 ms.
