<?xml version="1.0" encoding="UTF-8"?>
<!DOCTYPE html PUBLIC "-//W3C//DTD XHTML 1.0 Transitional//EN"
    "http://www.w3.org/TR/xhtml1/DTD/xhtml1-transitional.dtd">
<html xmlns="http://www.w3.org/1999/xhtml" xml:lang="en" lang="en">
 <head>
  <title>
</title>
<meta http-equiv="Content-Type" content="text/html;charset=utf-8" />
  <meta name='ocr-system' content='tesseract 3.04.00' />
  <meta name='ocr-capabilities' content='ocr_page ocr_carea ocr_par ocr_line ocrx_word'/>
</head>
<body>
  <div class='ocr_page' id='page_1' title='image "./epistolaephieron04nadauoft_0573.png"; bbox 0 0 2098 3470; ppageno 0'>
   <div class='ocr_carea' id='block_1_1' title="bbox 0 0 643 312">
    <p class='ocr_par' dir='ltr' id='par_1_1' title="bbox 0 0 643 312">
     <span class='ocr_line' id='line_1_1' title="bbox 0 0 643 312; baseline 0 3158"><span class='ocrx_word' id='word_1_1' title='bbox 0 0 643 312; x_wconf 95' lang='lat' dir='ltr'> </span> 
     </span>
    </p>
   </div>
   <div class='ocr_carea' id='block_1_2' title="bbox 753 238 1740 283">
    <p class='ocr_par' dir='ltr' id='par_1_2' title="bbox 753 238 1740 283">
     <span class='ocr_line' id='line_1_2' title="bbox 753 238 1740 283; baseline 0.006 -5"><span class='ocrx_word' id='word_1_2' title='bbox 753 238 1184 278; x_wconf 56' lang='lat' dir='ltr'>lamminas-61</span> <span class='ocrx_word' id='word_1_3' title='bbox 1669 245 1740 283; x_wconf 89' lang='grc'>547</span> 
     </span>
    </p>
   </div>
   <div class='ocr_carea' id='block_1_3' title="bbox 0 335 1798 1627">
    <p class='ocr_par' dir='ltr' id='par_1_3' title="bbox 0 335 1794 936">
     <span class='ocr_line' id='line_1_3' title="bbox 0 335 1782 413; baseline -0.001 -29"><span class='ocrx_word' id='word_1_4' title='bbox 0 335 20 413; x_wconf 61' lang='lat'>{3</span> <span class='ocrx_word' id='word_1_5' title='bbox 148 340 334 384; x_wconf 85' lang='lat' dir='ltr'>debitur</span> <span class='ocrx_word' id='word_1_6' title='bbox 365 341 587 394; x_wconf 86' lang='lat' dir='ltr'>futurum,</span> <span class='ocrx_word' id='word_1_7' title='bbox 610 341 886 399; x_wconf 80' lang='lat' dir='ltr'>praescribet</span> <span class='ocrx_word' id='word_1_8' title='bbox 913 347 1063 384; x_wconf 89' lang='lat' dir='ltr'>rector</span> <span class='ocrx_word' id='word_1_9' title='bbox 1089 339 1214 396; x_wconf 91' lang='lat' dir='ltr'>ipsis,</span> <span class='ocrx_word' id='word_1_10' title='bbox 1238 339 1423 396; x_wconf 91' lang='lat' dir='ltr'>quicum</span> <span class='ocrx_word' id='word_1_11' title='bbox 1448 339 1540 383; x_wconf 85' lang='lat' dir='ltr'>sint</span> <span class='ocrx_word' id='word_1_12' title='bbox 1566 338 1782 390; x_wconf 88' lang='lat' dir='ltr'>locuturi,</span> 
     </span>
     <span class='ocr_line' id='line_1_4' title="bbox 0 405 1784 478; baseline -0.003 -14"><span class='ocrx_word' id='word_1_13' title='bbox 0 405 22 478; x_wconf 56' lang='grc' dir='ltr'>Εἰ,</span> <span class='ocrx_word' id='word_1_14' title='bbox 149 425 202 461; x_wconf 83' lang='lat' dir='ltr'>et</span> <span class='ocrx_word' id='word_1_15' title='bbox 226 417 304 473; x_wconf 89' lang='lat' dir='ltr'>qui</span> <span class='ocrx_word' id='word_1_16' title='bbox 325 417 451 461; x_wconf 92' lang='lat' dir='ltr'>illum</span> <span class='ocrx_word' id='word_1_17' title='bbox 479 419 676 464; x_wconf 87' lang='lat' dir='ltr'>debeant</span> <span class='ocrx_word' id='word_1_18' title='bbox 702 418 843 471; x_wconf 90' lang='lat' dir='ltr'>adire,</span> <span class='ocrx_word' id='word_1_19' title='bbox 873 425 919 463; x_wconf 92' lang='lat' dir='ltr'>et</span> <span class='ocrx_word' id='word_1_20' title='bbox 940 410 1027 460; x_wconf 84' lang='lat' dir='ltr'>hos</span> <span class='ocrx_word' id='word_1_21' title='bbox 1048 417 1243 461; x_wconf 91' lang='lat' dir='ltr'>instruet</span> <span class='ocrx_word' id='word_1_22' title='bbox 1263 417 1648 472; x_wconf 86' lang='lat' dir='ltr'>quemadmodum</span> <span class='ocrx_word' id='word_1_23' title='bbox 1678 430 1784 459; x_wconf 92' lang='lat' dir='ltr'>cum</span> 
     </span>
     <span class='ocr_line' id='line_1_5' title="bbox 0 464 1786 552; baseline -0.001 -15"><span class='ocrx_word' id='word_1_24' title='bbox 0 464 36 552; x_wconf 58' lang='lat' dir='ltr'>{a</span> <span class='ocrx_word' id='word_1_25' title='bbox 154 493 243 538; x_wconf 78' lang='lat' dir='ltr'>inis</span> <span class='ocrx_word' id='word_1_26' title='bbox 269 494 360 538; x_wconf 91' lang='lat' dir='ltr'>sint</span> <span class='ocrx_word' id='word_1_27' title='bbox 387 495 550 541; x_wconf 88' lang='lat' dir='ltr'>acturi.</span> <span class='ocrx_word' id='word_1_28' title='bbox 580 497 710 540; x_wconf 88' lang='lat' dir='ltr'>Haec</span> <span class='ocrx_word' id='word_1_29' title='bbox 737 495 799 539; x_wconf 91' lang='lat' dir='ltr'>ita</span> <span class='ocrx_word' id='word_1_30' title='bbox 819 494 1035 539; x_wconf 89' lang='lat' dir='ltr'>videntur</span> <span class='ocrx_word' id='word_1_31' title='bbox 1054 494 1357 546; x_wconf 89' lang='lat' dir='ltr'>obseruanda,</span> <span class='ocrx_word' id='word_1_32' title='bbox 1388 508 1446 536; x_wconf 92' lang='lat' dir='ltr'>ne</span> <span class='ocrx_word' id='word_1_33' title='bbox 1474 508 1530 537; x_wconf 87' lang='lat' dir='ltr'>ex</span> <span class='ocrx_word' id='word_1_34' title='bbox 1558 507 1679 536; x_wconf 92' lang='lat' dir='ltr'>nouo</span> <span class='ocrx_word' id='word_1_35' title='bbox 1707 493 1786 535; x_wconf 91' lang='lat' dir='ltr'>ad-</span> 
     </span>
     <span class='ocr_line' id='line_1_6' title="bbox 0 562 1788 645; baseline -0.002 -30"><span class='ocrx_word' id='word_1_36' title='bbox 0 564 15 645; x_wconf 68' lang='grc' dir='ltr'>ξ</span> <span class='ocrx_word' id='word_1_37' title='bbox 157 578 301 629; x_wconf 76' lang='lat' dir='ltr'>uentu</span> <span class='ocrx_word' id='word_1_38' title='bbox 339 573 528 615; x_wconf 86' lang='lat' dir='ltr'>fratrum</span> <span class='ocrx_word' id='word_1_39' title='bbox 567 573 625 615; x_wconf 93' lang='lat' dir='ltr'>ad</span> <span class='ocrx_word' id='word_1_40' title='bbox 657 572 875 629; x_wconf 87' lang='lat' dir='ltr'>collegia,</span> <span class='ocrx_word' id='word_1_41' title='bbox 909 571 1059 628; x_wconf 91' lang='lat' dir='ltr'>aliqua</span> <span class='ocrx_word' id='word_1_42' title='bbox 1094 570 1376 627; x_wconf 73' lang='lat' dir='ltr'>perturbatio</span> <span class='ocrx_word' id='word_1_43' title='bbox 1409 570 1481 613; x_wconf 88' lang='lat' dir='ltr'>vel</span> <span class='ocrx_word' id='word_1_44' title='bbox 1517 562 1788 625; x_wconf 87' lang='lat' dir='ltr'>inquietudo</span> 
     </span>
     <span class='ocr_line' id='line_1_7' title="bbox 0 644 1789 735; baseline -0.002 -43"><span class='ocrx_word' id='word_1_45' title='bbox 0 652 25 735; x_wconf 60' lang='grc' dir='ltr'><strong>ἱ</strong></span> <span class='ocrx_word' id='word_1_46' title='bbox 151 647 262 692; x_wconf 86' lang='lat' dir='ltr'>oriri</span> <span class='ocrx_word' id='word_1_47' title='bbox 282 644 439 704; x_wconf 62' lang='lat' dir='ltr'>possin</span> <span class='ocrx_word' id='word_1_48' title='bbox 465 663 583 704; x_wconf 89' lang='lat' dir='ltr'>quae</span> <span class='ocrx_word' id='word_1_49' title='bbox 603 649 740 693; x_wconf 90' lang='lat' dir='ltr'>etiam</span> <span class='ocrx_word' id='word_1_50' title='bbox 768 647 808 692; x_wconf 92' lang='lat' dir='ltr'>si</span> <span class='ocrx_word' id='word_1_51' title='bbox 834 662 926 691; x_wconf 92' lang='lat' dir='ltr'>non</span> <span class='ocrx_word' id='word_1_52' title='bbox 954 648 1205 699; x_wconf 85' lang='lat' dir='ltr'>timeretur,</span> <span class='ocrx_word' id='word_1_53' title='bbox 1236 647 1294 690; x_wconf 94' lang='lat' dir='ltr'>ad</span> <span class='ocrx_word' id='word_1_54' title='bbox 1323 646 1607 703; x_wconf 82' lang='lat' dir='ltr'>disciplinam</span> <span class='ocrx_word' id='word_1_55' title='bbox 1637 653 1789 688; x_wconf 90' lang='lat' dir='ltr'>tamen</span> 
     </span>
     <span class='ocr_line' id='line_1_8' title="bbox 154 723 1792 781; baseline -0.001 -14"><span class='ocrx_word' id='word_1_56' title='bbox 154 732 350 781; x_wconf 86' lang='lat' dir='ltr'>spectat,</span> <span class='ocrx_word' id='word_1_57' title='bbox 374 733 423 768; x_wconf 92' lang='lat' dir='ltr'>vt</span> <span class='ocrx_word' id='word_1_58' title='bbox 445 726 523 781; x_wconf 89' lang='lat' dir='ltr'>qui</span> <span class='ocrx_word' id='word_1_59' title='bbox 546 740 706 769; x_wconf 90' lang='lat' dir='ltr'>recens</span> <span class='ocrx_word' id='word_1_60' title='bbox 726 725 918 769; x_wconf 90' lang='lat' dir='ltr'>veniunt</span> <span class='ocrx_word' id='word_1_61' title='bbox 938 725 996 768; x_wconf 92' lang='lat' dir='ltr'>ad</span> <span class='ocrx_word' id='word_1_62' title='bbox 1017 723 1227 780; x_wconf 87' lang='lat' dir='ltr'>collegia,</span> <span class='ocrx_word' id='word_1_63' title='bbox 1252 738 1331 768; x_wconf 92' lang='lat' dir='ltr'>eos</span> <span class='ocrx_word' id='word_1_64' title='bbox 1351 738 1456 767; x_wconf 91' lang='lat' dir='ltr'>cum</span> <span class='ocrx_word' id='word_1_65' title='bbox 1478 723 1792 767; x_wconf 87' lang='lat' dir='ltr'>selectioribus</span> 
     </span>
     <span class='ocr_line' id='line_1_9' title="bbox 15 801 1790 858; baseline -0.002 -12"><span class='ocrx_word' id='word_1_66' title='bbox 15 820 43 847; x_wconf 62' lang='grc'>;</span> <span class='ocrx_word' id='word_1_67' title='bbox 153 801 533 846; x_wconf 78' lang='lat' dir='ltr'>consuetudinem</span> <span class='ocrx_word' id='word_1_68' title='bbox 547 803 719 847; x_wconf 88' lang='lat' dir='ltr'>habere</span> <span class='ocrx_word' id='word_1_69' title='bbox 735 802 971 858; x_wconf 84' lang='lat' dir='ltr'>tantisper,</span> <span class='ocrx_word' id='word_1_70' title='bbox 983 802 1128 844; x_wconf 90' lang='lat' dir='ltr'>donec</span> <span class='ocrx_word' id='word_1_71' title='bbox 1145 801 1348 857; x_wconf 90' lang='lat' dir='ltr'>ipsorum</span> <span class='ocrx_word' id='word_1_72' title='bbox 1364 814 1515 843; x_wconf 86' lang='lat' dir='ltr'>mores</span> <span class='ocrx_word' id='word_1_73' title='bbox 1531 801 1622 843; x_wconf 89' lang='lat' dir='ltr'>sint</span> <span class='ocrx_word' id='word_1_74' title='bbox 1637 801 1790 856; x_wconf 82' lang='lat' dir='ltr'>explo-</span> 
     </span>
     <span class='ocr_line' id='line_1_10' title="bbox 157 866 1794 936; baseline -0.001 -15.169"><span class='ocrx_word' id='word_1_75' title='bbox 157 878 260 931; x_wconf 87' lang='lat' dir='ltr'>rati,</span> <span class='ocrx_word' id='word_1_76' title='bbox 284 886 330 923; x_wconf 89' lang='lat' dir='ltr'>et</span> <span class='ocrx_word' id='word_1_77' title='bbox 352 878 436 936; x_wconf 91' lang='lat' dir='ltr'>ipsi</span> <span class='ocrx_word' id='word_1_78' title='bbox 459 893 608 923; x_wconf 89' lang='lat' dir='ltr'>mores</span> <span class='ocrx_word' id='word_1_79' title='bbox 628 878 810 936; x_wconf 86' lang='lat' dir='ltr'>collegii</span> <span class='ocrx_word' id='word_1_80' title='bbox 831 879 1032 924; x_wconf 87' lang='lat' dir='ltr'>habeant</span> <span class='ocrx_word' id='word_1_81' title='bbox 1052 866 1324 934; x_wconf 83' lang='lat' dir='ltr'>exploratos.</span> <span class='ocrx_word' id='word_1_82' title='bbox 1346 879 1476 921; x_wconf 89' lang='lat' dir='ltr'>Haec</span> <span class='ocrx_word' id='word_1_83' title='bbox 1503 876 1654 920; x_wconf 89' lang='lat' dir='ltr'>omnia</span> <span class='ocrx_word' id='word_1_84' title='bbox 1681 877 1794 921; x_wconf 88' lang='lat' dir='ltr'>fient</span> 
     </span>
    </p>

    <p class='ocr_par' dir='ltr' id='par_1_4' title="bbox 158 954 1793 1020">
     <span class='ocr_line' id='line_1_11' title="bbox 158 954 1793 1020; baseline -0.001 -22"><span class='ocrx_word' id='word_1_85' title='bbox 158 954 374 1020; x_wconf 71' lang='lat' dir='ltr'>faciliora,</span> <span class='ocrx_word' id='word_1_86' title='bbox 399 956 437 999; x_wconf 91' lang='lat' dir='ltr'>si</span> <span class='ocrx_word' id='word_1_87' title='bbox 460 955 682 1012; x_wconf 88' lang='lat' dir='ltr'>superior,</span> <span class='ocrx_word' id='word_1_88' title='bbox 708 955 793 1011; x_wconf 83' lang='lat' dir='ltr'>qu&#39;r</span> <span class='ocrx_word' id='word_1_89' title='bbox 807 955 946 998; x_wconf 91' lang='lat' dir='ltr'>mittit</span> <span class='ocrx_word' id='word_1_90' title='bbox 966 955 1181 1011; x_wconf 87' lang='lat' dir='ltr'>aliquem,</span> <span class='ocrx_word' id='word_1_91' title='bbox 1205 954 1438 998; x_wconf 90' lang='lat' dir='ltr'>curauerit</span> <span class='ocrx_word' id='word_1_92' title='bbox 1459 954 1707 1011; x_wconf 87' lang='lat' dir='ltr'>significari</span> <span class='ocrx_word' id='word_1_93' title='bbox 1726 954 1793 996; x_wconf 85' lang='lat' dir='ltr'>fu-</span> 
     </span>
    </p>

    <p class='ocr_par' dir='ltr' id='par_1_5' title="bbox 82 1029 1790 1167">
     <span class='ocr_line' id='line_1_12' title="bbox 154 1029 1790 1089; baseline -0.001 -14"><span class='ocrx_word' id='word_1_94' title='bbox 154 1038 265 1076; x_wconf 83' lang='lat' dir='ltr'>turo</span> <span class='ocrx_word' id='word_1_95' title='bbox 286 1029 408 1076; x_wconf 87' lang='lat' dir='ltr'>illius</span> <span class='ocrx_word' id='word_1_96' title='bbox 429 1033 651 1089; x_wconf 88' lang='lat' dir='ltr'>superiori</span> <span class='ocrx_word' id='word_1_97' title='bbox 673 1033 783 1089; x_wconf 92' lang='lat' dir='ltr'>quid</span> <span class='ocrx_word' id='word_1_98' title='bbox 806 1033 936 1086; x_wconf 84' lang='lat' dir='ltr'>sciat,</span> <span class='ocrx_word' id='word_1_99' title='bbox 961 1033 1070 1088; x_wconf 91' lang='lat' dir='ltr'>quid</span> <span class='ocrx_word' id='word_1_100' title='bbox 1090 1034 1147 1076; x_wconf 83' lang='lat' dir='ltr'>de</span> <span class='ocrx_word' id='word_1_101' title='bbox 1169 1046 1224 1077; x_wconf 93' lang='lat' dir='ltr'>eo</span> <span class='ocrx_word' id='word_1_102' title='bbox 1251 1039 1453 1089; x_wconf 86' lang='lat' dir='ltr'>censeat,</span> <span class='ocrx_word' id='word_1_103' title='bbox 1478 1031 1555 1088; x_wconf 90' lang='lat' dir='ltr'>qui</span> <span class='ocrx_word' id='word_1_104' title='bbox 1582 1031 1790 1084; x_wconf 80' lang='lat' dir='ltr'>mittitur,</span> 
     </span>
     <span class='ocr_line' id='line_1_13' title="bbox 82 1110 1151 1167; baseline -0.004 -11"><span class='ocrx_word' id='word_1_105' title='bbox 82 1140 86 1156; x_wconf 77' lang='grc'><em>,</em></span> <span class='ocrx_word' id='word_1_106' title='bbox 155 1122 250 1164; x_wconf 84' lang='lat' dir='ltr'>qua</span> <span class='ocrx_word' id='word_1_107' title='bbox 270 1110 445 1154; x_wconf 89' lang='lat' dir='ltr'>ratione</span> <span class='ocrx_word' id='word_1_108' title='bbox 466 1111 675 1155; x_wconf 90' lang='lat' dir='ltr'>videatur</span> <span class='ocrx_word' id='word_1_109' title='bbox 696 1111 789 1156; x_wconf 83' lang='lat'>489</span> <span class='ocrx_word' id='word_1_110' title='bbox 809 1110 1151 1167; x_wconf 87' lang='lat' dir='ltr'>gubernandus.</span> 
     </span>
    </p>

    <p class='ocr_par' dir='ltr' id='par_1_6' title="bbox 154 1185 1798 1474">
     <span class='ocr_line' id='line_1_14' title="bbox 190 1185 1794 1243; baseline -0.002 -13"><span class='ocrx_word' id='word_1_111' title='bbox 190 1195 192 1197; x_wconf 76' lang='grc'><strong><em>’</em></strong></span> <span class='ocrx_word' id='word_1_112' title='bbox 246 1186 423 1231; x_wconf 90' lang='lat' dir='ltr'>Literas</span> <span class='ocrx_word' id='word_1_113' title='bbox 440 1202 547 1231; x_wconf 90' lang='lat' dir='ltr'>vero</span> <span class='ocrx_word' id='word_1_114' title='bbox 570 1188 749 1230; x_wconf 89' lang='lat' dir='ltr'>curabit</span> <span class='ocrx_word' id='word_1_115' title='bbox 771 1195 906 1232; x_wconf 88' lang='lat' dir='ltr'>antea</span> <span class='ocrx_word' id='word_1_116' title='bbox 926 1186 1044 1230; x_wconf 90' lang='lat' dir='ltr'>mitti</span> <span class='ocrx_word' id='word_1_117' title='bbox 1066 1187 1138 1231; x_wconf 91' lang='lat' dir='ltr'>vel</span> <span class='ocrx_word' id='word_1_118' title='bbox 1159 1186 1320 1243; x_wconf 90' lang='lat' dir='ltr'>accipi,</span> <span class='ocrx_word' id='word_1_119' title='bbox 1340 1200 1476 1242; x_wconf 89' lang='lat' dir='ltr'>quam</span> <span class='ocrx_word' id='word_1_120' title='bbox 1493 1185 1568 1228; x_wconf 86' lang='lat' dir='ltr'>ille</span> <span class='ocrx_word' id='word_1_121' title='bbox 1589 1185 1794 1228; x_wconf 91' lang='lat' dir='ltr'>discedat</span> 
     </span>
     <span class='ocr_line' id='line_1_15' title="bbox 157 1261 1793 1326; baseline -0.001 -20"><span class='ocrx_word' id='word_1_122' title='bbox 157 1263 235 1307; x_wconf 84' lang='lat' dir='ltr'>vel</span> <span class='ocrx_word' id='word_1_123' title='bbox 254 1263 506 1320; x_wconf 87' lang='lat' dir='ltr'>perueniat.</span> <span class='ocrx_word' id='word_1_124' title='bbox 533 1264 581 1308; x_wconf 91' lang='lat' dir='ltr'>Si</span> <span class='ocrx_word' id='word_1_125' title='bbox 603 1279 714 1309; x_wconf 86' lang='lat' dir='ltr'>vero</span> <span class='ocrx_word' id='word_1_126' title='bbox 734 1263 995 1307; x_wconf 91' lang='lat' dir='ltr'>huiusmodi</span> <span class='ocrx_word' id='word_1_127' title='bbox 1011 1278 1103 1307; x_wconf 92' lang='lat' dir='ltr'>non</span> <span class='ocrx_word' id='word_1_128' title='bbox 1121 1263 1353 1308; x_wconf 86' lang='lat' dir='ltr'>videretur</span> <span class='ocrx_word' id='word_1_129' title='bbox 1370 1271 1471 1326; x_wconf 83' lang='lat' dir='ltr'>esse</span> <span class='ocrx_word' id='word_1_130' title='bbox 1489 1261 1793 1318; x_wconf 88' lang='lat' dir='ltr'>recipiendus,</span> 
     </span>
     <span class='ocr_line' id='line_1_16' title="bbox 154 1339 1798 1401; baseline -0.002 -17"><span class='ocrx_word' id='word_1_131' title='bbox 154 1339 285 1384; x_wconf 76' lang='lat' dir='ltr'>illum</span> <span class='ocrx_word' id='word_1_132' title='bbox 314 1341 387 1385; x_wconf 90' lang='lat' dir='ltr'>vel</span> <span class='ocrx_word' id='word_1_133' title='bbox 416 1341 614 1386; x_wconf 89' lang='lat' dir='ltr'>remittet</span> <span class='ocrx_word' id='word_1_134' title='bbox 643 1349 792 1386; x_wconf 90' lang='lat' dir='ltr'>rector</span> <span class='ocrx_word' id='word_1_135' title='bbox 820 1342 878 1384; x_wconf 91' lang='lat' dir='ltr'>ad</span> <span class='ocrx_word' id='word_1_136' title='bbox 903 1355 1026 1393; x_wconf 92' lang='lat' dir='ltr'>eum,</span> <span class='ocrx_word' id='word_1_137' title='bbox 1060 1355 1088 1384; x_wconf 90' lang='lat' dir='ltr'>a</span> <span class='ocrx_word' id='word_1_138' title='bbox 1115 1355 1207 1397; x_wconf 87' lang='lat' dir='ltr'>quo</span> <span class='ocrx_word' id='word_1_139' title='bbox 1238 1341 1386 1401; x_wconf 84' lang='lat' dir='ltr'>fuerat</span> <span class='ocrx_word' id='word_1_140' title='bbox 1414 1339 1601 1391; x_wconf 85' lang='lat' dir='ltr'>missus,</span> <span class='ocrx_word' id='word_1_141' title='bbox 1635 1339 1709 1383; x_wconf 88' lang='lat' dir='ltr'>vel</span> <span class='ocrx_word' id='word_1_142' title='bbox 1740 1339 1798 1381; x_wconf 91' lang='lat' dir='ltr'>ad</span> 
     </span>
     <span class='ocr_line' id='line_1_17' title="bbox 158 1416 1797 1474; baseline -0.001 -14"><span class='ocrx_word' id='word_1_143' title='bbox 158 1417 500 1474; x_wconf 85' lang='lat' dir='ltr'>prouincialem,</span> <span class='ocrx_word' id='word_1_144' title='bbox 541 1418 613 1461; x_wconf 90' lang='lat' dir='ltr'>vel</span> <span class='ocrx_word' id='word_1_145' title='bbox 651 1417 891 1461; x_wconf 81' lang='lat' dir='ltr'>collocabit</span> <span class='ocrx_word' id='word_1_146' title='bbox 922 1418 969 1461; x_wconf 90' lang='lat' dir='ltr'>in</span> <span class='ocrx_word' id='word_1_147' title='bbox 1001 1417 1188 1460; x_wconf 89' lang='lat' dir='ltr'>seruitio</span> <span class='ocrx_word' id='word_1_148' title='bbox 1220 1417 1470 1473; x_wconf 81' lang='lat' dir='ltr'>hospitalis.</span> <span class='ocrx_word' id='word_1_149' title='bbox 1507 1418 1564 1459; x_wconf 92' lang='lat' dir='ltr'>Et</span> <span class='ocrx_word' id='word_1_150' title='bbox 1595 1416 1642 1458; x_wconf 90' lang='lat' dir='ltr'>in</span> <span class='ocrx_word' id='word_1_151' title='bbox 1674 1417 1797 1458; x_wconf 92' lang='lat' dir='ltr'>hunc</span> 
     </span>
    </p>

    <p class='ocr_par' dir='ltr' id='par_1_7' title="bbox 24 1493 1797 1636">
     <span class='ocr_line' id='line_1_18' title="bbox 34 1493 1797 1557; baseline -0.002 -19"><span class='ocrx_word' id='word_1_152' title='bbox 34 1544 43 1557; x_wconf 58' lang='lat'>„-</span> <span class='ocrx_word' id='word_1_153' title='bbox 155 1508 315 1538; x_wconf 84' lang='lat' dir='ltr'>casum</span> <span class='ocrx_word' id='word_1_154' title='bbox 352 1494 480 1538; x_wconf 91' lang='lat' dir='ltr'>dabit</span> <span class='ocrx_word' id='word_1_155' title='bbox 517 1494 863 1539; x_wconf 88' lang='lat' dir='ltr'>instructionem</span> <span class='ocrx_word' id='word_1_156' title='bbox 902 1495 1155 1539; x_wconf 86' lang='lat' dir='ltr'>rectoribus</span> <span class='ocrx_word' id='word_1_157' title='bbox 1192 1494 1482 1551; x_wconf 88' lang='lat' dir='ltr'>prouincialis</span> <span class='ocrx_word' id='word_1_158' title='bbox 1518 1494 1643 1536; x_wconf 82' lang='lat' dir='ltr'>iuxta</span> <span class='ocrx_word' id='word_1_159' title='bbox 1675 1493 1797 1549; x_wconf 87' lang='lat' dir='ltr'>quod</span> 
     </span>
     <span class='ocr_line' id='line_1_19' title="bbox 65 1570 1034 1627; baseline 0.003 -12.878"><span class='ocrx_word' id='word_1_160' title='bbox 65 1574 70 1589; x_wconf 80' lang='lat'>²</span> <span class='ocrx_word' id='word_1_161' title='bbox 158 1570 365 1615; x_wconf 85' lang='lat' dir='ltr'>censebit</span> <span class='ocrx_word' id='word_1_162' title='bbox 386 1587 412 1615; x_wconf 93' lang='lat' dir='ltr'>e</span> <span class='ocrx_word' id='word_1_163' title='bbox 434 1586 482 1614; x_wconf 90' lang='lat' dir='ltr'>re</span> <span class='ocrx_word' id='word_1_164' title='bbox 507 1572 601 1614; x_wconf 87' lang='lat' dir='ltr'>sore</span> <span class='ocrx_word' id='word_1_165' title='bbox 623 1586 734 1615; x_wconf 91' lang='lat' dir='ltr'>suae</span> <span class='ocrx_word' id='word_1_166' title='bbox 756 1571 1034 1627; x_wconf 90' lang='lat' dir='ltr'>prouinciae.</span> 
     </span>
    </p>
   </div>
   <div class='ocr_carea' id='block_1_4' title="bbox 0 732 200 3470">
    <p class='ocr_par' dir='ltr' id='par_1_8' title="bbox 0 732 200 3470">
     <span class='ocr_line' id='line_1_20' title="bbox 0 732 37 966; baseline 0 -65"><span class='ocrx_word' id='word_1_167' title='bbox 0 732 37 966; x_wconf 95' lang='lat' dir='ltr'>   </span> 
     </span>
     <span class='ocr_line' id='line_1_21' title="bbox 0 966 50 1229; baseline 0 -34"><span class='ocrx_word' id='word_1_168' title='bbox 0 966 50 1229; x_wconf 95' lang='lat' dir='ltr'>    </span> 
     </span>
     <span class='ocr_line' id='line_1_22' title="bbox 0 1358 70 1848; baseline 0 -193"><span class='ocrx_word' id='word_1_169' title='bbox 0 1358 70 1848; x_wconf 95' lang='lat' dir='ltr'>     </span> 
     </span>
     <span class='ocr_line' id='line_1_23' title="bbox 0 1848 96 2119; baseline 0 -63"><span class='ocrx_word' id='word_1_170' title='bbox 0 1848 96 2119; x_wconf 95' lang='lat' dir='ltr'>   </span> 
     </span>
     <span class='ocr_line' id='line_1_24' title="bbox 0 2119 118 2348; baseline 0 -154"><span class='ocrx_word' id='word_1_171' title='bbox 0 2119 118 2348; x_wconf 95' lang='lat' dir='ltr'>   </span> 
     </span>
     <span class='ocr_line' id='line_1_25' title="bbox 0 2348 118 2576; baseline 0 -74"><span class='ocrx_word' id='word_1_172' title='bbox 0 2348 118 2576; x_wconf 95' lang='lat' dir='ltr'>   </span> 
     </span>
     <span class='ocr_line' id='line_1_26' title="bbox 0 2576 120 2768; baseline 0 0"><span class='ocrx_word' id='word_1_173' title='bbox 0 2576 120 2768; x_wconf 95' lang='lat' dir='ltr'>   </span> 
     </span>
     <span class='ocr_line' id='line_1_27' title="bbox 0 2768 107 2885; baseline 0 0"><span class='ocrx_word' id='word_1_174' title='bbox 0 2768 107 2885; x_wconf 95' lang='lat' dir='ltr'>  </span> 
     </span>
     <span class='ocr_line' id='line_1_28' title="bbox 0 2885 200 3470; baseline 0 -358"><span class='ocrx_word' id='word_1_175' title='bbox 0 2885 200 3470; x_wconf 95' lang='lat' dir='ltr'>     </span> 
     </span>
    </p>
   </div>
   <div class='ocr_carea' id='block_1_5' title="bbox 561 1702 1390 1734">
    <p class='ocr_par' dir='ltr' id='par_1_9' title="bbox 561 1702 1390 1734">
     <span class='ocr_line' id='line_1_29' title="bbox 561 1702 1390 1734; baseline 0 -1"><span class='ocrx_word' id='word_1_176' title='bbox 561 1704 624 1733; x_wconf 88' lang='lat' dir='ltr'>DE</span> <span class='ocrx_word' id='word_1_177' title='bbox 646 1702 978 1734; x_wconf 85' lang='lat' dir='ltr'><strong>ADMITTENDIS</strong></span> <span class='ocrx_word' id='word_1_178' title='bbox 1001 1704 1064 1734; x_wconf 89' lang='lat' dir='ltr'>AD</span> <span class='ocrx_word' id='word_1_179' title='bbox 1087 1703 1390 1734; x_wconf 84' lang='lat' dir='ltr'>SOCIETATEM</span> 
     </span>
    </p>
   </div>
   <div class='ocr_carea' id='block_1_6' title="bbox 72 1801 1800 3084">
    <p class='ocr_par' dir='ltr' id='par_1_10' title="bbox 64 1801 1799 2555">
     <span class='ocr_line' id='line_1_30' title="bbox 215 1801 1798 1858; baseline 0 -14"><span class='ocrx_word' id='word_1_180' title='bbox 215 1833 218 1838; x_wconf 82' lang='lat'>.</span> <span class='ocrx_word' id='word_1_181' title='bbox 250 1804 437 1858; x_wconf 73' lang='lat' dir='ltr'>Quanta</span> <span class='ocrx_word' id='word_1_182' title='bbox 458 1802 556 1846; x_wconf 87' lang='lat' dir='ltr'>fieri</span> <span class='ocrx_word' id='word_1_183' title='bbox 578 1801 743 1858; x_wconf 89' lang='lat' dir='ltr'>poterit</span> <span class='ocrx_word' id='word_1_184' title='bbox 765 1801 987 1845; x_wconf 89' lang='lat' dir='ltr'>industria</span> <span class='ocrx_word' id='word_1_185' title='bbox 1007 1809 1054 1846; x_wconf 87' lang='lat' dir='ltr'>et</span> <span class='ocrx_word' id='word_1_186' title='bbox 1074 1802 1311 1858; x_wconf 86' lang='lat' dir='ltr'>diligentia</span> <span class='ocrx_word' id='word_1_187' title='bbox 1332 1810 1533 1855; x_wconf 91' lang='lat' dir='ltr'>curetur,</span> <span class='ocrx_word' id='word_1_188' title='bbox 1560 1810 1607 1845; x_wconf 93' lang='lat' dir='ltr'>vt</span> <span class='ocrx_word' id='word_1_189' title='bbox 1635 1817 1798 1858; x_wconf 91' lang='lat' dir='ltr'>quam-</span> 
     </span>
     <span class='ocr_line' id='line_1_31' title="bbox 158 1877 1797 1936; baseline 0.001 -15"><span class='ocrx_word' id='word_1_190' title='bbox 158 1877 342 1935; x_wconf 87' lang='lat' dir='ltr'>plurimi</span> <span class='ocrx_word' id='word_1_191' title='bbox 362 1878 513 1922; x_wconf 84' lang='lat' dir='ltr'>idonei</span> <span class='ocrx_word' id='word_1_192' title='bbox 536 1880 592 1922; x_wconf 90' lang='lat' dir='ltr'>ad</span> <span class='ocrx_word' id='word_1_193' title='bbox 614 1878 889 1923; x_wconf 90' lang='lat' dir='ltr'>Societatem</span> <span class='ocrx_word' id='word_1_194' title='bbox 913 1878 1207 1936; x_wconf 88' lang='lat' dir='ltr'>recipiantur.</span> <span class='ocrx_word' id='word_1_195' title='bbox 1233 1881 1336 1924; x_wconf 86' lang='lat' dir='ltr'>Hoc</span> <span class='ocrx_word' id='word_1_196' title='bbox 1364 1887 1516 1924; x_wconf 89' lang='lat' dir='ltr'>autem</span> <span class='ocrx_word' id='word_1_197' title='bbox 1545 1880 1640 1923; x_wconf 87' lang='lat' dir='ltr'>fieri</span> <span class='ocrx_word' id='word_1_198' title='bbox 1665 1888 1797 1935; x_wconf 91' lang='lat' dir='ltr'>pote—</span> 
     </span>
     <span class='ocr_line' id='line_1_32' title="bbox 163 1954 1794 2015; baseline 0.001 -17"><span class='ocrx_word' id='word_1_199' title='bbox 163 1954 222 1998; x_wconf 88' lang='lat' dir='ltr'>rit</span> <span class='ocrx_word' id='word_1_200' title='bbox 247 1970 328 2012; x_wconf 83' lang='lat' dir='ltr'>per</span> <span class='ocrx_word' id='word_1_201' title='bbox 363 1956 623 2008; x_wconf 84' lang='lat' dir='ltr'>conciones,</span> <span class='ocrx_word' id='word_1_202' title='bbox 649 1956 974 2008; x_wconf 84' lang='lat' dir='ltr'>confessiones,</span> <span class='ocrx_word' id='word_1_203' title='bbox 1000 1956 1370 2015; x_wconf 85' lang='lat' dir='ltr'>conuersationes</span> <span class='ocrx_word' id='word_1_204' title='bbox 1408 1964 1666 2000; x_wconf 88' lang='lat' dir='ltr'>nostrorum</span> <span class='ocrx_word' id='word_1_205' title='bbox 1707 1959 1794 2000; x_wconf 87' lang='lat' dir='ltr'>Pa-</span> 
     </span>
     <span class='ocr_line' id='line_1_33' title="bbox 163 2019 1797 2090; baseline 0.001 -16"><span class='ocrx_word' id='word_1_206' title='bbox 163 2039 284 2075; x_wconf 88' lang='lat' dir='ltr'>trum</span> <span class='ocrx_word' id='word_1_207' title='bbox 305 2046 360 2076; x_wconf 90' lang='lat' dir='ltr'>ac</span> <span class='ocrx_word' id='word_1_208' title='bbox 385 2034 572 2076; x_wconf 87' lang='lat' dir='ltr'>fratrum</span> <span class='ocrx_word' id='word_1_209' title='bbox 595 2034 653 2076; x_wconf 88' lang='lat' dir='ltr'>ad</span> <span class='ocrx_word' id='word_1_210' title='bbox 682 2033 771 2076; x_wconf 92' lang='lat' dir='ltr'>hoc</span> <span class='ocrx_word' id='word_1_211' title='bbox 801 2019 1083 2085; x_wconf 87' lang='lat' dir='ltr'>idoneorum,</span> <span class='ocrx_word' id='word_1_212' title='bbox 1108 2047 1190 2090; x_wconf 89' lang='lat' dir='ltr'>per</span> <span class='ocrx_word' id='word_1_213' title='bbox 1218 2033 1447 2077; x_wconf 90' lang='lat' dir='ltr'>orationes</span> <span class='ocrx_word' id='word_1_214' title='bbox 1478 2049 1531 2077; x_wconf 88' lang='lat' dir='ltr'>ac</span> <span class='ocrx_word' id='word_1_215' title='bbox 1559 2035 1797 2078; x_wconf 87' lang='lat' dir='ltr'>missarum</span> 
     </span>
     <span class='ocr_line' id='line_1_34' title="bbox 161 2109 504 2166; baseline 0 -14"><span class='ocrx_word' id='word_1_216' title='bbox 161 2109 504 2166; x_wconf 89' lang='lat' dir='ltr'>applicationes.</span> 
     </span>
     <span class='ocr_line' id='line_1_35' title="bbox 250 2185 1799 2245; baseline -0.001 -13.102"><span class='ocrx_word' id='word_1_217' title='bbox 250 2185 344 2232; x_wconf 78' lang='lat'>49⁰</span> <span class='ocrx_word' id='word_1_218' title='bbox 377 2187 624 2230; x_wconf 89' lang='lat' dir='ltr'>Confidant</span> <span class='ocrx_word' id='word_1_219' title='bbox 645 2194 798 2229; x_wconf 90' lang='lat' dir='ltr'>autem</span> <span class='ocrx_word' id='word_1_220' title='bbox 821 2187 868 2229; x_wconf 91' lang='lat' dir='ltr'>in</span> <span class='ocrx_word' id='word_1_221' title='bbox 890 2186 1089 2230; x_wconf 80' lang='lat' dir='ltr'>Domino</span> <span class='ocrx_word' id='word_1_222' title='bbox 1110 2202 1286 2241; x_wconf 90' lang='lat' dir='ltr'>omnes,</span> <span class='ocrx_word' id='word_1_223' title='bbox 1310 2196 1355 2231; x_wconf 87' lang='lat' dir='ltr'>et</span> <span class='ocrx_word' id='word_1_224' title='bbox 1378 2188 1423 2231; x_wconf 91' lang='lat' dir='ltr'>in</span> <span class='ocrx_word' id='word_1_225' title='bbox 1446 2189 1596 2245; x_wconf 86' lang='lat' dir='ltr'>gratia</span> <span class='ocrx_word' id='word_1_226' title='bbox 1618 2189 1799 2232; x_wconf 86' lang='lat' dir='ltr'>virtutis</span> 
     </span>
     <span class='ocr_line' id='line_1_36' title="bbox 159 2261 1796 2319; baseline 0.001 -11.89"><span class='ocrx_word' id='word_1_227' title='bbox 159 2261 278 2315; x_wconf 84' lang='lat' dir='ltr'>eius,</span> <span class='ocrx_word' id='word_1_228' title='bbox 309 2262 514 2305; x_wconf 85' lang='lat' dir='ltr'>futurum</span> <span class='ocrx_word' id='word_1_229' title='bbox 543 2270 593 2305; x_wconf 90' lang='lat' dir='ltr'>vt</span> <span class='ocrx_word' id='word_1_230' title='bbox 620 2270 711 2306; x_wconf 88' lang='lat' dir='ltr'>tam</span> <span class='ocrx_word' id='word_1_231' title='bbox 736 2263 975 2307; x_wconf 85' lang='lat' dir='ltr'>excellenti</span> <span class='ocrx_word' id='word_1_232' title='bbox 1008 2263 1274 2317; x_wconf 80' lang='lat' dir='ltr'>ministerio,</span> <span class='ocrx_word' id='word_1_233' title='bbox 1302 2272 1392 2308; x_wconf 91' lang='lat' dir='ltr'>tam</span> <span class='ocrx_word' id='word_1_234' title='bbox 1423 2266 1673 2319; x_wconf 84' lang='lat' dir='ltr'>fructuoso,</span> <span class='ocrx_word' id='word_1_235' title='bbox 1707 2274 1796 2309; x_wconf 90' lang='lat' dir='ltr'>tam</span> 
     </span>
     <span class='ocr_line' id='line_1_37' title="bbox 72 2325 1797 2398; baseline 0.003 -19"><span class='ocrx_word' id='word_1_236' title='bbox 72 2325 437 2398; x_wconf 21' lang='lat' dir='ltr'>sssnecessario,</span> <span class='ocrx_word' id='word_1_237' title='bbox 472 2340 595 2395; x_wconf 85' lang='lat' dir='ltr'>quod</span> <span class='ocrx_word' id='word_1_238' title='bbox 624 2354 706 2396; x_wconf 91' lang='lat' dir='ltr'>pro</span> <span class='ocrx_word' id='word_1_239' title='bbox 734 2339 889 2383; x_wconf 89' lang='lat' dir='ltr'>maiori</span> <span class='ocrx_word' id='word_1_240' title='bbox 926 2339 1012 2384; x_wconf 90' lang='lat' dir='ltr'>Dei</span> <span class='ocrx_word' id='word_1_241' title='bbox 1050 2340 1210 2396; x_wconf 85' lang='lat' dir='ltr'>gloria,</span> <span class='ocrx_word' id='word_1_242' title='bbox 1235 2342 1524 2397; x_wconf 89' lang='lat' dir='ltr'>pluriumque</span> <span class='ocrx_word' id='word_1_243' title='bbox 1562 2342 1797 2385; x_wconf 91' lang='lat' dir='ltr'>hominum</span> 
     </span>
     <span class='ocr_line' id='line_1_38' title="bbox 161 2415 1797 2473; baseline 0.001 -14.901"><span class='ocrx_word' id='word_1_244' title='bbox 161 2415 311 2468; x_wconf 74' lang='lat' dir='ltr'>salute</span> <span class='ocrx_word' id='word_1_245' title='bbox 343 2415 633 2472; x_wconf 86' lang='lat' dir='ltr'>suscipimus,</span> <span class='ocrx_word' id='word_1_246' title='bbox 664 2416 742 2459; x_wconf 89' lang='lat' dir='ltr'>det</span> <span class='ocrx_word' id='word_1_247' title='bbox 770 2416 896 2459; x_wconf 90' lang='lat' dir='ltr'>Deus</span> <span class='ocrx_word' id='word_1_248' title='bbox 922 2430 1115 2472; x_wconf 86' lang='lat' dir='ltr'>magnos</span> <span class='ocrx_word' id='word_1_249' title='bbox 1151 2422 1420 2473; x_wconf 82' lang='lat' dir='ltr'>prouentus,</span> <span class='ocrx_word' id='word_1_250' title='bbox 1446 2426 1491 2462; x_wconf 90' lang='lat' dir='ltr'>et</span> <span class='ocrx_word' id='word_1_251' title='bbox 1523 2419 1671 2461; x_wconf 90' lang='lat' dir='ltr'>mittat</span> <span class='ocrx_word' id='word_1_252' title='bbox 1699 2419 1797 2460; x_wconf 91' lang='lat' dir='ltr'>ido·</span> 
     </span>
     <span class='ocr_line' id='line_1_39' title="bbox 79 2478 967 2548; baseline 0.001 -13"><span class='ocrx_word' id='word_1_253' title='bbox 79 2478 91 2538; x_wconf 28' lang='lat'>⁷,</span> <span class='ocrx_word' id='word_1_254' title='bbox 164 2505 277 2536; x_wconf 84' lang='lat' dir='ltr'>neos</span> <span class='ocrx_word' id='word_1_255' title='bbox 298 2492 530 2548; x_wconf 89' lang='lat' dir='ltr'>operarios</span> <span class='ocrx_word' id='word_1_256' title='bbox 552 2492 599 2535; x_wconf 91' lang='lat' dir='ltr'>in</span> <span class='ocrx_word' id='word_1_257' title='bbox 620 2493 799 2537; x_wconf 89' lang='lat' dir='ltr'>vineam</span> <span class='ocrx_word' id='word_1_258' title='bbox 823 2508 967 2537; x_wconf 92' lang='lat' dir='ltr'>suam.</span> 
     </span>
    </p>

    <p class='ocr_par' dir='ltr' id='par_1_11' title="bbox 75 2569 1800 3084">
     <span class='ocr_line' id='line_1_40' title="bbox 106 2569 1798 2624; baseline 0.001 -12"><span class='ocrx_word' id='word_1_259' title='bbox 106 2621 110 2623; x_wconf 12' lang='grc' dir='ltr'>ν</span> <span class='ocrx_word' id='word_1_260' title='bbox 252 2569 304 2613; x_wconf 89' lang='lat' dir='ltr'>In</span> <span class='ocrx_word' id='word_1_261' title='bbox 322 2569 616 2612; x_wconf 89' lang='lat' dir='ltr'>admittendis</span> <span class='ocrx_word' id='word_1_262' title='bbox 633 2571 691 2622; x_wconf 80' lang='lat' dir='ltr'>ad</span> <span class='ocrx_word' id='word_1_263' title='bbox 707 2570 983 2614; x_wconf 88' lang='lat' dir='ltr'>Societatem</span> <span class='ocrx_word' id='word_1_264' title='bbox 1002 2571 1226 2614; x_wconf 89' lang='lat' dir='ltr'>seruanda</span> <span class='ocrx_word' id='word_1_265' title='bbox 1242 2579 1311 2615; x_wconf 90' lang='lat' dir='ltr'>est</span> <span class='ocrx_word' id='word_1_266' title='bbox 1326 2572 1440 2614; x_wconf 89' lang='lat' dir='ltr'>ratio</span> <span class='ocrx_word' id='word_1_267' title='bbox 1457 2571 1692 2624; x_wconf 82' lang='lat' dir='ltr'>examinis3</span> <span class='ocrx_word' id='word_1_268' title='bbox 1712 2573 1798 2614; x_wconf 89' lang='lat' dir='ltr'>hoc</span> 
     </span>
     <span class='ocr_line' id='line_1_41' title="bbox 163 2645 1796 2704; baseline -0.002 -11.205"><span class='ocrx_word' id='word_1_269' title='bbox 163 2651 252 2698; x_wconf 79' lang='lat' dir='ltr'>est,</span> <span class='ocrx_word' id='word_1_270' title='bbox 275 2645 436 2690; x_wconf 83' lang='lat' dir='ltr'>videns·</span> <span class='ocrx_word' id='word_1_271' title='bbox 458 2645 677 2702; x_wconf 89' lang='lat' dir='ltr'>superior,</span> <span class='ocrx_word' id='word_1_272' title='bbox 703 2647 844 2702; x_wconf 88' lang='lat' dir='ltr'>quod,</span> <span class='ocrx_word' id='word_1_273' title='bbox 870 2647 946 2702; x_wconf 91' lang='lat' dir='ltr'>qui</span> <span class='ocrx_word' id='word_1_274' title='bbox 969 2646 1144 2690; x_wconf 89' lang='lat' dir='ltr'>admitti</span> <span class='ocrx_word' id='word_1_275' title='bbox 1167 2648 1307 2704; x_wconf 88' lang='lat' dir='ltr'>cupit,</span> <span class='ocrx_word' id='word_1_276' title='bbox 1333 2663 1423 2691; x_wconf 90' lang='lat' dir='ltr'>non</span> <span class='ocrx_word' id='word_1_277' title='bbox 1447 2648 1645 2692; x_wconf 87' lang='lat' dir='ltr'>ostendit</span> <span class='ocrx_word' id='word_1_278' title='bbox 1667 2648 1796 2691; x_wconf 88' lang='lat' dir='ltr'>aliam</span> 
     </span>
     <span class='ocr_line' id='line_1_42' title="bbox 88 2718 1798 2781; baseline 0 -16"><span class='ocrx_word' id='word_1_279' title='bbox 88 2741 144 2781; x_wconf 57' lang='lat'>3</span> <span class='ocrx_word' id='word_1_280' title='bbox 166 2731 292 2779; x_wconf 79' lang='lat' dir='ltr'>spem</span> <span class='ocrx_word' id='word_1_281' title='bbox 314 2736 450 2778; x_wconf 91' lang='lat' dir='ltr'>quam</span> <span class='ocrx_word' id='word_1_282' title='bbox 474 2737 555 2778; x_wconf 90' lang='lat' dir='ltr'>pro</span> <span class='ocrx_word' id='word_1_283' title='bbox 575 2718 840 2767; x_wconf 88' lang='lat' dir='ltr'>coadiutore</span> <span class='ocrx_word' id='word_1_284' title='bbox 873 2723 1123 2779; x_wconf 90' lang='lat' dir='ltr'>temporali,</span> <span class='ocrx_word' id='word_1_285' title='bbox 1150 2725 1395 2768; x_wconf 87' lang='lat' dir='ltr'>examinari</span> <span class='ocrx_word' id='word_1_286' title='bbox 1419 2725 1542 2766; x_wconf 88' lang='lat' dir='ltr'>illum</span> <span class='ocrx_word' id='word_1_287' title='bbox 1567 2732 1695 2766; x_wconf 87' lang='lat' dir='ltr'>curet</span> <span class='ocrx_word' id='word_1_288' title='bbox 1717 2739 1798 2779; x_wconf 88' lang='lat' dir='ltr'>pro</span> 
     </span>
     <span class='ocr_line' id='line_1_43' title="bbox 88 2797 1793 2856; baseline 0.001 -15"><span class='ocrx_word' id='word_1_289' title='bbox 88 2797 137 2834; x_wconf 54' lang='grc' dir='ltr'>’ὖ</span> <span class='ocrx_word' id='word_1_290' title='bbox 167 2797 262 2852; x_wconf 81' lang='lat' dir='ltr'>tali3</span> <span class='ocrx_word' id='word_1_291' title='bbox 279 2810 325 2842; x_wconf 91' lang='lat' dir='ltr'>et</span> <span class='ocrx_word' id='word_1_292' title='bbox 345 2798 426 2851; x_wconf 92' lang='lat' dir='ltr'>illi,</span> <span class='ocrx_word' id='word_1_293' title='bbox 445 2800 502 2842; x_wconf 87' lang='lat' dir='ltr'>de</span> <span class='ocrx_word' id='word_1_294' title='bbox 519 2799 685 2854; x_wconf 91' lang='lat' dir='ltr'>quibus</span> <span class='ocrx_word' id='word_1_295' title='bbox 706 2815 801 2844; x_wconf 90' lang='lat' dir='ltr'>non</span> <span class='ocrx_word' id='word_1_296' title='bbox 822 2808 891 2843; x_wconf 88' lang='lat' dir='ltr'>est</span> <span class='ocrx_word' id='word_1_297' title='bbox 913 2800 1120 2853; x_wconf 90' lang='lat' dir='ltr'>dubium,</span> <span class='ocrx_word' id='word_1_298' title='bbox 1140 2801 1263 2856; x_wconf 92' lang='lat' dir='ltr'>quod</span> <span class='ocrx_word' id='word_1_299' title='bbox 1279 2801 1369 2843; x_wconf 88' lang='lat' dir='ltr'>sint</span> <span class='ocrx_word' id='word_1_300' title='bbox 1387 2816 1469 2856; x_wconf 82' lang='lat' dir='ltr'>pro</span> <span class='ocrx_word' id='word_1_301' title='bbox 1494 2800 1793 2852; x_wconf 86' lang='lat' dir='ltr'>scholasticis,</span> 
     </span>
     <span class='ocr_line' id='line_1_44' title="bbox 113 2875 1798 2943; baseline 0.001 -25.966"><span class='ocrx_word' id='word_1_302' title='bbox 91 2878 123 2931; x_wconf 68' lang='grc' dir='ltr'>·,“ζ</span> <span class='ocrx_word' id='word_1_303' title='bbox 134 2932 140 2943; x_wconf 24' lang='grc' dir='ltr'>ὗ</span> <span class='ocrx_word' id='word_1_304' title='bbox 166 2875 382 2932; x_wconf 86' lang='lat' dir='ltr'>professis</span> <span class='ocrx_word' id='word_1_305' title='bbox 403 2885 482 2918; x_wconf 90' lang='lat' dir='ltr'>aut</span> <span class='ocrx_word' id='word_1_306' title='bbox 503 2876 843 2919; x_wconf 88' lang='lat' dir='ltr'>coadiutoribus</span> <span class='ocrx_word' id='word_1_307' title='bbox 865 2876 1191 2933; x_wconf 90' lang='lat' dir='ltr'>spiritualibus,</span> <span class='ocrx_word' id='word_1_308' title='bbox 1216 2878 1531 2921; x_wconf 85' lang='lat' dir='ltr'>examinentur</span> <span class='ocrx_word' id='word_1_309' title='bbox 1553 2878 1687 2920; x_wconf 88' lang='lat' dir='ltr'>etiam</span> <span class='ocrx_word' id='word_1_310' title='bbox 1719 2891 1798 2932; x_wconf 88' lang='lat' dir='ltr'>pro</span> 
     </span>
     <span class='ocr_line' id='line_1_45' title="bbox 92 2945 1798 3011; baseline 0.001 -18"><span class='ocrx_word' id='word_1_311' title='bbox 92 2945 145 3002; x_wconf 91' lang='grc' dir='ltr'>Ἀ</span> <span class='ocrx_word' id='word_1_312' title='bbox 168 2950 350 3011; x_wconf 84' lang='lat' dir='ltr'>talibuS.</span> <span class='ocrx_word' id='word_1_313' title='bbox 374 2952 441 2995; x_wconf 93' lang='lat' dir='ltr'>Illi</span> <span class='ocrx_word' id='word_1_314' title='bbox 463 2967 588 3004; x_wconf 89' lang='lat' dir='ltr'>vero,</span> <span class='ocrx_word' id='word_1_315' title='bbox 608 2953 665 2996; x_wconf 91' lang='lat' dir='ltr'>de</span> <span class='ocrx_word' id='word_1_316' title='bbox 687 2953 870 3008; x_wconf 81' lang='lat' dir='ltr'>quibus,</span> <span class='ocrx_word' id='word_1_317' title='bbox 890 2954 1046 3009; x_wconf 89' lang='lat' dir='ltr'>quales</span> <span class='ocrx_word' id='word_1_318' title='bbox 1065 2953 1205 2997; x_wconf 88' lang='lat' dir='ltr'>futuri</span> <span class='ocrx_word' id='word_1_319' title='bbox 1227 2954 1333 3005; x_wconf 90' lang='lat' dir='ltr'>sint,</span> <span class='ocrx_word' id='word_1_320' title='bbox 1354 2953 1603 3004; x_wconf 87' lang='lat' dir='ltr'>dubitatur,</span> <span class='ocrx_word' id='word_1_321' title='bbox 1624 2952 1798 2996; x_wconf 86' lang='lat' dir='ltr'>exami—</span> 
     </span>
     <span class='ocr_line' id='line_1_46' title="bbox 167 3028 1800 3084; baseline 0 -14"><span class='ocrx_word' id='word_1_322' title='bbox 167 3034 332 3071; x_wconf 88' lang='lat' dir='ltr'>nentur</span> <span class='ocrx_word' id='word_1_323' title='bbox 356 3042 437 3084; x_wconf 93' lang='lat' dir='ltr'>pro</span> <span class='ocrx_word' id='word_1_324' title='bbox 462 3028 840 3074; x_wconf 85' lang='lat' dir='ltr'>indifferentibus.</span> <span class='ocrx_word' id='word_1_325' title='bbox 860 3029 1043 3073; x_wconf 85' lang='lat' dir='ltr'>Interim</span> <span class='ocrx_word' id='word_1_326' title='bbox 1062 3037 1213 3073; x_wconf 90' lang='lat' dir='ltr'>tamen</span> <span class='ocrx_word' id='word_1_327' title='bbox 1232 3030 1443 3073; x_wconf 86' lang='lat' dir='ltr'>omnibus</span> <span class='ocrx_word' id='word_1_328' title='bbox 1466 3028 1657 3081; x_wconf 87' lang='lat' dir='ltr'>dicatur,</span> <span class='ocrx_word' id='word_1_329' title='bbox 1679 3029 1800 3084; x_wconf 89' lang='lat' dir='ltr'>quod</span> 
     </span>
    </p>
   </div>
  </div>
 </body>
</html>
