2098 3470
525 264 803 301 nonullam-A
825 248 1083 299 rnovmcmz
1108 260 1453 303 Fraxinus-57
1717 255 1787 301 345

196 367 351 424 quoad
370 365 471 412 eius
491 364 590 411 fieri
610 363 792 422 poterit,
817 370 997 420 tempus
1017 360 1336 406 celebrationis
1357 360 1526 402 missae
1548 359 1742 403 excedat
1763 357 1835 401 di·

170 487 177 492 .
198 443 383 488 midiam
407 444 584 488 horam.

287 522 399 564 Post
419 518 770 564 celebrationem
799 516 964 561 missae
984 517 1153 560 debent
1174 515 1357 571 quidem
1379 513 1642 558 sacerdotes
1670 512 1832 565 nostri,

152 579 163 583 ‚
197 598 258 642 ad
277 597 452 655 gratias
474 597 677 654 agendas
704 601 751 639 et
777 595 977 638 fructum
999 593 1164 636 missae
1191 591 1570 655 confirmandum,
1596 590 1832 646 paululum

197 688 344 728 orare3
368 674 450 718 sed
472 681 623 718 tamen
645 687 735 716 non
759 671 938 715 videtur
959 670 1048 714 illis
1068 669 1286 726 prolixius
1308 675 1490 725 tempus
1519 667 1576 710 ad
1604 669 1691 710 hoc
1722 681 1825 710 con·

195 752 469 796 cedendum:
495 758 565 794 sat
590 750 772 793 videtur
798 749 896 792 fore
921 747 959 791 si
986 747 1223 790 dimidium
1251 747 1551 802 quadrantem
1590 737 1731 789 horae
1770 744 1835 787 illi

197 828 391 872 orationi
413 829 538 880 dent,
563 828 666 884 plus
687 826 854 870 minus.

286 905 419 949 Fiant
456 905 514 948 ad
548 904 874 949 celebrandum
910 916 1078 959 paruae
1113 901 1330 944 candelae
1366 899 1506 954 domi,
1537 908 1690 956 empta
1727 914 1835 942 cera

196 982 452 1035 commoda,
478 989 524 1026 et
545 979 750 1024 adhibito
770 979 941 1041 liclmio
961 993 1105 1036 paruo
1125 992 1183 1021 ex
1199 978 1277 1021 filo
1299 976 1575 1020 bombicino:
1594 976 1834 1021 docebitur

197 1058 361 1114 aliquis
382 1057 677 1110 domesticus,
703 1056 781 1112 qui
801 1055 916 1100 sciat
937 1055 1037 1099 illas
1054 1069 1230 1111 parare.
1471 1107 1476 1110 ²

286 1134 646 1191 Trans'primam
667 1133 850 1178 ianuam
871 1132 1024 1177 sacelli
1046 1133 1103 1176 ad
1124 1132 1273 1175 leuam
1306 1132 1386 1174 fiat
1414 1130 1730 1187 repositorium
1753 1146 1834 1173 va-

195 1226 369 1265 sorum,
400 1211 565 1268 quibus
593 1225 711 1267 aqua
739 1218 786 1254 et
811 1210 968 1253 vinum
996 1223 1078 1266 pro
1105 1209 1255 1252 missis
1282 1215 1548 1265 reponatur,
1580 1222 1639 1251 ne
1666 1207 1725 1250 sit
1753 1222 1835 1251 ne-

197 1303 379 1334 cessum
400 1303 540 1345 super
561 1275 747 1333 scamna
773 1287 927 1331 saceUi
952 1288 1120 1331 habere
1147 1286 1223 1329 illa
1254 1301 1379 1338 vasa,
1405 1286 1526 1328 vnde
1556 1286 1608 1328 fit
1637 1293 1687 1328 vt
1724 1286 1836 1329 fiant

198 1365 379 1411 madida
399 1374 445 1410 et
466 1365 716 1408 immunda.
1059 1371 1062 1373 ’

283 1443 464 1487 Nostris
499 1443 690 1485 infirmis
727 1443 860 1486 detur
896 1441 1079 1498 quidem
1117 1440 1332 1491 viaticum
1365 1440 1638 1484 sanctissimi
1675 1454 1831 1483 sacra-

196 1520 353 1574 menti3
372 1527 419 1570 et
439 1522 527 1563 hoc
548 1519 748 1575 quidem,
769 1534 873 1562 cum
892 1518 1150 1563 necessario
1166 1519 1316 1570 detur,
1337 1525 1487 1574 potest
1503 1517 1640 1561 etiam
1656 1517 1770 1569 dari,
1791 1517 1830 1560 si

196 1611 270 1642 res
290 1597 355 1640 ita
374 1605 527 1654 cogat,
552 1611 645 1640 non
667 1596 835 1649 ieiuno;
861 1597 943 1640 sed
963 1603 1203 1652 propterea
1219 1610 1312 1639 non
1329 1596 1567 1638 omittatur
1582 1594 1680 1638 dari
1703 1609 1832 1638 sacra

195 1673 413 1732 synnaxis
433 1675 595 1718 saltem
617 1681 782 1717 octauo
803 1687 988 1729 quoque
1010 1673 1083 1718 die
1103 1672 1231 1730 ipsis.
1257 1674 1314 1716 Et
1335 1673 1382 1715 in
1411 1675 1496 1716 hac
1523 1679 1678 1717 tamen
1707 1686 1834 1715 com-

195 1751 414 1795 munione
434 1751 774 1796 obseruandum
802 1750 904 1804 erit,
937 1758 987 1793 ut
1013 1749 1154 1794 ieiuni
1177 1749 1518 1794 communicent
1556 1752 1585 1802 ¹,
1611 1751 1734 1805 quod
1764 1751 1829 1792 fa-

195 1828 283 1875 cile
302 1829 382 1874 fiet
397 1828 436 1872 si
457 1829 531 1873 die
551 1827 796 1880 dominico,
821 1842 913 1884 quo
934 1827 1008 1872 die
1029 1834 1100 1872 est
1116 1827 1563 1881 communicandum,
1583 1827 1676 1870 sint
1692 1827 1833 1871 ieiuni

196 1913 299 1962 post
319 1905 513 1950 mediam
536 1913 734 1959 noctem,
760 1913 806 1950 et
826 1905 941 1949 nihil
963 1912 1147 1948 sumant
1175 1914 1282 1949 ante
1309 1904 1648 1948 sanctissimum
1678 1918 1831 1948 sacra—

172 1981 413 2034 ‘mentum.
441 1984 598 2039 Itaque
619 1983 693 2027 vel
714 1985 825 2026 hora
849 1996 891 2037 3,
912 1983 984 2026 vel
1005 1995 1051 2036 4,
1077 1982 1151 2027 vel
1179 1981 1366 2026 omnino
1394 1990 1500 2038 post
1528 1982 1725 2027 mediam
1755 1997 1832 2025 no-

194 2067 331 2112 ctem,
355 2059 395 2103 si
414 2059 507 2103 sint
527 2059 685 2112 ieiuni,
709 2059 820 2102 illud
843 2066 1035 2115 possunt
1057 2060 1294 2103 commode
1315 2073 1551 2104 sumere...
1671 2114 1677 2120 .

283 2134 606 2180 Nunciandum
627 2143 696 2179 est
718 2135 1013 2179 franciscanis
1034 2136 1093 2179 de
1113 2135 1230 2178 libro
1251 2135 1409 2180 Sancti
1431 2135 1660 2191 Quintini.

285 2212 501 2256 Officium
524 2213 573 2256 B.
599 2212 771 2256 Mariae
796 2213 966 2256 debent
994 2212 1186 2257 recitare
1222 2212 1367 2256 nostri
1405 2228 1461 2257 ex
1489 2213 1832 2256 constitutioni-

193 2290 298 2342 bus,
321 2289 409 2333 nisi
429 2289 658 2332 videbitur
683 2289 899 2334 maiorem
923 2290 1121 2332 fructum
1151 2304 1284 2346 posse
1311 2289 1519 2346 accipere
1551 2306 1608 2334 ex
1638 2290 1833 2334 medita-

196 2365 319 2411 tione
342 2367 415 2410 uel
435 2381 491 2410 ex
514 2366 779 2410 recitatione
803 2366 1006 2410 fortassis
1027 2366 1213 2410 alterius
1239 2367 1473 2419 orationis,
1499 2369 1623 2422 quod
1656 2368 1832 2410 iudica-

194 2442 263 2486 bit
282 2444 541 2500 praefectus
563 2443 780 2488 orationis
802 2451 847 2488 et
869 2454 1033 2488 rector.
1062 2444 1287 2489 Breuiter:
1318 2447 1404 2488 hac
1437 2445 1483 2487 in
1513 2460 1560 2488 re
1589 2443 1832 2489 seruentur

194 2519 546 2565 constitutiones
569 2521 602 2563 ².

269 2659 281 2680 ¹
329 2657 439 2693 Haec
456 2657 635 2704 intellige
652 2657 702 2693 de
720 2657 885 2694 infirmis
903 2669 981 2694 non
997 2659 1111 2705 gravi
1128 2671 1200 2695 seu
1218 2660 1439 2707 periculoso
1461 2660 1595 2694 morbo
1623 2658 1833 2694 laboranti-

197 2719 288 2763 bus;
305 2730 396 2756 nam
413 2719 462 2755 de
479 2720 556 2766 his,
574 2719 790 2756 secundum
807 2731 1055 2756 communem
1078 2726 1119 2756 et
1139 2733 1273 2756 veram
1291 2722 1542 2766 sententiam,
1560 2726 1602 2756 ut
1627 2720 1681 2755 ait
1700 2721 1746 2755 S.
1769 2719 1832 2754 Li-

177 2777 342 2825 ·gorius,
361 2779 512 2815 nullum
529 2779 692 2815 dubium
709 2779 805 2827 quin
818 2780 975 2827 saepius
994 2780 1034 2815 in
1052 2780 1191 2816 eodem
1209 2782 1345 2816 morbo
1364 2781 1486 2827 possit
1500 2791 1577 2815 non
1591 2779 1737 2825 jejunis
1753 2779 1832 2814 via·

195 2836 317 2874 ticum
342 2837 617 2874 administrari.
642 2837 705 2875 Cf.
731 2838 773 2875 S.
805 2839 1071 2876 ALPHONSUM
1095 2848 1152 2875 DE
1181 2840 1372 2882 LIGORIO,
1400 2839 1615 2886 Theologia
1645 2839 1830 2880 moralis,

190 2895 327 2935 Tract.
344 2896 395 2933 de
411 2897 670 2942 Eucharistia,
688 2909 727 2933 n.
747 2897 832 2943 285.

265 2958 281 2979 ³
329 2955 392 2993 Cf.
414 2955 728 2993 constitutiones
742 2957 828 2995 Soc.
839 2957 941 3004 jesu
954 2958 1026 2994 lat.
1046 2962 1084 2994 et
1100 2959 1220 3004 hisp„
1239 2959 1355 2994 Parte
1375 2959 1424 3002 V,
1446 2969 1531 3004 cap.
1560 2958 1629 3002 IV,
1654 2957 1755 2993 decl.
1782 2959 1828 2992 B.

192 3014 338 3059 ,Postea
355 3026 451 3051 vero
467 3016 721 3062 congregatio
732 3017 930 3062 generalis
946 3023 1098 3064 quarta,
1112 3017 1270 3054 decreto
1286 3027 1319 3063 5,
1338 3017 1475 3053 statuit
1487 3018 1621 3052 horam
1637 3017 1829 3062 integram

191 3073 398 3120 orationis,
416 3079 570 3121 praeter
588 3079 743 3122 tempus
761 3076 964 3123 utriusque
982 3076 1187 3123 examinis,
1208 3089 1230 3112 a
1253 3077 1296 3113 S.
1316 3077 1524 3112 Francisco
1543 3076 1699 3121 Borgia‚
1720 3075 1830 3111 iuxta
