2098 3470
744 224 1250 266 Amnvnnsionsss-tss
1694 225 1766 262 623

267 334 329 377 Ut
345 331 571 376 scribatur
589 330 776 374 historia
791 328 1073 374 fundationis
1089 327 1403 385 collegiorum.
1424 327 1662 372 Scribatur
1682 342 1813 384 prae-

177 418 302 454 terea
327 409 580 466 chronicon
617 407 875 454 Societatis.
906 407 982 451 Ad
1008 407 1123 451 haec
1160 406 1399 462 catalogus
1433 405 1739 461 professorum
1767 413 1814 449 et

176 486 493 532 coadiutorum
517 487 830 539 formatorum,
854 483 1064 541 apposito
1092 482 1166 527 die
1193 490 1239 527 et
1259 497 1396 526 anno.

269 563 447 607 Poterit
462 577 520 606 ex
537 562 823 606 examinibus
838 561 1123 604 visitatorum
1141 568 1160 585 ²
1176 558 1339 603 confici
1357 560 1595 618 catalogus
1613 560 1814 603 omnium

182 643 370 685 Patrum
392 647 439 683 et
460 641 650 683 fratrum
674 638 968 695 collegiorum
990 637 1112 680 illius
1134 621 1367 693 temporis.

271 716 448 761 Poterit
468 732 525 760 ex
546 731 704 760 eorum
721 715 741 742 ¹²
757 715 975 759 relatione
991 721 1038 758 et
1059 713 1241 770 scriptis
1258 713 1414 770 colligi
1430 720 1578 756 status
1595 714 1815 771 collegio-

183 809 303 847 rum,
327 794 437 850 quid
459 795 728 846 curandum,
754 793 863 849 quid
885 791 1157 844 cauendum,
1183 790 1293 846 quid
1320 791 1567 847 agendum,
1587 791 1817 846 quomodo

183 871 534 928 gubernandum
557 870 755 926 quoduis
776 869 1019 926 collegium
1041 869 1114 912 sit.
1173 864 1178 868 ’

270 947 373 992 Sint
396 947 526 990 multi
549 947 594 990 in
618 947 868 1005 Societate,
883 946 960 1003 qui
977 959 1063 990 nec
1079 945 1170 989 sint
1193 952 1210 971 ⁰
1226 944 1503 998 scholastici,
1523 959 1608 990 nec
1630 945 1817 988 coadiu-

188 1031 328 1078 toreS,
354 1039 439 1069 nec
460 1024 655 1081 professi
675 1039 732 1067 ex
754 1031 893 1077 stam,
917 1037 1004 1067 nec
1031 1023 1287 1066 habeantur
1306 1020 1327 1047 ‘¹
1347 1037 1431 1078 pro
1453 1022 1655 1066 nouitiis.
1676 1024 1819 1066 Exer-

186 1101 367 1145 cebitur
387 1101 451 1145 ita
472 1101 738 1158 simplicitas
760 1108 806 1144 et
827 1100 1060 1144 humilitas
1081 1107 1342 1143 nostrorum
1365 1107 1397 1142 θ.

274 1179 437 1223 Solent
459 1178 760 1235 prouinciales
778 1185 824 1222 et
840 1185 1056 1230 rectores,
1075 1191 1157 1234 pro
1173 1190 1258 1219 suo
1275 1176 1469 1232 quisque
1484 1176 1688 1233 ingenio,
1709 1178 1819 1220 scri-

189 1257 300 1300 bere'
325 1256 382 1299 ad
410 1256 670 1312 generalem
709 1254 849 1308 uarie3
879 1255 1135 1311 exemplum
1164 1261 1234 1297 est
1272 1253 1501 1306 Canisius,
1527 1255 1742 1311 Lanoyus
1774 1262 1820 1298 et

187 1333 453 1377 Leonardus
472 1331 502 1386 f;
524 1339 632 1375 sunt
660 1331 934 1375 admonendi
963 1331 1346 1387 quemadmodum
1383 1331 1583 1376 debeant
1617 1331 1820 1376 scribere

187 1416 234 1452 et
265 1409 304 1452 si
331 1422 466 1464 quam
494 1409 664 1452 habent
700 1408 899 1465 phrasim
935 1408 984 1451 in
1021 1407 1262 1451 scribendo
1292 1409 1640 1461 emendandam,
1673 1423 1774 1452 eam
1806 1417 1824 1440 g

183 1486 428 1530 iubeantur
449 1487 708 1530 emendare.
743 1484 1034 1529 Admonendi
1061 1500 1119 1529 ne
1146 1483 1193 1527 in
1229 1485 1491 1528 alterutram
1521 1491 1697 1542 partem
1732 1485 1824 1528 sint

186 1562 329 1606 nimii:
349 1564 424 1606 vel
440 1562 673 1618 querulosi
691 1570 737 1605 et
753 1562 890 1614 anxii,
910 1563 983 1607 vel
999 1563 1193 1606 fidentes
1208 1568 1255 1605 et
1272 1562 1437 1605 securi.
1459 1562 1522 1606 Hi
1538 1563 1657 1606 laeta
1674 1562 1825 1606 omnia

187 1640 411 1684 scribunt:
436 1640 498 1683 illi
523 1641 616 1684 fere
639 1640 784 1684 tristia
805 1639 840 1682 ¹¹.

278 1717 638 1762 Accuratissime
661 1724 731 1762 est
762 1718 1073 1761 annotandum
1111 1733 1181 1771 ea,
1212 1732 1329 1774 quae
1365 1718 1563 1762 debeant
1597 1717 1750 1762 caueri
1780 1717 1825 1761 in

188 1794 386 1851 singulis
408 1794 614 1851 partibus
636 1794 895 1848 Societatis,
922 1794 1187 1851 praesertim
1215 1794 1261 1838 in
1290 1794 1489 1851 antiquis
1517 1795 1827 1851 superioribus

187 1878 236 1915 et
256 1870 536 1924 ministeriis;
563 1879 608 1916 et
630 1873 717 1914 hoc
738 1871 922 1927 quidem
945 1886 1002 1914 ex
1022 1871 1300 1928 experientia
1320 1871 1439 1915 sumi
1459 1879 1627 1929 potest,
1653 1887 1824 1929 suppo-

188 1947 277 1991 sita
298 1947 495 1991 insti-tuti
517 1948 836 2005 intelligentia.

278 2025 673 2068 Constitutionum
698 2026 927 2082 exemplar
950 2028 1002 2073 P.
1030 2026 1194 2083 Ignatii
1215 2034 1286 2069 est
1306 2027 1686 2080 confirmandum,
1718 2027 1826 2070 alio-

189 2101 286 2157 qui,
310 2101 358 2144 ni
380 2102 570 2158 probato
592 2116 646 2145 eo
668 2117 694 2144 a
716 2102 1092 2159 congregatione,
1117 2117 1208 2146 non
1230 2110 1301 2146 est
1321 2103 1436 2146 fides
1458 2110 1584 2148 certa
1606 2103 1631 2146 ἱ.

281 2179 348 2221 Ex
379 2178 479 2222 aliis
507 2178 711 2234 partibus
748 2179 1124 2232 constitutionum
1159 2186 1205 2222 et
1240 2180 1617 2232 declarationum,
1645 2189 1742 2223 turn
1772 2195 1828 2223 ex

192 2255 399 2299 examine
431 2264 477 2300 et
504 2255 699 2299 decretis
730 2256 1104 2312 congregationis
1125 2257 1367 2313 generalis,
1398 2257 1824 2309 consuetudinibus,

195 2331 532 2385 traditionibus,
558 2331 603 2375 in
625 2332 945 2393 compendium
967 2333 1240 2390 colligenda,
1266 2349 1384 2390 quae
1408 2335 1570 2391 legunt
1601 2333 1761 2376 nouitii
1784 2334 1829 2376 in

194 2407 339 2464 prima
359 2409 644 2465 probatione.
707 2442 711 2444 —
1566 2467 1570 2471 .

283 2485 354 2528 Ne
371 2485 667 2542 egrediantur
686 2487 822 2529 domo
850 2487 994 2530 nostri
1021 2488 1193 2543 absque
1220 2488 1364 2542 soci03
1392 2498 1609 2545 parentur
1648 2503 1756 2532 uero
1783 2488 1830 2530 in

194 2561 391 2618 singulis
411 2562 623 2605 domibus
645 2571 691 2607 et
712 2563 918 2620 collegiis
940 2564 1244 2619 probatissimi
1266 2566 1323 2608 ad
1346 2568 1432 2609 hoc
1456 2566 1755 2610 ministerium
1786 2573 1831 2609 et

197 2639 340 2681 multo
357 2638 703 2695 diligentissime
725 2640 1027 2684 instruantur:
1054 2641 1101 2683 hi
1125 2643 1323 2686 referent
1346 2644 1402 2685 ad
1426 2643 1703 2698 superiorem
1722 2642 1831 2698 quid

198 2715 344 2771 egerit
365 2715 536 2770 socius,
561 2724 651 2760 etc.

270 2867 288 2884 a
337 2857 596 2894 Emendatum
614 2869 636 2893 a
654 2859 745 2894 Nat.
765 2870 814 2894 ex
832 2859 930 2895 meis
948 2861 1212 2897 examinibus.
1265 2864 1331 2889 —b
1359 2861 1616 2897 Emendatum
1636 2873 1657 2896 a
1676 2862 1765 2898 Nat.
1784 2874 1832 2896 ex

200 2912 304 2951 mea.
355 2927 419 2945 —c
442 2921 538 2953 sunt
556 2929 628 2956 ms,
679 2920 746 2946 —d
770 2918 971 2954 habentur
988 2931 1060 2955 ms.
1112 2931 1176 2948 —e
1194 2921 1276 2958 Ult.
1298 2921 1320 2956 3
1338 2922 1458 2955 verba
1476 2920 1626 2955 addidit
1646 2921 1736 2956 Nat.

202 2975 215 3001 f
237 2975 319 3011 Ult.
332 2975 357 3010 6
371 2977 492 3012 verba
509 2976 717 3013 obliterata
731 2984 835 3015 sunt.
888 2989 952 3012 -g
979 2979 1237 3015 Emendatum
1252 2992 1273 3015 a
1289 2981 1376 3015 Nat.
1395 2981 1465 3014 hoc
1482 2980 1594 3014 verb.
1617 2991 1666 3014 ex
1683 2984 1737 3015 ut.
1790 3000 1834 3007 —-

202 3034 220 3059 h
236 3034 315 3069 Ult.
329 3043 374 3069 22
385 3035 506 3070 verba
517 3035 646 3071 addita
658 3042 749 3071 sunt
760 3048 781 3071 a
796 3037 873 3072 Nat
925 3039 980 3063 —i
1002 3038 1108 3073 Haec
1120 3040 1382 3085 paragraphus
1395 3049 1415 3072 a
1430 3038 1520 3074 Nat.
1537 3038 1743 3074 obliterata
1759 3046 1833 3075 est.
