2098 3470
326 245 397 282 368
799 249 955 287 PA’rms
982 252 1228 290 HIERONYMI
1255 252 1406 289 NADAL

277 348 397 391 enim
435 348 745 406 intelligentur
782 351 1086 406 difficultates,
1127 354 1287 406 dubia,
1329 354 1638 406 necessitates,
1670 354 1913 409 Vtilitates,

278 439 394 479 quae
427 426 483 468 ad
505 435 804 483 augmentum
826 429 1020 474 attinent
1044 437 1088 474 et
1111 431 1137 474 9
1160 430 1485 486 perfectionem
1509 431 1706 488 collegii,
1734 439 1916 488 praeter

277 516 345 553 ea,
372 516 488 557 quae
511 503 846 549 commissarius
867 506 1129 550 obseruabit
1151 514 1287 563 atque
1310 507 1658 552 animaduertet.

366 579 409 622 A
434 579 653 636 magistro
674 581 964 635 nouitiorum,
991 583 1026 625 si
1052 583 1255 627 fuerit'in
1284 584 1495 640 collegio,
1526 584 1695 628 similes
1722 584 1909 638 indices,

278 657 436 710 quales
464 656 660 701 diximus
688 659 941 716 exigendos
973 676 997 703 a
1028 667 1219 712 rectore,
1252 660 1494 717 exigentur
1515 662 1571 704 de
1594 661 1689 704 suis
1711 660 1911 705 nouitiis.

277 733 390 775 Illud
414 733 538 786 item,
565 735 673 790 quid
695 737 921 782 desideret
950 738 1045 793 ipse
1074 738 1119 780 in
1149 738 1284 781 domo
1313 738 1606 791 nouitiorum,
1633 738 1670 781 si
1697 738 1806 795 quid
1835 741 1914 784 ha-

277 809 383 852 beat
410 810 706 867 difficultatis,
737 814 775 857 si
803 814 910 869 quid
939 814 1080 866 dubii,
1114 814 1150 857 si
1178 815 1287 870 quid
1316 815 1602 859 necessitatis
1630 815 1843 871 patiatur,
1878 815 1916 860 si

277 887 385 942 quid
413 888 634 943 Vtilitatis,
668 893 741 934 vel
767 891 938 934 ordinis
967 892 1164 946 melioris
1191 891 1433 936 desideret.
1469 891 1684 936 Similiter
1711 892 1868 949 exiget
1893 908 1919 936 a

275 965 503 1019 praefecto
526 967 841 1028 conuictorum
864 970 936 1012 vel
959 976 1164 1025 regente,
1189 969 1226 1011 si
1249 970 1436 1012 domum
1459 970 1658 1012 habeant
1680 969 1915 1013 conuicto-

280 1057 380 1084 rum
403 1044 768 1099 gubernandam.

367 1119 533 1177 Exiget
554 1129 786 1177 praeterea
807 1138 833 1165 a
855 1130 1029 1166 rectore
1051 1122 1416 1166 informationem
1439 1122 1619 1178 quidem
1649 1122 1914 1166 historicam

278 1198 365 1240 sub
386 1198 656 1254 compendio
673 1199 730 1242 de
752 1199 1019 1242 fundatione
1041 1206 1086 1242 et
1108 1214 1354 1255 progressu
1378 1199 1576 1256 collegii,
1595 1206 1657 1254 et,
1679 1199 1716 1243 si
1734 1199 1917 1255 quidem

279 1274 402 1318 illam
426 1276 651 1319 dederunt
672 1275 760 1319 iam
783 1284 904 1328 ante,
925 1276 1033 1319 satis
1050 1275 1134 1319 erit
1151 1276 1188 1319 si
1205 1284 1309 1332 post
1326 1276 1437 1319 illud
1456 1283 1650 1332 tempus,
1673 1291 1763 1331 quo
1781 1277 1917 1320 deue-

280 1351 346 1394 nit
373 1351 448 1396 illa
471 1353 683 1405 narratio,
714 1353 914 1396 scribant
945 1352 1178 1396 historiam
1207 1353 1440 1409 sequentis
1472 1353 1684 1409 temporis
1715 1359 1777 1405 et,
1812 1367 1917 1397 cum

238 1451 241 1453 ·
277 1429 498 1485 superiori
521 1430 825 1482 coniunctam,
846 1431 954 1474 dent
977 1429 1299 1473 commissario.
1325 1430 1374 1474 Si
1392 1444 1499 1473 vero
1516 1431 1687 1473 nullam
1706 1430 1915 1474 dederint

279 1513 411 1549 antea
434 1506 815 1561 informationem,
841 1506 1071 1550 curabitur
1095 1506 1251 1549 haberi
1275 1505 1319 1551 10
1342 1506 1570 1563 integram
1594 1522 1619 1550 a
1649 1506 1918 1550 fundatione

279 1598 426 1639 vsque
449 1584 647 1640 collegii.
1084 1583 1086 1585 ’

369 1660 584 1717 Accipiat
600 1668 833 1718 praeterea
856 1677 881 1705 a
903 1670 1083 1705 rectore
1101 1661 1295 1706 indicem
1314 1661 1562 1715 redituum,
1582 1660 1657 1704 vel
1674 1661 1917 1712 bonorum,

279 1739 353 1783 vel
376 1738 705 1782 ordinariamm
727 1740 1134 1795 eleemosynarum,
1159 1754 1216 1783 ex
1238 1738 1419 1795 quibus,
1445 1738 1518 1782 vel
1540 1737 1587 1780 in
1609 1737 1820 1794 collegio,
1846 1737 1920 1779 vel

279 1815 327 1858 in
354 1817 490 1859 domo
512 1816 698 1860 viuitur.

367 1893 612 1950 Intelligat,
626 1893 663 1937 si
681 1908 816 1949 quam
834 1893 957 1936 litem
978 1894 1201 1938 forensem
1220 1893 1411 1949 agitent,
1428 1893 1501 1936 vel
1513 1891 1696 1935 omnino
1714 1890 1914 1946 aliquam

279 1970 683 2016 contradictionem
711 1972 781 2015 vel
812 1971 1171 2027 persecutionem
1201 1970 1397 2026 patiatur
1426 1969 1693 2024 collegium,
1731 1968 1803 2011 vel
1833 1967 1919 2011 do-

278 2062 395 2101 mus,
421 2048 494 2090 vel
516 2047 678 2103 aliquis
699 2061 756 2091 ex
777 2048 1054 2101 domesticis,
1075 2048 1148 2090 vel
1170 2047 1353 2091 omnino
1376 2045 1582 2091 Societas
1599 2044 1646 2087 in
1663 2059 1717 2088 eo
1735 2045 1853 2097 loco,
1874 2051 1921 2087 et

277 2124 316 2166 si
339 2124 448 2180 quid
471 2126 635 2167 horum
658 2124 917 2178 habuerint,
942 2126 1015 2169 vel
1037 2124 1315 2180 impendeat.

366 2201 532 2258 Exigat
554 2218 580 2246 a
602 2208 776 2245 rectore
797 2201 991 2245 indicem
1010 2216 1183 2254 eorum,
1215 2200 1292 2257 qui
1321 2207 1424 2256 post
1456 2199 1659 2243 Vltimam
1691 2197 1920 2242 visitatio-

275 2293 380 2322 nem
403 2286 511 2321 sunt
533 2278 715 2331 mortui,
740 2277 928 2330 dimissi,
953 2279 1026 2321 vel
1050 2278 1259 2321 abierunt
1282 2277 1458 2320 iniussi.

364 2357 476 2399 Item
495 2355 700 2399 ordinem
717 2354 1019 2398 distinctionis
1037 2357 1250 2397 horarum
1268 2361 1313 2398 et
1331 2354 1622 2406 ferculorum,
1637 2366 1753 2408 quae
1771 2352 1921 2395 solent

276 2446 460 2477 mensae
482 2432 647 2489 apponi
668 2431 844 2484 diebus,
870 2431 1035 2486 quibus
1063 2439 1132 2475 est
1160 2446 1269 2474 Vsus
1297 2430 1516 2482 carnium,
1548 2436 1593 2472 et
1623 2429 1789 2489 quibus
1824 2442 1918 2472 non

274 2516 360 2564 est,
386 2516 431 2554 et
451 2509 522 2562 iis,
548 2509 646 2553 siue
667 2508 885 2554 ieiunium
908 2509 981 2561 sit,
1006 2509 1079 2551 vel
1100 2508 1389 2560 abstinentia,
1416 2507 1513 2550 siue
1536 2521 1626 2550 non
1650 2506 1723 2549 sit.

368 2589 501 2630 Petat
523 2586 608 2630 sibi
630 2586 726 2629 dari
748 2586 1010 2641 catalogum
1033 2585 1061 2630 ΙΙ
1085 2584 1468 2629 consuetudinum
1492 2581 1847 2639 particularium,
1881 2581 1919 2625 si

211 2681 217 2686 ·
277 2679 391 2720 quas
418 2665 590 2708 habent
618 2663 664 2706 in
692 2662 900 2718 collegio,
932 2670 977 2706 et
1005 2662 1148 2719 possit
1171 2676 1420 2718 agnoscere
1450 2668 1616 2705 rector.
1652 2661 1749 2702 Has
1781 2658 1920 2703 etiam

275 2740 373 2797 ipse
394 2739 730 2784 commissarius
751 2738 991 2795 diligenter
1014 2739 1291 2792 obseruabit,
1316 2753 1395 2794 per
1416 2752 1480 2790 se,
1506 2752 1584 2793 per
1607 2736 1798 2789 socium,
1831 2748 1917 2791 per

278 2818 409 2862 alios.
1061 2875 1066 2880 ι

366 2896 509 2948 Haec,
531 2910 647 2950 quae
665 2895 785 2938 dicta
800 2902 922 2946 sunt,
944 2893 1219 2949 pedetentim
1242 2891 1396 2947 exigat
1418 2887 1770 2941 commissarius,
1791 2887 1919 2931 vnde

277 2973 470 3028 accipiet
495 2987 645 3015 rerum
671 2973 766 3016 fere
786 2971 1009 3022 omnium,
1035 2984 1153 3025 quae
1174 2969 1258 3012 sibi
1282 2968 1383 3012 vsui
1406 2982 1506 3012 esse
1528 2972 1743 3023 poterunt
1767 2964 1824 3007 ad
1847 2963 1921 3007 iu-

277 3050 478 3093 uandum
502 3049 764 3105 collegium,
779 3046 1156 3103 intelligentiam.

2080 2640 2084 2645 '
2080 2351 2098 2588 mun—‘nfssa—..ar
2090 2199 2098 2332 ..1..-.-r.

2045 3327 2093 3470 wssffi
2059 3091 2098 3314 tama-fflq
2071 2764 2098 3078 {sm
