2098 3470
63 3051 89 3075 '1'

829 263 1010 301 Nor-urm
1036 271 1226 300 comcuu
1747 272 1789 299 21

207 365 362 405 Natalis
381 378 519 405 mann:
541 365 643 405 «ιιΜ.ο
662 365 882 405 Polanco.»
901 365 996 404 Hae
1018 377 1141 414 porro
1166 364 1332 415 regulae
1356 365 1527 403 multum
1546 371 1780 404 contractae
1800 371 1842 404 et

208 443 388 476 mutatae
407 438 571 476 fuerunt
587 438 630 476 in
647 437 788 476 ultima
806 437 963 475 illarum
981 436 1275 486 recognitione.

287 518 352 548 22.
370 501 380 515 ‘
408 507 583 547 «Officio
604 508 671 547 del
689 508 940 557 procurador
959 507 1136 558 general.
1161 506 1349 557 Algunos
1373 512 1598 556 conceptos
1622 521 1648 557 y
1676 509 1734 546 las
1754 522 1839 549 res-

204 585 372 629 puestas
389 591 471 628 qne
490 579 540 619 N.
561 579 772 619 Padreme
791 579 948 618 orden6
962 579 1135 616 hiciesse
1149 578 1174 616 a
1188 583 1300 616 estos
1313 583 1465 626 puntos
1484 577 1621 629 (1564)
1643 580 1763 620 18-20
1773 582 1839 630 Ju-

205 650 298 689 lio.»
319 650 405 689 Sub
425 652 505 689 hoc
522 651 653 698 titulo,
672 650 713 688 in
738 660 786 697 19
804 650 922 697 foliis,
941 650 1026 688 duo
1046 649 1238 698 exempla
1257 648 1460 686 habentur
1479 650 1840 700 interrogationum

204 726 249 760 et
263 722 590 771 responsionum,
609 733 729 770 quae,
748 726 969 770 antequam
987 721 1127 759 ultima
1145 720 1297 770 regulis
1310 722 1584 768 procuratoris
1605 733 1750 760 manus
1771 724 1842 760 ad-

205 799 451 840 moveretur,
468 794 577 831 viam
595 793 649 831 ad
674 793 761 831 illas
780 792 1051 842 perficiendas
1080 797 1260 830 sternere
1285 796 1466 840 possent.
1499 791 1842 843 Interrogationes

206 865 440 913 propositae
458 865 620 902 fuerunt
633 876 658 902 a
676 864 794 902 Patre
812 863 991 914 generali
1010 863 1170 909 Lainio,
1184 868 1230 900 ut
1246 863 1375 910 liquet
1388 874 1444 899 ex
1463 864 1727 901 annotatione
1748 867 1842 903 anni

208 939 250 973 et
262 935 427 982 mensis,
445 935 558 973 initio
582 935 628 973 1.i
646 934 728 972 folii
748 935 894 983 posita,
914 945 1021 982 quae
1040 934 1094 971 ita
1113 933 1250 971 habet:
1273 933 1349 970 «18
1366 933 1470 981 Julii,
1496 933 1634 981 1564.»
1656 935 1843 986 Respon-

208 1005 345 1044 siones
364 1011 501 1044 autem
518 1018 543 1044 a
557 1017 739 1054 quonam
757 1006 879 1043 datae
892 1005 1052 1052 fuerint,
1067 1017 1151 1042 non
1167 1009 1339 1042 constat.
1356 1004 1395 1042 Is
1410 1010 1559 1051 autem,
1574 1006 1640 1042 vel
1659 1006 1699 1044 S.
1720 1006 1844 1044 Fran-

209 1077 344 1115 ciscus
364 1077 524 1127 Borgia,
543 1078 613 1126 qui
636 1082 735 1115 tunc
761 1077 917 1118 Romae
942 1076 1194 1123 versabatur,
1218 1076 1284 1113 vel
1305 1075 1348 1114 P.
1374 1072 1616 1114 Franciscus
1644 1077 1844 1124 Petrarca,

207 1147 274 1186 vel
288 1148 391 1186 forte
406 1147 450 1187 P.
465 1148 679 1195 Polancus‚
695 1148 936 1186 secretarius
951 1147 1177 1194 Societatis,
1192 1158 1283 1185 esse
1298 1147 1442 1196 potuit.
1458 1147 1542 1185 Ine.
1563 1148 1589 1186 f.
1607 1157 1641 1184 2:
1661 1148 1843 1186 «Acerca

209 1219 276 1257 del
295 1219 432 1257 officio
451 1219 519 1257 del
546 1219 903 1268 procurador.—1.
936 1219 978 1257 Si
998 1219 1050 1256 ha
1069 1218 1123 1255 de
1154 1230 1220 1256 ser
1251 1218 1388 1256 officio
1418 1219 1556 1267 specie
1587 1219 1842 1258 distincto...»

208 1289 307 1329 Des.
326 1290 394 1329 fol.
414 1301 452 1338 4.
474 1307 536 1329 «...
557 1291 594 1328 el
613 1290 899 1340 usoreligioso
915 1289 968 1327 de
988 1294 1098 1327 otras
1117 1289 1331 1327 ordenes.»
1350 1289 1436 1328 Fol.
1456 1297 1510 1338 5r‚
1526 1290 1591 1328 hic
1611 1291 1749 1328 titulus
1768 1303 1843 1340 po-

207 1362 309 1400 situs
327 1367 401 1400 est:
423 1361 635 1412 «Algunos
649 1366 800 1411 puntos
827 1373 972 1399 acerca
1000 1361 1067 1398 del
1087 1361 1224 1398 officio
1244 1361 1297 1398 de
1321 1361 1612 1410 procurador.»
1640 1362 1783 1411 Supra,
1804 1364 1843 1399 in

207 1439 392 1472 extrema
412 1446 483 1472 ora
497 1434 671 1472 chartae:
690 1432 773 1471 «1.⁰
788 1433 841 1471 de
856 1432 970 1471 hen.⁰
985 1432 1297 1480 1565.—Dados
1311 1433 1335 1470 a
1351 1433 1402 1471 N.
1416 1433 1559 1471 Padre.
1577 1443 1613 1471 2.
1634 1433 1687 1471 de
1703 1434 1842 1472 hen.⁰»

209 1504 294 1543 Inc.
315 1505 492 1543 «Parece
518 1505 646 1543 hauet
669 1516 770 1558 gran
795 1504 1103 1542 necessidad...»
1131 1504 1228 1542 Des.
1257 1520 1318 1542 «...
1346 1515 1465 1542 cossa
1490 1505 1746 1553 importante.
1773 1506 1846 1542 Asi

209 1575 250 1614 lo
264 1575 421 1614 ordeno
435 1575 485 1614 N.
497 1575 628 1614 Padre
643 1587 688 1613 se
708 1575 916 1614 hiziesse.»
939 1575 1134 1627 Sequitur
1146 1587 1274 1613 unum
1289 1576 1430 1614 folium
1445 1587 1634 1622 vacuum,
1651 1582 1692 1614 et
1702 1583 1845 1625 postea

210 1647 366 1696 aliquot
382 1647 547 1698 regulae
567 1646 644 1686 sub
679 1648 758 1685 hoc
791 1647 919 1685 titulo:
952 1647 1188 1685 «Anadidas
1221 1647 1259 1685 al
1288 1647 1425 1685 officio
1455 1647 1522 1685 del
1554 1648 1841 1696 procurador.»

210 1718 297 1757 Fol.
323 1729 371 1758 10
388 1719 486 1756 item
503 1730 680 1756 vacuum
700 1724 774 1757 est.
802 1719 849 1756 In
876 1719 943 1757 fol.
983 1729 1050 1757 11r
1076 1724 1118 1756 et
1150 1729 1195 1757 12
1221 1719 1424 1757 habentur
1447 1720 1601 1757 monita
1629 1720 1844 1768 quaedam,

210 1789 288 1828 sub
312 1791 392 1828 hoc
423 1790 552 1828 titulo:
590 1789 746 1828 «Como
766 1802 811 1828 se
839 1791 892 1828 ha
912 1790 965 1828 de
991 1802 1090 1828 auer
1122 1790 1158 1828 el
1179 1791 1364 1840 superior
1387 1802 1467 1828 con
1493 1791 1530 1828 el
1554 1792 1842 1840 procurador.»

210 1861 371 1900 Eodem
389 1861 458 1900 fol.
477 1874 516 1900 v:
540 1861 696 1900 ‹Como
715 1873 761 1899 se
787 1863 840 1899 ha
859 1862 912 1900 de
944 1873 1044 1900 auer
1068 1862 1105 1900 el
1138 1862 1323 1911 superior
1349 1873 1428 1900 con
1458 1863 1519 1900 los
1552 1863 1842 1901 consultores.»

210 1931 297 1970 Fol.
322 1943 366 1983 13
394 1938 436 1971 et
464 1943 511 1980 14
535 1944 637 1982 pura
664 1939 887 1972 remanent.
921 1933 967 1970 In
993 1933 1035 1971 ff.
1075 1941 1215 1980 15r-19
1233 1938 1296 1971 est
1328 1933 1499 1971 alterum
1526 1939 1846 1982 transsumptum

210 2005 496 2052 quaestionum
529 2009 570 2042 et
600 2005 927 2053 responsionum,
955 2016 1062 2053 quae
1095 2005 1281 2053 superius
1306 2005 1519 2043 habentur.
1551 2005 1668 2043 Haec
1701 2017 1846 2043 monu-

211 2081 350 2114 menta
368 2087 392 2114 a
406 2075 578 2113 diversis
594 2075 765 2114 librariis
784 2082 879 2113 sunt
898 2082 1079 2114 exarata.
1100 2076 1247 2114 Manus
1267 2081 1404 2114 autem
1423 2076 1588 2114 Polanci
1606 2077 1672 2114 vel
1692 2077 1846 2114 Natalis

212 2146 268 2185 ibi
286 2159 371 2185 non
391 2152 601 2196 apparent.
621 2147 667 2184 In
687 2147 754 2185 fol.
781 2157 866 2193 19v.
888 2148 1054 2185 iteratur
1070 2147 1210 2185 titulus
1229 2147 1341 2185 initio
1361 2148 1530 2196 positus.
1721 2192 1732 2205 ε

294 2227 357 2269 23.
416 2218 591 2268 «Reglas
617 2218 684 2256 del
709 2219 961 2267 procurador
993 2218 1046 2256 de
1071 2219 1109 2256 la
1141 2230 1272 2257 casa.»
1311 2218 1498 2267 Quatuor
1522 2219 1734 2267 sequentia
1754 2219 1847 2256 folia

216 2290 425 2327 continent
443 2290 725 2339 apographum
744 2290 1002 2338 antiquarum
1020 2290 1250 2340 regularum
1278 2290 1553 2338 procuratoris
1574 2290 1734 2336 domus,
1754 2302 1846 2328 cum

213 2360 419 2398 nonnullis
437 2360 794 2398 emendationibus
814 2362 1078 2410 autographis
1098 2361 1226 2399 Patris
1246 2361 1414 2398 Natalis.
1435 2361 1554 2399 Plura
1575 2373 1630 2398 ex
1650 2362 1762 2398 hisce
1784 2373 1847 2398 re-

214 2431 319 2481 gulis
337 2431 632 2469 recentioribus
651 2432 801 2469 inserta
821 2438 927 2478 sunt,
947 2432 1061 2480 plura
1077 2432 1215 2470 addita
1234 2432 1300 2469 vel
1321 2433 1360 2469 in
1381 2432 1583 2470 diversam
1599 2432 1768 2469 formam
1784 2444 1846 2469 re-

214 2501 347 2540 dacta.
366 2502 450 2540 Ine.
470 2502 542 2540 «El
557 2503 694 2541 officio
709 2503 776 2540 del
791 2503 1042 2552 procurador
1061 2515 1106 2541 se
1125 2503 1262 2552 puede
1282 2514 1543 2552 conoscer...»
1566 2503 1662 2541 Des.
1687 2519 1747 2540 «...
1764 2503 1846 2540 dis-

215 2583 389 2622 pensero
407 2585 435 2622 y
455 2574 734 2622 comprador.»

298 2653 361 2692 24.
421 2644 749 2683 «Annotationes
782 2651 823 2683 et
856 2645 1153 2684 declarationes
1189 2647 1422 2697 regularum
1454 2646 1627 2693 aliquot,
1664 2651 1848 2693 tempore

217 2713 260 2753 P.
278 2715 444 2753 Hosfaei
463 2716 609 2763 factae,
628 2727 760 2764 usque
785 2716 838 2754 ad
864 2728 1016 2755 annum
1055 2717 1191 2764 1588.»
1228 2718 1323 2755 Duo
1356 2718 1396 2755 in
1424 2717 1502 2754 hoc
1534 2716 1649 2754 titulo
1670 2716 1848 2753 animad-

217 2786 425 2823 vertenda:
450 2787 637 2835 primurn,
656 2799 739 2824 non
760 2787 893 2825 solum
911 2793 1096 2836 tempore
1116 2788 1159 2826 P.
1179 2788 1359 2834 Hoffaei,
1385 2788 1458 2825 sed
1479 2787 1531 2825 ab
1561 2787 1650 2835 ipso
1680 2787 1722 2824 P.
1744 2787 1848 2824 Hof-

217 2856 321 2903 faeo,
340 2857 502 2905 propria
529 2869 665 2904 manu,
693 2863 882 2896 exaratas
910 2859 1035 2896 fuisse
1068 2860 1140 2897 has
1174 2860 1470 2896 annotationes.
1500 2857 1747 2903 Secundum,
1767 2870 1849 2894 non

219 2927 351 2965 solum
370 2928 423 2965 ad
443 2939 594 2966 annum
618 2939 749 2976 usque
788 2929 886 2976 1588
907 2941 976 2967 eas
1009 2931 1251 2980 pertingere,
1285 2941 1427 2967 verum
1455 2930 1507 2967 ad
1536 2941 1686 2966 annum
1720 2940 1850 2976 usque

225 3006 339 3050 1597,
361 3004 406 3037 ut
424 2999 464 3036 in
496 2999 618 3037 variis
649 3001 856 3048 responsis
875 3000 930 3038 ibi
956 3002 1174 3048 annotatis,
1201 3012 1307 3048 quae
1327 3000 1566 3048 quidem-ad
1588 3011 1718 3037 annos
1740 3008 1850 3046 1590,

226 3077 337 3117 1595,
362 3070 463 3117 1596
481 3075 523 3108 et
546 3078 644 3119 1597
670 3077 868 3119 spectant,
901 3071 1018 3109 facile
1050 3077 1231 3120 apparet-
1264 3072 1366 3109 Sunt
1399 3076 1535 3109 autem
1568 3070 1851 3108 annotationes
