2098 3470
0 724 34 798 *δὲ
0 623 34 713 ἔπη

0 471 8 483 Β

0 488 10 507 ’γ’
27 494 30 496 ν

0 510 16 527 ²⁸.

3 530 22 551 t.

0 559 37 608 *5ss

14 610 26 620 ⁴.

783 263 1216 305 Insrnncnouks·6t
1698 262 1768 309 453

270 373 485 427 Quantus·
505 385 562 415 ex
583 369 820 414 vocatione
841 377 887 414 et
907 367 1053 426 ipsius
1075 366 1240 424 gratia.

273 449 487 504 Quantus
507 462 565 492 ex
585 445 812 504 praesenti
834 444 1107 490 obedientia.

272 526 487 581 Quantus
505 539 562 568 ex
589 523 844 568 humilitate
869 529 1031 567 status:
1062 536 1166 566 nam
1195 522 1316 577 quod
1344 520 1419 565 alii
1448 534 1626 564 summo
1659 519 1812 562 studio

179 601 260 645 vix
286 608 608 658 assequuntur,
638 608 689 644 vt
715 599 998 651 occasionem
1025 600 1222 643 habeant
1249 596 1596 650 humiliationis,
1628 597 1715 640 illis
1743 603 1813 640 est

182 685 403 735 perpetuo
424 691 709 730 concessum,
729 678 807 732 ita,
827 676 866 720 si
882 676 1114 734 paululum
1133 675 1411 727 annitantur,
1430 689 1535 718 curn
1553 674 1701 731 gratia
1716 675 1811 716 Do-

184 754 295 804 mini
330 769 548 812 magnum
577 755 811 798 habebunt
838 752 1023 810 spiritus
1050 759 1340 809 prouentum,
1378 758 1426 794 vt
1464 758 1534 796 est
1564 751 1809 793 multorum

179 832 439 888 exemplum
462 830 510 874 in
531 829 629 874 aliis
652 829 962 887 religionibus,
994 828 1256 872 nominatim
1285 828 1332 871 in
1360 829 1412 873 S.
1442 829 1479 871 F
1482 827 1690 879 rancisci,
1725 841 1809 869 nec

180 907 229 951 in
250 915 405 951 nostra
424 908 607 952 desunt.

270 987 533 1029 Doceantur
560 992 759 1040 quantus
786 985 963 1028 fruetus
990 983 1077 1027 illis
1106 982 1362 1040 proueniat,
1391 983 1515 1038 quod
1543 997 1627 1025 suo
1656 982 1810 1025 labore

180 1061 435 1106 extrinseco
455 1061 617 1106 iuuent
637 1061 826 1114 animaS‚
850 1061 973 1117 quod
999 1059 1075 1104 alii
1102 1068 1170 1104 tot
1196 1068 1242 1104 et
1268 1059 1528 1103 intrinsecis
1561 1067 1608 1102 et
1636 1058 1810 1103 extrin-

182 1138 299 1183 secis
314 1152 452 1196 aegre
466 1145 786 1194 assequuntur.
812 1140 976 1182 quant
992 1137 1112 1182 enim
1128 1137 1301 1180 animas
1316 1136 1418 1193 ipsi,
1438 1135 1810 1192 quandoquidem

182 1215 432 1260 ministerio
454 1230 609 1260 eorum
632 1216 699 1268 fit,
724 1224 773 1258 vt
795 1215 869 1258 alii
890 1215 1167 1272 operamrvel
1190 1221 1349 1267 totam,
1373 1214 1446 1257 vel
1470 1213 1683 1257 maiorem
1705 1226 1809 1269 pos-

178 1292 274 1336 sint
293 1292 532 1336 animabus
553 1291 764 1335 iuuandis
786 1292 1062 1349 impendere.

269 1372 342 1416 218
371 1371 638 1412 Doceantur
664 1376 885 1424 quantum
912 1369 1081 1414 habere
1106 1375 1298 1425 possunt
1330 1368 1544 1419 fructum,
1581 1367 1618 1411 si
1651 1381 1810 1423 parum

38 1440 42 1441 ⁷
111 1461 114 1463 ’
178 1445 417 1490 attendant
433 1445 801 1493 exmeditatione
817 1445 1049 1498 continua,
1068 1459 1203 1501 quam
1220 1459 1276 1488 ex
1293 1446 1446 1495 rebus,
1462 1459 1575 1500 quas
1593 1450 1806 1496 tractant,

181 1530 371 1580 possunt
391 1523 629 1566 desumere
650 1522 696 1565 in
724 1522 925 1575 Christo;
958 1522 1104 1578 qualis
1130 1530 1216 1575 est,
1246 1522 1284 1564 si
1318 1522 1524 1578 cogitent
1546 1521 1593 1564 in
1616 1521 1810 1577 collegio

182 1599 387 1644 habitare
409 1599 643 1643 Christum
665 1614 768 1642 cum
792 1599 1025 1655 discipulis
1047 1600 1157 1652 suis,
1181 1599 1260 1656 qui
1279 1606 1551 1643 exercentur
1571 1599 1618 1642 in
1647 1598 1811 1655 spiritu

180 1684 227 1722 et
247 1676 404 1730 literis,
427 1683 479 1720 vt
499 1676 739 1719 mittantur
758 1677 817 1720 ad
834 1677 1188 1735 praedicandum
1210 1676 1325 1731 orbi,
1349 1675 1437 1719 illis
1458 1690 1508 1720 se
1535 1675 1807 1727 ministrare,

176 1753 340 1797 imitati
362 1755 606 1808 Martham;
632 1761 678 1797 et
705 1753 743 1797 si
771 1754 880 1809 quid
906 1754 1082 1797 accidat
1102 1753 1402 1797 solicitudinis
1424 1754 1495 1796 vel
1518 1753 1808 1805 turbationis,

177 1830 291 1874 nihil
310 1830 629 1875 vehementius
656 1831 933 1875 commoueri
964 1831 1148 1884 debent3
1184 1845 1276 1874 non
1307 1830 1426 1874 enirn
1455 1839 1474 1856 ²
1496 1829 1810 1874 solicitudines

176 1908 449 1953 damnantur
469 1907 515 1950 in
539 1909 734 1961 Martha,
752 1909 835 1953 sed
850 1908 980 1963 quasi
997 1907 1267 1952 coniunctae
1283 1921 1388 1951 cum
1405 1915 1529 1951 statu
1547 1915 1808 1952 narrantur.

174 1983 294 2028 Illud
314 1983 456 2042 igitur
476 1985 723 2041 agendum,
748 1985 872 2040 quod
893 1985 1053 2029 eodem
1074 1985 1175 2027 loco
1196 1984 1348 2028 doceri
1370 1984 1684 2041 intelligimus,
1710 1998 1811 2028 esse

177 2052 544 2117 coniungendam
567 2060 758 2104 Mariam
781 2075 885 2104 cum
917 2061 1112 2114 Martha,
1143 2069 1193 2103 vt
1218 2061 1322 2105 illae
1349 2075 1407 2104 ne
1435 2068 1631 2106 noceant
1661 2061 1810 2104 solici-

176 2137 374 2181 tudines.

265 2215 338 2268 Et,
362 2221 410 2257 vt
432 2215 702 2271 compendio
731 2215 895 2267 dicam,
932 2215 1198 2260 instituendi
1230 2223 1355 2268 sunt,
1390 2223 1439 2258 vt
1470 2231 1519 2259 se
1551 2215 1811 2260 existiment

174 2290 468 2347 spiritualiter
495 2290 668 2344 viuere,
698 2280 990 2347 spiritualiter
1018 2291 1184 2336 faciant
1205 2291 1281 2335 ina
1307 2291 1524 2337 exercitia
1545 2291 1591 2335 in
1624 2292 1811 2335 Christo

176 2373 227 2410 et
245 2367 395 2424 gratia
415 2381 528 2412 suae
548 2367 816 2412 vocationis.
844 2359 847 2360 ⁷

266 2444 491 2488 Historias
528 2452 788 2488 sanctorum
818 2447 892 2491 vel
918 2447 1092 2503 legant,
1116 2440 1199 2490 'vel
1225 2451 1297 2494 219
1329 2447 1532 2500 audiant,
1572 2447 1654 2491 sed
1691 2446 1808 2489 sele-

177 2528 296 2582 ctas,
317 2528 364 2565 et
385 2522 442 2564 ad
463 2535 619 2566 eorum
642 2521 946 2576 vocationem,
971 2524 1122 2579 quoad
1149 2524 1248 2568 fieri
1275 2524 1455 2580 poterit,
1491 2522 1808 2566 accommoda-

177 2597 390 2651 tissimas;
415 2597 557 2642 libros
578 2598 686 2642 item
708 2599 865 2655 legant
891 2601 966 2644 vel
986 2600 1174 2644 audiant
1201 2601 1316 2657 pios,
1349 2601 1425 2656 qui
1455 2601 1634 2643 illorum
1665 2599 1808 2643 deuo-

178 2673 347 2718 tionem
369 2676 442 2720 vel
464 2675 681 2729 excitare,
703 2677 778 2721 vel
799 2691 1073 2722 conseruare
1094 2685 1140 2721 et
1161 2692 1332 2735 augere
1354 2677 1545 2734 possint.

266 2750 390 2794 Nihil
411 2751 620 2795 amittant
635 2753 922 2805 concionum,
943 2753 1205 2806 lectionum,
1225 2754 1608 2804 exhortationum,
1629 2766 1808 2795 recrea-

178 2825 352 2870 tionum
375 2827 757 2883 quotidianarum,
782 2830 854 2872 vel
884 2844 1057 2882 earum,
1088 2844 1204 2886 quae
1232 2830 1279 2872 in
1307 2830 1440 2874 vinea
1469 2830 1541 2873 vel
1570 2829 1705 2870 horto
1733 2841 1806 2870 ca-

179 2902 380 2958 piuntur,
410 2903 614 2947 similiter
634 2913 770 2960 atque
792 2906 883 2959 alii3
909 2907 1031 2962 quod
1051 2907 1130 2950 fiet
1153 2907 1297 2958 facile,
1323 2907 1375 2959 si,
1402 2906 1566 2961 quibus
1588 2904 1672 2960 ipsi
1702 2905 1808 2946 fun-—

249 3078 268 3095 a
316 3068 490 3116 Spatium
509 3081 672 3106 vacuum
692 3081 761 3117 pro
779 3081 856 3106 uno
874 3072 997 3108 verbo
1015 3072 1078 3107 hic
1096 3072 1275 3108 relictum
1294 3078 1354 3108 est
1373 3072 1412 3106 in
1431 3082 1502 3108 ms.
