2098 3470
0 0 14 15 ε·
26 0 214 29 rfssffifs=1245

0 1696 11 2063 -W—-rqu-wo—-w-wr
0 1634 13 1673 ηιμ-ν
0 1610 3 1622 -
0 1585 4 1596 v
0 1543 4 1567 ν-

793 242 1224 281 ΙΝετΩῠοτιοΝΒε-όι
1710 242 1778 288 567

185 346 242 390 lis
257 347 455 403 Laynez,
468 361 527 390 ne
545 346 693 390 taedio
709 338 979 396 afficiantur,
992 343 1071 400 qui
1087 343 1254 387 docent
1271 341 1318 385 in
1335 342 1558 386 classibus
1578 343 1705 386 latini
1724 331 1824 388 ser-

186 423 351 475 monis,
375 422 414 466 si
435 422 608 466 diutius
629 423 676 466 in
695 422 784 466 illis
805 421 1139 466 contineantur:
1165 427 1214 462 vt
1235 419 1408 463 scilicet
1430 433 1487 462 ex
1515 420 1718 472 nouitiis,
1744 420 1823 476 qui

186 499 464 544 absoluerint
487 499 776 552 nouitiatum,
800 498 1061 555 deligantur
1081 496 1160 553 qui
1181 496 1272 539 sint
1294 495 1445 540 idonei
1463 497 1519 539 ad
1543 497 1819 550 docendum,

186 577 258 620 vel
276 575 325 619 in
345 575 567 620 classibus
602 575 936 632 grammatices,
975 574 1048 616 vel
1070 574 1117 616 in
1153 574 1298 616 classe
1318 572 1640 616 humaniorum
1671 574 1821 618 litera-

179 667 300 710 rum,
325 653 396 696 vel
418 652 466 694 in
502 653 646 696 classe
682 652 818 696 etiam
855 650 1118 705 rhetorices,
1159 658 1208 692 vt
1229 648 1367 692 alicui
1402 648 1583 692 illarum
1606 651 1817 694 classium

179 729 395 787 praesint,
420 738 666 786 antequam
686 729 848 773 studiis
864 729 962 772 aliis
978 729 1088 772 dent
1109 741 1310 783 operam.
1329 726 1365 768 Ii
1382 726 1490 770 item
1508 735 1816 780 assumantur,

179 807 257 862 qui
277 806 428 850 studia
450 807 768 850 humaniorum
789 806 1021 850 literarum
1043 805 1116 847 vel
1141 804 1393 848 rhetorices
1409 807 1495 850 538
1513 805 1814 859 absoluerint,

176 891 420 940 antequam
458 884 771 940 philosophiae
798 884 907 926 dent
942 896 1147 939 operam3
1188 880 1454 937 praesertim
1483 881 1540 923 ad
1579 880 1817 926 inferiores

177 961 362 1014 classes,
385 961 560 1004 etiamsi
582 962 640 1004 ad
671 960 988 1007 humaniorum
1025 958 1256 1002 literarum
1290 956 1507 1002 destinari
1539 957 1730 1012 possint.
1758 960 1814 1000 Et

176 1044 329 1081 tamen
350 1051 582 1093 nunquam
604 1037 682 1092 qui
703 1036 865 1080 latinas
891 1035 1044 1079 literas
1065 1035 1112 1077 in
1140 1050 1232 1078 vno
1260 1033 1456 1090 collegio
1477 1033 1739 1086 didicerint,
1766 1035 1813 1077 in

174 1114 336 1159 eodem
360 1114 555 1170 collegio
576 1115 759 1158 easdem
781 1115 1231 1168 doceantzsspoterunt
1253 1112 1298 1154 in
1316 1111 1420 1154 alio.
1442 1112 1640 1154 Rursum
1663 1127 1719 1155 ex
1738 1112 1807 1163 iis,

175 1190 254 1246 qui
269 1191 420 1234 studia
437 1191 754 1247 philosophiae
770 1181 1066 1242 absoluerint,
1085 1189 1144 1232 ad
1160 1188 1445 1244 supradictas
1461 1188 1630 1231 classes
1644 1189 1812 1231 assumi

128 1295 138 1304 ·
174 1274 392 1324 poterunt
413 1275 445 1311 ².

262 1345 500 1389 Postremo
517 1359 574 1387 ex
591 1345 677 1396 his,
699 1345 777 1400 qui
799 1345 936 1389 finem
955 1342 1224 1400 theologicis
1247 1341 1560 1385 auditionibus
1583 1344 1808 1409 fecerunt,

172 1421 334 1466 eodem
363 1420 581 1465 destinari
608 1429 840 1477 poterunt,
871 1428 1114 1476 antequam
1143 1419 1190 1462 in
1222 1418 1522 1462 ministerium
1552 1419 1806 1474 mittantur,

171 1497 259 1540 nisi
279 1499 401 1553 quod
422 1512 479 1541 ex
500 1500 662 1541 horum
686 1513 876 1543 numero
896 1497 960 1540 illi
982 1497 1120 1542 eximi
1142 1501 1358 1553 poterunt
1387 1503 1432 1539 et
1454 1497 1705 1549 debebunt,
1732 1497 1809 1552 qui

172 1573 401 1631 insignem
424 1574 620 1630 aliquam
644 1575 842 1618 habeant
868 1574 1130 1618 facultatem
1158 1572 1476 1616 concionandi:
1499 1569 1808 1617 *continebun-

170 1652 245 1694 tu'r
266 1651 442 1695 veroin
463 1651 744 1707 professione
766 1653 928 1694 harum
949 1651 1179 1694 literarum
1202 1651 1260 1693 ad
1281 1665 1512 1693 summum
1535 1663 1563 1704 4
1585 1651 1716 1693 annis
1734 1652 1807 1695 vel

170 1726 316 1771 tribus
331 1742 436 1771 cum
452 1728 654 1781 dimidio,
674 1728 762 1771 nisi
778 1728 917 1784 aliqui
933 1728 1118 1780 fuerint,
1133 1742 1326 1783 quorum
1339 1727 1518 1770 animus
1535 1727 1594 1770 sit
1610 1742 1807 1784 propen—

169 1819 249 1848 sus
270 1805 327 1848 ad
348 1805 425 1849 illa
445 1806 612 1858 studia,
643 1814 688 1848 et
717 1806 910 1850 libenter
938 1806 984 1849 in
1012 1805 1099 1849 iuis
1126 1804 1349 1848 classibus
1371 1804 1596 1848 versaturi
1617 1805 1806 1848 videan-

169 1889 243 1925 tur
262 1882 499 1939 prolixius.
527 1884 607 1926 Est
630 1891 780 1927 tamen
805 1883 1261 1927 animaduertendum
1283 1896 1342 1926 ex
1365 1881 1555 1925 nouitiis
1571 1887 1654 1928 539
1677 1897 1804 1926 assu-

133 1963 136 1965 ’
167 1957 231 2001 rni
250 1958 403 2015 potius
423 1961 607 2013 debere,
633 1960 710 2015 qui
738 1960 1028 2004 inferioribus
1050 1959 1270 2003 classibus
1301 1959 1520 2015 praesint,
1552 1974 1609 2003 ex
1636 1960 1803 2015 quibus

166 2035 224 2078 ad
244 2036 501 2092 superiores
521 2038 716 2093 gradum
740 2037 920 2080 faciant.
944 2036 1123 2092 Reliqui
1145 2051 1273 2089 vero,
1297 2036 1383 2079 etsi
1404 2037 1616 2080 omnibus
1645 2038 1802 2080 classi-

165 2113 252 2156 bus
272 2113 448 2170 possint
469 2113 669 2169 praefici,
691 2122 842 2158 tamen
860 2113 1142 2170 frequentius
1158 2112 1290 2156 classi
1308 2113 1630 2156 humaniorum
1653 2114 1804 2158 litera-

166 2203 287 2242 rum,
313 2197 389 2232 vet
412 2189 660 2234 rhetorices
680 2190 1019 2247 praeficientur,
1043 2190 1081 2233 si
1103 2198 1148 2235 et
1165 2191 1382 2234 facultate
1400 2191 1581 2234 valeant
1598 2205 1653 2234 ex
1671 2193 1802 2234 theo-

173 2265 339 2323 logicis
360 2267 418 2309 ad
438 2281 623 2310 cursum
645 2267 808 2310 artium
830 2267 1202 2324 praelegendum.

253 2343 423 2400 Magna
443 2358 549 2386 cum
572 2341 797 2387 modestia
817 2359 868 2389 se
889 2352 1053 2400 gerant
1075 2345 1122 2387 in
1143 2344 1528 2401 disputationibus
1558 2345 1715 2397 nostri3
1741 2345 1799 2388 si-

164 2420 261 2463 mul
281 2434 494 2476 magnam
521 2420 769 2465 adhibeant
795 2405 1114 2477 disputationis
1140 2421 1431 2466 viuacitatem
1462 2429 1506 2465 et
1539 2421 1789 2465 veritatem.

162 2498 287 2541 Inter
308 2496 632 2553 disputandum
655 2512 781 2551 vero,
805 2497 1004 2543 externis
1025 2512 1130 2541 eum
1151 2499 1395 2542 verborum
1424 2500 1643 2542 honorem
1673 2499 1797 2542 defe-

162 2580 279 2626 rent,
303 2573 382 2630 qui
403 2573 490 2617 illis
512 2575 626 2618 solet
646 2574 804 2618 haberi
826 2575 872 2618 in
894 2574 1136 2619 academiis
1157 2575 1464 2632 generalibus;
1493 2584 1671 2618 nostros
1694 2574 1711 2599 ¹³
1734 2575 1796 2618 ita

161 2651 498 2707 compellandos
525 2658 542 2677 0
579 2651 795 2695 modestis
829 2651 1059 2708 epithetis,
1098 2659 1144 2695 et
1166 2667 1283 2708 quae
1320 2652 1557 2708 religiosos
1587 2652 1811 2695 homines*

160 2727 370 2780 deceant,
393 2728 621 2772 nouerint.
647 2729 739 2773 Sed
759 2729 817 2773 de
839 2728 911 2771 his
932 2728 1140 2784 superius
1163 2736 1232 2773 est
1253 2729 1424 2771 dictum
1443 2713 1595 2771 'fusius
1626 2730 1651 2770 ¹.

228 2873 247 2891 α
273 2910 275 2912 ¹
295 2864 444 2901 Ultima
467 2874 488 2910 5
513 2866 633 2901 verba
656 2865 852 2913 posterius
875 2864 1024 2902 addita.
1078 2867 1147 2893 —b
1172 2866 1303 2901 nostri
1328 2877 1398 2900 ms.
1451 2874 1515 2891 —c
1542 2864 1789 2911 compellan-

156 2923 203 2958 di
220 2933 294 2959 ms.

227 3049 239 3069 ¹
289 3048 351 3086 Cf.
370 3049 631 3086 Monumenta
649 3051 949 3100 Paedagogica,
970 3062 1086 3098 pagg.
1110 3052 1277 3097 116·119.
