2098 3470
356 269 402 306 30
931 270 1110 307 Norrrm
1138 280 1326 308 comcUM

308 373 393 410 da.»
420 373 502 410 Ine.
529 372 704 411 «Audito
725 373 856 422 primo
877 373 1056 424 signo...»
1087 374 1184 412 Des.
1221 391 1279 412 «...
1310 386 1432 422 quam
1461 376 1654 413 conuenit
1679 381 1933 425 expectare.»

308 443 394 481 Fol.
413 445 471 490 or,
498 445 563 481 hic
589 444 729 482 titulus
754 444 912 493 positus
937 449 1010 482 est:
1043 445 1128 483 «De
1148 445 1349 482 modestia
1368 446 1408 483 in
1428 446 1582 495 templo
1603 448 1836 486 seruanda.»
1867 448 1938 486 Se-

307 520 418 563 ptem
439 516 601 565 regulae
622 516 677 553 ibi
695 515 749 553 de
769 517 844 554 hac
865 516 1067 554 modestia
1082 517 1306 554 traduntur.
1325 517 1408 555 Ine.
1429 518 1725 567 «Ingrediendo
1740 517 1937 568 templum

306 586 457 624 defixis
473 587 664 624 oeulis...»
688 587 785 626 Des.
811 604 870 626 «...
891 571 1078 635 “Amen‚}
1098 593 1167 625 aut
1187 588 1284 635 quid
1306 587 1448 635 simile,
1470 600 1613 626 omnes
1633 590 1749 627 simul
1768 601 1937 638 respon-

305 658 441 696 deant.
450 676 463 690 »
489 658 575 696 Fol.
595 660 660 696 ov:
687 659 771 697 «De
791 660 993 701 modestia
1011 664 1196 708 tempore
1218 659 1479 698 collationis.»
1504 660 1589 698 Sub
1605 662 1684 699 hoe
1700 662 1829 708 titulo,
1845 667 1939 699 sunt

306 735 480 778 quatuor
498 731 662 780 regulae
681 735 852 769 tantum.
873 732 956 769 Ine.
982 731 1087 780 «Qui
1107 731 1260 768 habent
1280 731 1479 769 curam...»
1505 732 1600 770 Des.
1635 749 1693 771 e...
1719 733 1937 782 gratiarum

305 802 411 839 actio
431 802 483 839 sit
503 802 646 839 dicta.
672 802 831 840 Ibidem
852 803 917 841 hie
937 804 1076 840 titulus
1097 803 1289 850 sequitur:
1316 803 1473 840 «Mores
1493 804 1532 840 in
1552 815 1694 842 mensa
1709 804 1932 842 seruandi.»

306 873 388 910 Ine.
414 874 481 910 «In
502 874 724 911 refectione
743 886 842 924 ergo
863 875 1043 923 corporis
1064 873 1325 912 curabunt...»
1350 874 1448 912 Des.
1470 875 1537 912 fol.
1561 885 1604 924 7r
1627 892 1685 913 «1...
1706 887 1758 913 ne
1777 875 1936 913 auscul-

304 945 404 982 tatio
424 945 608 983 leetionis
630 946 905 994 impediatur.»
931 947 1090 984 Eodem
1111 945 1207 983 folio
1226 957 1358 984 verso:
1385 947 1469 983 «De
1490 947 1672 984 ministro
1698 944 1932 999 mens[a]e.»

304 1015 389 1053 Sub
417 1017 496 1054 hoc
525 1017 865 1072 titulomquinque
895 1022 1052 1055 tanturn
1082 1016 1245 1067 regulae
1271 1017 1482 1064 habentur,
1503 1029 1673 1065 quarum
1693 1017 1833 1055 ultima
1861 1018 1938 1055 alia

304 1099 426 1125 manu
446 1088 583 1126 addita
603 1093 677 1126 est.
699 1090 781 1126 Ine.
808 1089 911 1138 «Qui
932 1090 1111 1135 inseruit,
1131 1089 1276 1126 erectis
1297 1089 1532 1137 pedibus...»
1558 1090 1654 1127 Des.
1680 1106 1738 1127 «...
1759 1090 1799 1126 in
1819 1090 1935 1127 aliam
1990 1104 1992 1106 ’

302 1159 490 1208 reliquias
511 1159 730 1198 ciborum.»
763 1160 955 1208 Sequitur
978 1160 1132 1198 ibidem
1159 1159 1309 1198 titulus:
1341 1160 1426 1197 «De
1451 1172 1674 1198 sermone.»
1704 1161 1938 1209 Sequuntur

302 1231 482 1278 quinque
502 1232 677 1280 regulae.
700 1232 781 1269 Ine.
808 1223 964 1269 «Finita
984 1243 1186 1269 mensa...»
1211 1231 1307 1269 Des.
1330 1231 1396 1269 fol.
1418 1232 1472 1269 ὃτι
1506 1250 1562 1270 «...
1583 1231 1851 1280 praeferendo
1876 1232 1935 1269 fa-

303 1302 378 1340 cile
399 1303 452 1340 illi
474 1303 624 1340 cedat.›.
655 1303 816 1340 Ibidem
837 1304 1020 1351 sequitur
1039 1303 1191 1340 titulus:
1218 1303 1302 1340 «De
1322 1303 1522 1340 modestia
1543 1305 1583 1340 in
1603 1303 1728 1341 lusu.»
1754 1303 1831 1340 sub
1852 1315 1935 1351 quo

302 1378 476 1421 quatuor
508 1374 671 1423 regulae
706 1375 976 1422 reperiuntur.
1011 1375 1100 1412 Ine.
1141 1375 1302 1423 «Quum
1335 1375 1454 1412 ludus
1493 1375 1797 1413 conceditur...»
1837 1375 1933 1412 Des.

304 1461 362 1483 «...
381 1447 580 1482 rosarium
602 1450 643 1482 et
662 1446 760 1493 quid
782 1446 946 1484 simile.»
971 1446 1003 1483 F
1007 1446 1058 1484 ol.
1080 1446 1144 1492 ὃν,
1165 1446 1229 1483 hie
1249 1446 1389 1483 titulus
1410 1450 1584 1494 quatuor
1611 1446 1762 1496 regulis
1787 1446 1934 1494 praefi-

297 1517 414 1566 gitur:
442 1517 525 1553 «De
547 1517 747 1554 modestia
766 1517 807 1554 in
828 1517 964 1554 eundo
986 1517 1167 1565 cubitum
1188 1517 1422 1557 seruanda.»
1448 1518 1531 1555 Ine.
1557 1517 1762 1566 «Vesperi,
1778 1518 1934 1555 exami-

299 1599 350 1625 ne
370 1599 417 1626 ac
439 1589 621 1626 oratione
642 1588 841 1635 absoluta,
863 1606 921 1627 ...>›
942 1589 1038 1627 Des.
1064 1606 1122 1627 «...
1143 1588 1294 1636 aliquid
1321 1588 1417 1626 boni
1438 1590 1655 1638 cogitent.»
1681 1588 1935 1627 Clauduntur

298 1660 375 1696 hae
396 1671 539 1697 omnes
559 1659 724 1709 regulae
744 1660 784 1697 in
805 1660 884 1698 hoe
905 1660 1001 1698 folio
1023 1661 1087 1707 8v‚
1108 1660 1256 1708 quibus
1276 1660 1352 1697 alia
1372 1672 1496 1698 manu
1526 1659 1646 1711 (forte
1671 1660 1712 1698 P.
1739 1659 1933 1697 Theodo-

298 1731 370 1768 rici
392 1730 557 1781 Canisii)
587 1733 687 1769 haec
717 1731 869 1778 addita,
896 1743 972 1769 eeu
1002 1733 1162 1770 coronis
1185 1733 1379 1785 omnium,
1408 1743 1513 1779 quae
1532 1731 1796 1780 praecedunt:
1822 1731 1934 1768 «Hae

298 1803 462 1852 regulae
484 1804 588 1840 circa
609 1803 853 1852 principium
874 1804 1024 1841 mensis
1045 1803 1171 1841 semel
1190 1803 1436 1840 reducantur
1455 1804 1496 1841 in
1516 1803 1768 1850 memoriam,
1784 1807 1824 1839 et
1844 1814 1936 1840 eum

299 1875 444 1922 aliquis
465 1887 546 1921 eas,
567 1887 687 1912 vnam
708 1876 772 1912 vel
793 1876 941 1924 plures,
971 1876 1253 1924 deprehensus
1283 1875 1356 1912 fuit
1383 1875 1572 1921 violasse,
1602 1879 1697 1925 aget
1724 1876 1935 1924 poeniten-¹

298 1947 396 1983 tiam
415 1958 461 1984 ac
484 1947 603 1984 dicet:
625 1947 749 1984 “Mihi
769 1948 948 1985 iniuncta
968 1952 1031 1985 est
1049 1949 1150 1984 haee
1170 1958 1318 1995 poena,
1344 1947 1438 1994 quia
1464 1946 1572 1983 illam
1591 1946 1787 1996 regulam,
1813 1957 1935 1994 quam

298 2018 404 2068 lego,
425 2019 502 2055 hoc
523 2019 587 2055 vel
608 2019 674 2055 illo
695 2018 822 2056 modo
841 2023 1117 2068 transgressus
1137 2030 1289 2065 sum‚‚.›>

379 2090 498 2127 Num.
522 2100 556 2127 2.
613 2090 698 2127 Sub
724 2091 803 2127 hoe
829 2101 1012 2137 numero,
1041 2089 1213 2127 habetur
1241 2090 1521 2139 apographum
1552 2088 1656 2126 illius
1684 2088 1934 2134 documenti,

298 2162 411 2209 quod
432 2162 470 2198 in
492 2162 636 2199 codiee
651 2161 794 2200 Natal.
811 2162 929 2200 instr.
945 2161 1091 2207 Lusit„
1113 2161 1180 2199 fol.
1207 2161 1279 2198 18v
1296 2165 1337 2197 et
1358 2170 1435 2206 19r,
1450 2161 1659 2208 reperitur.
1675 2159 1837 2197 Titulus
1857 2164 1930 2196 est:

302 2231 467 2269 ‹Orden
488 2233 540 2269 de
560 2233 598 2269 lo
620 2245 700 2280 que
721 2245 764 2270 se
785 2234 836 2270 ha
856 2233 908 2270 de
928 2233 1011 2270 leer
1029 2233 1052 2269 a
1078 2232 1115 2269 la
1134 2243 1258 2269 mesa.
1268 2249 1281 2263 >.
1313 2230 1547 2268 Concordat
1575 2242 1668 2268 curn
1694 2230 1760 2267 illo
1788 2241 1931 2267 exem-

297 2303 379 2351 plo,
395 2303 562 2352 dempta
578 2304 719 2341 ultima
735 2305 1004 2354 paragrapho,
1019 2304 1112 2341 huic
1129 2303 1284 2340 Natalis
1300 2314 1420 2339 manu
1436 2302 1585 2348 addita,
1601 2313 1707 2349 quae
1723 2302 1779 2338 sic
1795 2300 1932 2338 habet:

302 2375 409 2413 ‹Los
430 2375 517 2412 dias
538 2375 589 2412 de
610 2375 746 2412 fiestas
774 2376 978 2413 solemnes
1006 2388 1032 2424 y
1061 2374 1279 2423 apostoles,
1311 2385 1355 2410 se
1382 2374 1472 2410 lean
1500 2373 1517 2390 a
1547 2373 1708 2410 dellas.»
1742 2372 1934 2420 Sequitur

299 2459 425 2484 unum
447 2447 584 2484 folium
607 2459 794 2484 vacuum.
1953 2445 1955 2447 ’

377 2519 499 2556 Num.
532 2531 565 2568 3.
623 2519 944 2567 Quatuordeeim
974 2518 1078 2556 foliis
1107 2521 1284 2563 constat,
1313 2517 1352 2554 in
1382 2515 1530 2564 quibus
1558 2515 1731 2556 habetur
1757 2526 1930 2564 apogra-

296 2591 435 2638 phum,
466 2602 488 2627 a
517 2590 650 2627 Natali
679 2590 959 2638 frequentibus
987 2587 1318 2627 annotationibus
1348 2587 1622 2632 emendatum,
1651 2587 1929 2640 instructionis

294 2666 512 2708 rectorum,
533 2673 638 2709 quae
659 2666 723 2698 est
741 2662 780 2698 in
805 2660 899 2698 Cod.
932 2660 1052 2698 Vatic.
1079 2667 1113 2711 7,
1134 2671 1255 2709 pagg.
1277 2653 1402 2705 89-14
1409 2665 1441 2704 5.
1462 2658 1556 2695 Non
1572 2658 1739 2694 omnino
1755 2647 1926 2694 eoncor-

296 2733 367 2770 dat
387 2745 479 2770 eum
499 2733 580 2779 illo,
601 2733 674 2770 sed
695 2733 828 2780 aliqua
847 2737 1002 2770 mutata
1021 2732 1211 2769 videntur
1231 2730 1282 2768 ab
1302 2731 1392 2778 ipso
1412 2730 1452 2767 P.
1474 2728 1619 2766 Natali.
1641 2729 1724 2766 Ine.
1759 2728 1821 2765 «Si
1851 2728 1927 2764 du-

296 2805 399 2842 bitat
426 2810 560 2842 reetor
587 2817 637 2841 an
667 2816 688 2841 e
716 2805 987 2842 uoluntate...»
1021 2805 1117 2841 Des.
1153 2820 1211 2841 «...
1240 2802 1305 2839 uel
1333 2801 1443 2838 vnde
1472 2800 1697 2849 perieulum
1725 2800 1923 2837 timetur.»

296 2876 443 2913 Manus
463 2881 525 2912 est
545 2876 691 2913 librarii
712 2876 832 2913 nobis
852 2876 992 2925 ignoti.

376 2947 497 2985 Num.
518 2959 554 2994 4.
612 2947 696 2985 Sex
717 2947 811 2984 folia
831 2947 882 2984 ab
904 2946 1049 2984 eadem
1070 2957 1193 2983 manu
1208 2949 1374 2982 exarata
1389 2943 1684 2992 complectitur,
1699 2943 1739 2980 in
1753 2954 1925 2990 quorum

366 3105 384 3122 a
434 3093 612 3131 Obscure
631 3099 848 3129 exaratum.
