2098 3470
825 211 1255 261 lusrnucnonsss—or
1731 209 1803 254 367

300 315 473 360 Eodem
495 313 646 359 indice
667 320 941 370 exponetur:

300 393 537 448 Quantum
557 389 834 447 profecerint
854 389 901 433 in
922 389 1087 434 studiis
1107 396 1154 435 et
1175 389 1224 432 in
1246 388 1414 445 quibus
1435 388 1600 444 magis.
1633 388 1707 431 Ad
1730 402 1847 444 quae

206 468 361 513 studia
376 462 619 511 videantur
633 467 781 524 magis
802 466 971 512 idonei.
991 468 1121 523 Quas
1136 465 1357 511 lectiones
1377 465 1552 522 possint
1574 465 1778 521 profiteri
1799 464 1846 507 in

211 545 392 589 scholis.
427 541 555 602 'Quot
582 544 755 601 linguis
782 545 1029 599 loquantur
1057 551 1104 587 et
1131 557 1246 599 quas
1276 544 1410 588 bene.
1447 543 1844 598 Quemadmodum

207 621 356 666 sciant
377 622 590 666 scribere.
627 622 864 678 Quantum
895 621 1077 665 valeant
1108 619 1312 677 ingenio.
1347 620 1583 675 Quantum
1615 618 1842 662 memoria.

209 698 363 754 Quam
399 698 574 742 robusti
602 698 693 741 sint
719 711 926 754 corpore.
962 698 1114 753 Quam
1143 696 1387 754 diligentes
1414 695 1506 739 sint
1532 695 1579 738 in
1607 695 1770 739 studiis
1799 703 1844 740 et

205 774 387 830 officiis,
418 776 490 820 vel
516 774 802 827 obedientiis,
833 774 883 816 in
903 773 1071 830 quibus
1098 780 1354 826 versantur,
1379 779 1425 817 et
1452 772 1716 815 huiusmodi
1737 772 1840 829 alia,

205 851 337 908 siqua
358 858 615 895 occurrent.

295 928 499 972 Tertium
521 928 716 973 indicem
738 927 894 985 exiget
914 916 1083 981 rector,
1108 941 1200 983 quo
1223 927 1250 971 7
1273 926 1423 970 indice
1440 933 1709 983 exponetur,
1731 926 1840 982 quid

205 1005 374 1049 sentiat
395 1012 545 1050 rector
566 1006 622 1048 de
649 1018 942 1060 vnoquoque,
974 1011 1196 1061 quantum
1218 1001 1417 1060 potuerit
1439 1017 1496 1046 ex
1523 1018 1675 1047 rerum
1704 1018 1842 1059 expe-

204 1081 369 1127 rientia
389 1080 720 1140 [cognoscere],
745 1082 802 1125 de
822 1082 960 1125 rebus
988 1081 1179 1134 scilicet,
1204 1095 1321 1136 quae
1349 1081 1407 1124 ad
1428 1079 1638 1137 spiritum
1666 1087 1711 1124 et
1740 1080 1841 1124 reli-

202 1158 380 1216 giosam
403 1158 797 1202 conuersationem
819 1157 1098 1218 pertine[n]t,
1123 1166 1173 1201 vt
1195 1173 1330 1214 quam
1353 1158 1567 1210 deuotus,
1592 1171 1728 1212 quem
1748 1158 1840 1199 fru-

203 1242 329 1280 ctum
352 1235 399 1278 in
420 1235 624 1280 oratione
645 1235 796 1288 faciat,
821 1250 956 1291 quam
979 1235 1038 1278 sit
1059 1234 1294 1288 obediens,
1319 1249 1455 1291 quam
1477 1234 1678 1287 humilis,
1704 1249 1839 1291 quam

202 1312 410 1369 simplex,
446 1327 581 1368 quam
609 1312 938 1366 aedificatiuus,
969 1327 1106 1369 quam
1133 1320 1309 1356 amator
1337 1311 1715 1365 mortificationis,
1751 1326 1840 1368 qua

198 1389 549 1434 conuersatione
570 1389 688 1434 inter
710 1389 889 1442 fratres,
914 1405 970 1432 an
994 1388 1188 1433 difficilis
1210 1389 1284 1443 sit,
1309 1404 1368 1432 an
1390 1389 1592 1446 agitatus
1622 1388 1832 1432 tentatio-

199 1466 350 1520 nibus,
370 1481 429 1510 an
444 1467 603 1510 firmus
619 1466 666 1510 in
686 1467 941 1520 vocatione3
961 1466 1180 1519 breuiter,
1205 1466 1423 1523 quicquid
1444 1466 1610 1523 poterit
1634 1467 1692 1509 ad
1715 1466 1838 1510 illius

197 1543 413 1587 noticiam
435 1545 602 1596 facere,
627 1543 725 1587 siue
747 1544 870 1600 quod
897 1543 1060 1587 attinet
1091 1545 1148 1587 ad
1171 1543 1381 1597 virtutes,
1411 1543 1511 1588 siue
1539 1544 1597 1588 ad
1619 1543 1745 1596 vitia,
1778 1544 1834 1586 de

197 1619 254 1663 iis
282 1619 450 1664 scribet
478 1619 524 1662 in
551 1620 718 1673 indice,
749 1620 887 1665 etiam
915 1620 952 1663 si
980 1627 1156 1665 secreta
1177 1620 1269 1664 sint
1298 1621 1448 1678 (modo
1476 1635 1535 1663 ne
1562 1620 1766 1664 sciantur
1790 1621 1835 1663 in

195 1696 485 1741 confessione
514 1698 705 1753 tantum)
728 1698 887 1741 eodem
911 1711 1021 1740 vero
1048 1705 1226 1742 secreto
1254 1692 1448 1754 accipiet
1469 1697 1545 1741 illa
1567 1697 1834 1741 commissa-

196 1773 309 1820 rius.
331 1774 434 1818 Hos
454 1773 628 1818 indices
649 1774 882 1819 exhibebit
910 1774 1249 1818 commissarius
1270 1774 1555 1832 prouinciali,
1580 1782 1630 1818 vt
1658 1774 1697 1818 si
1726 1774 1835 1830 quid

195 1851 268 1894 vel
299 1858 534 1908 praeterea
563 1851 636 1895 vel
667 1850 797 1895 aliter
828 1859 1029 1904 censeat,
1064 1851 1110 1894 id
1141 1851 1453 1895 commissario
1484 1851 1719 1908 significet
1749 1866 1834 1894 suo

192 1927 382 1984 seriptO.

282 2003 472 2049 Curabit
494 2003 619 2057 item,
645 2012 694 2047 vt
715 2013 864 2050 rector
891 2005 1103 2050 exhibeat
1129 2005 1215 2049 sibi
1242 2005 1509 2062 diplomata,
1541 2005 1828 2049 constitutio-

190 2095 289 2133 neS,
314 2082 499 2138 regulas
518 2095 692 2135 omnes,
716 2082 1056 2135 instructiones,
1081 2082 1120 2126 si
1136 2097 1250 2139 quas
1266 2084 1406 2127 habet
1427 2082 1456 2127 8
1478 2097 1666 2126 suorum
1689 2097 1827 2140 supe-

189 2156 378 2202 riorum.
403 2158 629 2213 Breuiter‚
654 2159 872 2215 quicquid
893 2161 1047 2213 habet,
1074 2174 1164 2216 quo
1186 2167 1356 2213 Vtatur,
1382 2161 1455 2205 vel
1485 2159 1549 2202 vti
1578 2161 1743 2204 debeat
1772 2161 1829 2203 ad

187 2235 540 2292 gubernandum
576 2236 822 2293 collegium
859 2252 1009 2281 suum.
1046 2238 1177 2282 Haec
1210 2251 1318 2282 vero
1356 2245 1595 2294 propterea
1632 2237 1824 2293 accipiet

186 2313 538 2366 commissarius,
562 2321 612 2356 vt
634 2314 786 2358 videat
807 2314 929 2367 inde,
953 2322 1000 2358 et
1021 2314 1248 2372 intelligat
1276 2316 1661 2371 quemadmodum
1692 2314 1830 2357 fuerit

186 2389 492 2445 gubernatum
514 2390 775 2448 collegium,
799 2390 934 2434 simul
956 2392 1196 2448 prouideat
1220 2400 1268 2435 vt
1290 2392 1353 2435 illi
1370 2393 1450 2435 fiat
1473 2375 1619 2448 copia,
1646 2391 1684 2434 si
1715 2390 1829 2446 quid

184 2480 343 2511 earum
364 2481 532 2520 rerum,
558 2482 675 2524 quae
696 2469 963 2512 conducunt
983 2469 1041 2512 ad
1062 2469 1445 2525 gubernationem
1467 2468 1703 2519 ecclesiae,
1731 2482 1822 2510 non

184 2544 364 2587 habeat.
390 2545 535 2588 Vsum
551 2545 686 2588 etiam
709 2545 911 2588 omnium
933 2545 1059 2589 illum
1081 2546 1243 2590 doceat
1267 2546 1523 2590 commode.

271 2621 559 2665 Praescribat
590 2621 874 2678 prouinciali,
916 2622 1097 2676 rectori,
1138 2622 1359 2675 ministro,
1401 2621 1738 2665 consultoribus
1781 2628 1827 2664 et

179 2696 279 2740 aliis
300 2697 546 2751 nonnullis,
571 2699 609 2742 si
631 2699 709 2755 qui
730 2706 854 2751 sunt,
879 2699 956 2755 qui
979 2699 1147 2743 iudicio
1169 2701 1319 2743 valere
1343 2699 1598 2750 videantur,
1632 2706 1681 2740 vt
1710 2697 1826 2740 scri-

180 2773 291 2816 bant
311 2774 558 2831 quaeipsis
580 2775 858 2820 videbuntur
884 2776 1131 2821 desiderari
1159 2777 1217 2820 ad
1246 2775 1613 2820 reformationem
1643 2774 1825 2830 collegii

178 2841 227 2894 in
252 2851 390 2894 rebus
416 2850 644 2904 omnibus,
677 2859 768 2896 tam
795 2867 913 2909 quae
940 2852 1135 2897 attinent
1163 2854 1221 2897 ad
1248 2853 1494 2908 collegium
1524 2851 1820 2901 intrinsecus,

177 2940 313 2982 quam
334 2927 382 2970 in
403 2927 458 2971 iis
478 2927 756 2981 ministeriis,
787 2944 905 2986 quae
934 2931 1233 2973 conferuntur
1260 2931 1306 2972 in
1336 2928 1607 2985 proximum,
1643 2927 1742 2970 siue
1776 2927 1823 2968 in

62 3006 82 3054 J
132 3056 137 3062 ι
177 3004 362 3060 templo,
385 3004 485 3049 siue
506 3004 553 3048 in
574 3005 762 3059 scholis,
787 3006 887 3050 siue
907 3005 954 3050 in
976 3006 1075 3050 aliis
1097 3006 1339 3050 Societatis
1363 3005 1636 3049 ministeriis.
1661 3005 1729 3046 Ex
1748 3003 1823 3046 his
