2098 3470
345 272 415 317 256
814 274 969 310 PATms
995 275 1239 311 HissRoNYm
1265 275 1417 312 NADAL

297 373 481 423 iudicet,
508 388 616 417 num
640 389 750 418 Vsus
772 374 890 419 illius
912 377 1098 433 regulae
1121 377 1177 419 sit
1194 376 1564 422 intermittendus
1581 379 1727 424 donec
1745 380 1929 436 plenum

296 450 354 493 sit
377 451 636 507 collegium.

384 529 445 571 Vt
471 535 620 571 tamen
644 530 836 584 paucula
864 530 1161 586 attingamus,
1191 544 1310 585 quae
1339 538 1550 574 constant
1578 521 1808 575 communi
1840 548 1927 577 usu

295 603 551 656 Societatis,
573 605 818 649 obseruent
835 607 1017 662 regulas
1035 606 1252 650 orationis
1270 614 1315 651 et
1332 607 1607 660 examinum,
1627 610 1931 653 confiteantur
1960 614 1967 620 ‘

296 689 342 725 et
370 682 721 735 communicent,
755 683 831 738 qui
860 684 1120 727 sacerdotes
1150 698 1242 727 non
1274 692 1398 737 sunt,
1433 692 1597 728 octauo
1621 700 1803 741 quoque
1835 686 1924 730 die.

295 758 565 802 Sacerdotes
587 758 788 814 quotidie
810 761 1056 813 celebrent,
1082 761 1333 804 secundum
1361 761 1740 805 consuetudinem
1772 762 1935 807 Socie-

298 833 418 877 tatis.
450 835 688 879 Habeatur
714 836 969 879 exhortatio
997 836 1190 893 singulis
1212 836 1373 883 diebus
1401 837 1580 882 veneris
1602 853 1628 881 a
1651 840 1786 883 Patre
1807 839 1927 884 Gre-

296 911 442 967 gorio,
467 926 584 966 quae
606 912 714 955 satis
736 912 821 956 erit
842 913 879 956 si
902 914 1035 957 duret
1058 927 1136 969 per
1158 913 1388 957 dimidiam
1415 916 1571 957 horam
1593 917 1680 958 hoc
1703 923 1924 972 tempore.

384 989 588 1044 Legatur
619 990 675 1032 ad
707 1004 927 1044 mensam,
962 991 1042 1034 sed
1075 990 1152 1042 ita,
1188 998 1236 1032 vt
1264 990 1457 1047 singulis
1489 991 1650 1035 diebus
1682 991 1726 1034 id
1759 993 1929 1036 faciant

296 1078 472 1117 omnes,
499 1065 576 1120 qui
598 1066 752 1122 legere
775 1074 958 1119 norunt,
985 1066 1120 1111 etiam
1142 1069 1412 1123 praefectus.
1440 1069 1577 1124 Quod
1606 1068 1644 1111 si
1665 1083 1808 1126 graue
1837 1071 1927 1113 hoc

295 1141 439 1193 fieret,
465 1143 704 1186 consulant
727 1143 1069 1199 prouincialem.

383 1218 647 1263 Obseruent
668 1227 847 1276 tempus
865 1220 1042 1276 prandii
1059 1227 1105 1265 et
1123 1235 1308 1274 coenae,
1330 1221 1548 1278 surgendi
1565 1221 1700 1265 etiam
1719 1237 1771 1265 ac
1787 1223 1925 1266 eundi

292 1295 350 1337 ad
371 1295 555 1348 lectum,
577 1297 791 1340 orationis
814 1312 865 1340 ac
888 1297 1162 1352 examinum,
1183 1297 1300 1341 sicut
1322 1297 1367 1340 in
1385 1298 1590 1355 collegiis
1611 1299 1708 1343 fieri
1731 1300 1861 1342 solet.

382 1372 482 1416 Fiat
518 1373 775 1431 benedictio
803 1389 988 1419 mensae
1015 1382 1062 1419 et
1090 1374 1339 1431 gratiarum
1367 1375 1502 1429 actio,
1535 1382 1585 1418 vt
1611 1377 1726 1420 solet
1754 1376 1800 1419 in
1829 1377 1925 1420 col-

293 1448 443 1505 legiis.

381 1524 474 1569 Pro
497 1527 750 1572 defectibus
773 1529 963 1571 fratrum
991 1535 1036 1571 et
1066 1529 1253 1571 Patrum
1282 1527 1574 1584 imponantur
1601 1529 1922 1585 paenitentiae,

294 1600 345 1646 ut
367 1605 515 1647 solent
535 1611 735 1649 rectores
756 1604 1004 1661 imponere.

383 1681 549 1724 Nullus
569 1682 703 1724 domo
725 1682 988 1738 egrediatur
1009 1683 1182 1738 absque
1205 1683 1419 1727 facultate
1442 1690 1487 1727 et
1509 1682 1648 1738 socio,
1680 1697 1814 1738 quem
1844 1697 1923 1726 su-

293 1757 444 1814 perior
466 1758 734 1815 assignabit.

386 1836 522 1879 Nulla
558 1835 720 1879 mulier
757 1836 941 1879 domum
979 1836 1283 1893 ingrediatur,
1325 1850 1382 1879 ne
1419 1837 1475 1879 ad
1513 1843 1689 1892 portam
1732 1836 1926 1892 priorem

293 1911 494 1967 quidem.

380 1990 563 2034 Certam
586 1990 806 2034 rationem
836 1990 923 2033 cibi
954 1990 1205 2046 quotidiani
1241 1990 1453 2034 habeant.
1496 1991 1561 2033 Ea
1593 1990 1694 2043 erit,
1730 2004 1846 2046 quae
1878 1990 1924 2033 in

290 2066 496 2123 collegiis
518 2067 656 2111 huius
678 2067 941 2123 prouinciae
963 2069 1248 2120 obseruatur,
1274 2068 1330 2110 de
1353 2082 1442 2122 qua
1464 2066 1676 2123 Dilingae
1699 2067 1797 2110 citov
1812 2066 1925 2110 scri-

290 2144 441 2186 betur.

380 2221 535 2265 Cellae
559 2206 758 2265 uinariae
779 2228 824 2264 et
846 2235 967 2276 penu
990 2222 1164 2264 clauem
1188 2221 1353 2265 habeat
1375 2219 1579 2265 minister
1597 2221 1669 2263 uel
1688 2219 1926 2276 dispensa·

290 2303 375 2350 tor;
402 2312 486 2341 nec
509 2298 751 2353 quicquam
776 2297 870 2340 uini
896 2298 968 2340 uel
990 2298 1079 2340 cibi
1103 2297 1296 2341 alicuius
1319 2297 1393 2350 sit,
1418 2298 1540 2352 quod
1561 2311 1653 2340 non
1680 2297 1766 2339 sub
1795 2297 1925 2341 claue

289 2373 424 2417 vnius
446 2375 749 2418 custodiatur.

272 2447 275 2450 ’
379 2453 470 2494 Pro
494 2454 630 2496 Patre
654 2452 917 2496 Baithasare
948 2454 956 2473 ¹
982 2453 1060 2496 fiat
1082 2451 1227 2495 simile
1250 2451 1510 2507 tentorium,
1536 2451 1668 2506 quale
1690 2464 1772 2506 pro
1790 2451 1925 2494 Patre

288 2528 509 2572 Ledesma
532 2529 546 2550 ²
571 2530 742 2572 factum
764 2529 850 2572 fuit
871 2529 917 2571 in
940 2531 1224 2585 hypocausto
1245 2528 1492 2584 superiore.

359 2665 369 2686 ¹
422 2665 550 2712 Hujus
569 2665 696 2701 Patris
713 2676 933 2711 cognomen
951 2652 1103 2701 tacetur
1122 2671 1203 2700 tum
1222 2665 1261 2700 in
1281 2665 1460 2710 catalogo
1480 2663 1686 2699 viennensi
1704 2662 1795 2698 anni
1815 2661 1922 2708 1560,

288 2724 355 2759 ubi
372 2724 516 2760 dicitur
534 2725 602 2764 «P.
622 2725 825 2761 Balthasar
844 2725 1026 2771 bauarus,
1045 2724 1240 2772 professor
1258 2724 1414 2771 linguae
1438 2734 1644 2769 graecae»,
1669 2728 1750 2758 tum
1777 2721 1817 2757 in
1842 2721 1923 2768 epi-

287 2785 388 2819 stola
406 2784 571 2828 Natalis,
595 2793 638 2830 14
656 2784 1004 2829 Novembris-1566
1022 2784 1125 2830 data,
1145 2784 1213 2819 ubi
1231 2784 1327 2818 haec
1345 2782 1394 2818 de
1412 2782 1478 2818 illo
1501 2781 1696 2818 dicuntur:
1722 2782 1923 2816 «Hauemo

287 2849 400 2889 posto
418 2843 458 2879 in
477 2844 657 2890 Augusta
674 2843 700 2879 il
719 2843 762 2881 P.
782 2844 1010 2879 Balthasaro
1027 2845 1188 2889 hanam,
1206 2842 1231 2878 il
1250 2843 1364 2889 quale
1383 2843 1405 2877 e
1429 2845 1531 2877 stato
1555 2842 1595 2876 in
1613 2841 1753 2886 Praga,
1775 2840 1922 2892 Tyma-

286 2902 364 2944 uia,
385 2903 549 2947 Vienna,
571 2907 611 2938 et
628 2902 682 2938 mi
699 2901 881 2938 dimando
899 2902 966 2946 lui,
988 2908 1027 2938 et
1044 2903 1211 2938 anchora
1228 2900 1346 2948 quelli
1372 2900 1501 2946 Padri,
1518 2901 1591 2936 che
1609 2900 1647 2935 lo
1674 2898 1922 2934 mandasemo

285 2973 307 2996 a
324 2968 463 3008 questa
481 2961 719 3008 prouincia.»
738 2960 801 2997 Cf.
821 2962 952 3008 Epist.
972 2962 1021 2997 P.
1042 2961 1192 3003 Nadal,
1212 2961 1280 3005 ΠΙ,
1298 2959 1382 2998 301.

357 3023 370 3042 Ξ
420 3021 462 3058 Ρ.
478 3022 650 3066 Jacobus
668 3020 717 3056 de
737 3020 943 3065 Ledesma,
962 3020 1013 3056 de
1029 3031 1106 3067 quo
1123 3020 1281 3067 saepius
1299 3019 1338 3055 in
1357 3018 1487 3066 Epist.
1507 3018 1557 3053 Ρ.
1577 3017 1728 3059 Ναάαῑ,
1747 3016 1811 3060 ΙΠ;
1827 3020 1867 3051 et
1880 3015 1920 3051 in

286 3079 467 3115 Menum.
490 3080 675 3128 Paedag.
1633 3095 1636 3097 ¹
