2098 3470
337 270 406 307 362
420 307 422 309 ,
808 271 962 308 PATms
988 273 1231 308 Hffinonvm
1258 272 1410 308 NADAL

287 372 413 415 sione
445 386 547 415 cum
579 372 666 416 illis
695 374 955 428 conferunt,
988 374 1087 417 aliis
1115 374 1347 430 detegant,
1379 388 1470 429 quo
1498 374 1599 430 quis
1620 374 1717 418 iure
1748 376 1914 421 offendi

288 449 447 504 possit.

376 527 539 581 Aequo
561 527 733 570 honore
755 541 912 570 omnes
935 536 979 571 et
1002 528 1272 580 habeantur,
1299 533 1360 580 et,
1385 527 1493 570 dum
1517 542 1601 571 nos
1623 528 1815 572 inuisuri
1842 543 1919 573 ac-

285 604 472 655 cedunt,
499 603 798 659 excipiantur.

372 681 494 723 Inter
517 680 886 723 concionandum
910 688 1086 733 caueat,
1119 696 1176 725 ne
1204 680 1459 725 haereticos
1490 682 1705 735 offendat,
1737 690 1916 739 praeter

283 771 419 812 quam
443 756 709 813 simpliciter
732 758 1043 801 confirmando
1067 758 1234 813 dogma
1257 765 1462 800 nostrum
1486 758 1778 811 catholicum,
1803 767 1849 802 et
1871 759 1917 802 id

281 833 464 889 quidem
489 834 672 889 quando
701 835 950 879 necessitas
981 835 1244 891 postulabit,
1277 824 1456 890 hocque
1485 835 1656 878 dictum
1684 836 1912 888 volumus,

279 917 328 953 vt
364 910 486 953 modi
519 910 581 953 illi
613 911 912 954 concionandi
946 911 1222 964 reiiciantur,
1259 911 1425 967 quibus
1458 912 1710 968 condignas
1742 927 1914 969 poenas

278 987 534 1044 suscepisse
572 989 899 1044 proclamatur,
935 999 979 1032 et
1017 989 1091 1032 alii
1130 988 1406 1045 huiusmodi,
1447 1003 1537 1045 quo
1575 989 1731 1032 odium
1761 989 1917 1046 potius

279 1079 414 1120 quam
438 1064 665 1109 edificatio
687 1065 928 1110 excitatur.

366 1143 488 1184 Dum
512 1156 615 1184 cum
638 1141 824 1186 flandris
846 1151 863 1167 ³
885 1150 1094 1185 occurret
1113 1142 1392 1194 conuersari,
1413 1143 1622 1187 aduertat
1639 1158 1697 1187 ne
1707 1142 1813 1191 illos
1831 1143 1913 1187 ali-

278 1233 367 1273 qua
392 1218 566 1261 ratione
589 1219 805 1271 offendat,
832 1220 911 1262 sed
933 1218 1084 1275 potius
1107 1219 1326 1263 charitate
1348 1226 1393 1262 et
1415 1219 1641 1263 suauitate
1658 1234 1736 1263 eos
1758 1221 1815 1262 ad
1831 1234 1912 1263 ve·-

277 1294 456 1338 ritatem
482 1295 685 1349 inducat,
710 1310 859 1351 neque
882 1296 981 1339 illos
1005 1296 1093 1339 vlla
1114 1295 1290 1339 ratione
1313 1303 1563 1352 exasperet.

367 1372 511 1434 Siheis
543 1371 713 1427 aliquid
744 1387 848 1415 cum
877 1374 994 1416 duce
1027 1380 1106 1416 aut
1138 1373 1237 1416 eius
1269 1373 1394 1417 curia
1426 1388 1563 1429 agere
1601 1380 1824 1426 occurret,
1866 1373 1911 1416 id

276 1449 402 1506 prius
425 1463 528 1492 cum
552 1448 821 1506 prouinciali
844 1451 1063 1493 conferat.

363 1528 404 1569 A
429 1530 573 1584 tergo:
595 1527 625 1584 -ζ-
651 1527 782 1582 Quae
804 1527 928 1570 dedit
952 1529 1004 1570 P.
1031 1526 1206 1571 Natalis
1231 1527 1355 1570 Patri
1375 1527 1575 1571 Acostae
1597 1527 1902 1584 Antuerpiae.

1044 1646 1131 1689 6⁰

1035 1773 1135 1829 Jhs.

605 1867 955 1911 DISPOSITIO
990 1868 1323 1911 UARIARUM
1356 1868 1571 1911 RERUM

724 1975 773 2004 IN
806 1975 1047 2005 COLLEGIO
1080 1975 1382 2006 TORNACENSI
1420 1963 1448 2004 ¹.

356 2069 460 2112 Non
482 2068 646 2112 inuitet
669 2069 829 2113 fratres
858 2068 1063 2112 minister
1091 2070 1148 2112 ad
1175 2076 1348 2125 potum,
1385 2071 1648 2125 praesertim
1681 2070 1899 2112 clamans,

354 2145 533 2189 Nostris
556 2152 758 2201 tempore
780 2145 1071 2190 recreationis
1100 2160 1366 2190 concessum
1399 2160 1491 2189 non
1520 2153 1589 2189 est
1616 2146 1789 2201 ludere,
1820 2146 1900 2189 sed

265 2222 408 2265 otium
432 2237 571 2278 agere
593 2223 835 2265 honestum
853 2236 906 2265 ac
923 2222 1200 2278 religiosum.
1227 2224 1325 2266 Nec
1342 2222 1428 2265 illis
1450 2222 1723 2278 permittitur
1742 2223 1900 2266 ludere

265 2313 368 2342 cum
393 2298 610 2352 externis,
637 2299 817 2354 quando
842 2306 1032 2354 possunt
1053 2300 1227 2352 ludere,
1253 2298 1331 2341 ubi
1348 2298 1519 2343 scilicet
1536 2298 1902 2343 intermittuntur

263 2375 469 2418 studia...

352 2454 423 2497 Ne
456 2452 698 2496 audiantur
729 2452 990 2495 monialium
1029 2453 1353 2506 confessiones,
1394 2466 1479 2497 nec
1515 2453 1648 2497 detur
1684 2451 1900 2496 comunio

331 2575 348 2592 a
389 2565 560 2611 flandro
582 2576 656 2600 ms.

329 2666 338 2685 ¹
390 2666 449 2700 Ex
473 2665 695 2711 apographo
713 2675 874 2707 coaeVO,
890 2664 928 2699 in
943 2664 1078 2700 codice
1093 2665 1232 2700 Natal.
1249 2665 1369 2700 instr.
1393 2664 1549 2709 Germ„
1564 2665 1679 2701 unico
1698 2665 1803 2710 folio,
1823 2674 1897 2711 299

256 2723 371 2770 (378).
388 2725 502 2770 Quae
520 2730 612 2759 sunt
630 2723 678 2759 de
697 2723 850 2769 studiis,
868 2723 1093 2769 prodierunt
1108 2724 1146 2759 in
1161 2724 1341 2759 Monum.
1359 2724 1558 2772 Paedag„
1574 2735 1689 2771 pagg.
1706 2724 1790 2770 850,
1805 2724 1889 2769 851.

256 2785 476 2818 Tornacum
496 2783 605 2818 venit
623 2783 776 2818 Natalis
793 2793 881 2817 curn
901 2782 943 2817 P.
966 2782 1145 2828 Costero,
1166 2782 1401 2817 Germaniae
1426 2781 1622 2818 inferioris
1646 2782 1890 2829 provinciali,

255 2842 318 2878 die
338 2852 382 2877 22
402 2841 584 2879 Octobris
603 2842 694 2877 anni
715 2842 819 2886 1567,
838 2846 881 2875 ut
900 2841 983 2887 ipse
1002 2842 1044 2877 P.
1061 2841 1254 2877 'Costerus
1273 2841 1313 2876 in
1331 2841 1507 2887 epistola,
1528 2842 1694 2888 Borgiae
1707 2841 1750 2876 31
1772 2841 1891 2879 Octo-

254 2902 334 2937 bris
353 2901 475 2948 ipsius
493 2901 584 2936 anni
601 2901 702 2947 data,
725 2900 857 2936 refert.
878 2899 1048 2936 Profecti
1073 2905 1204 2936 autem
1228 2901 1405 2935 Tornaco
1431 2900 1495 2935 die
1519 2909 1563 2944 25
1582 2900 1758 2947 ejusdem
1783 2913 1888 2937 men-

253 2962 320 3006 sis,
342 2966 429 3008 post
447 2965 675 2996 consuetam
694 2959 976 3006 inspectionem
994 2959 1132 2995 domus
1147 2965 1316 3003 nostrae,
1333 2959 1381 2994 ad
1395 2959 1436 2994 S.
1455 2959 1720 2996 Audomarum
1738 2972 1781 2996 se
1798 2971 1886 2996 con-

253 3022 439 3056 tulerunt.
461 3019 576 3055 Unde
595 3019 719 3066 liquet
735 3019 834 3054 hanc
853 3018 1151 3053 instructionem
1169 3018 1309 3053 diebus
1335 3027 1442 3063 22-25
1468 3017 1652 3055 Octobris
1679 3019 1769 3054 anni
1796 3020 1888 3064 1567

251 3080 435 3126 scriptam
455 3079 590 3115 fuIsse.
612 3078 674 3115 Cf.
701 3077 831 3125 Epist.
856 3078 901 3112 Ρ.
928 3077 1078 3118 Nadal,
1097 3077 1162 3120 111,
1185 3077 1267 3112 801.
