2098 3470
343 259 415 297 830
659 304 663 308 ⁶
920 265 1059 301 Eprsr.
1088 265 1131 301 P.
1159 265 1309 302 NADAL

385 362 602 418 Sequitur
622 378 679 407 ex
709 363 780 406 his
812 379 969 408 verum
1001 379 1101 409 esse
1128 365 1136 424 Ι
1163 367 1285 421 quod
1315 367 1508 412 dicimus
1540 369 1586 412 in
1618 370 1925 423 conclusione,

294 440 419 495 quod
456 439 767 484 indifferenter
804 441 1023 486 debemus
1066 457 1149 486 nos
1187 444 1355 488 habere
1391 445 1448 488 ad
1477 459 1673 489 amorem
1697 454 1926 490 creatura·

298 530 397 559 rum
425 524 646 571 quantum
678 517 782 561 licet
805 525 942 574 atque
970 518 1104 563 etiam
1135 518 1180 561 in
1214 519 1452 573 electione,
1482 520 1567 564 nisi
1595 537 1651 566 ex
1679 518 1925 579 principiis,

295 607 413 649 quae
434 593 770 650 proposuimus,
795 594 983 647 scilicet,
1004 596 1061 639 ad
1083 596 1231 640 Deum
1256 604 1301 640 et
1322 604 1542 653 quantum
1566 599 1622 641 ad
1644 598 1769 642 illum
1792 600 1928 643 finem

293 669 471 714 iuuant.

385 748 610 791 Probatur
642 749 710 793 2.⁰
743 763 799 793 ex
829 748 927 793 aliis
959 749 1070 793 locis
1102 749 1307 806 plurimis
1338 764 1565 795 sacrarum
1599 751 1845 804 literarum,
1881 752 1927 795 in

293 824 460 880 quibus
482 832 638 867 oratur
660 826 803 877 Deus,
829 832 879 868 vt
908 825 1024 868 viam
1049 836 1177 869 suam
1206 827 1502 871 demonstret.
1534 827 1671 871 «Vias
1693 834 1809 882 tuas,
1834 830 1927 872 Do·

292 901 430 953 mine,
462 901 724 945 demonstra
753 901 866 944 mihi
888 910 934 946 et
956 902 1140 946 semitas
1163 909 1265 947 tuas
1287 904 1427 948 edoce
1455 918 1528 947 me
1560 906 1618 950 ¹.»
1648 905 1834 950 «Deduc
1856 921 1927 950 me

294 978 489 1023 Domine
511 979 558 1021 in
579 979 653 1037 via
676 986 755 1022 tua
777 986 823 1022 et
852 979 1084 1036 ingrediar
1112 979 1157 1023 in
1186 980 1378 1024 veritate
1408 987 1485 1024 tua
1512 981 1575 1034 ²»,
1607 988 1715 1034 etc.,
1746 989 1792 1027 et
1823 983 1928 1026 alibi

292 1070 444 1112 saepe,
474 1055 551 1098 vbi
579 1070 762 1099 oramus
793 1055 851 1100 Ι7Ι
882 1057 938 1099 ad
966 1057 1059 1099 duo
1085 1064 1360 1112 spectantes:
1386 1057 1598 1114 primum,
1629 1064 1677 1100 vt
1698 1058 1744 1101 in
1767 1058 1927 1116 spiritu

290 1132 422 1174 nobis
444 1139 773 1175 commonstret
794 1133 912 1176 viam
937 1134 1080 1185 Deus,
1105 1147 1187 1189 per
1208 1148 1343 1188 quam
1366 1133 1485 1176 viam
1515 1134 1572 1177 ad
1595 1146 1644 1177 se
1672 1135 1922 1179 veniamus.

292 1211 356 1252 Ea
377 1224 487 1252 vero
525 1218 543 1235 ³
579 1217 647 1254 est
686 1211 1003 1253 mandatorum
1040 1209 1129 1262 via,
1170 1211 1227 1253 ad
1264 1225 1381 1266 quae
1417 1210 1604 1254 consilia
1641 1211 1918 1268 diriguntur.
1955 1244 1958 1246 -

291 1288 360 1330 2.⁰
383 1286 580 1343 petimus
602 1287 722 1330 viam
752 1287 872 1330 illam
901 1287 1032 1330 nobis
1062 1295 1110 1330 vt
1138 1289 1336 1332 declaret
1365 1287 1744 1333 clementissimus
1772 1290 1922 1343 Pater,

288 1371 427 1419 atque
458 1363 649 1420 inspiret
678 1365 1060 1419 quemadmodum
1083 1364 1346 1409 extricanda
1368 1365 1427 1407 sit
1448 1372 1493 1408 et
1516 1380 1541 1409 a
1564 1366 1677 1418 luto,
1702 1365 1922 1421 sentibus,

290 1442 556 1492 latronibus,
582 1441 772 1496 aliisque
795 1440 1130 1497 impedimentis
1151 1441 1405 1498 purganda,
1430 1448 1479 1484 vt
1509 1441 1681 1485 facilior
1708 1442 1766 1485 sit
1794 1443 1925 1486 nobis

286 1534 366 1574 per
394 1533 491 1562 eam
522 1518 739 1562 incessus.
774 1518 865 1562 Sed
898 1518 1153 1562 luculenter
1184 1517 1381 1561 ostendit
1408 1517 1416 1576 Ι
1442 1518 1564 1562 illam
1586 1518 1722 1571 viam,
1757 1533 1850 1562 non
1877 1519 1925 1562 in

286 1595 506 1639 creaturis
529 1595 654 1652 ipsis,
680 1594 760 1638 sed
782 1594 828 1637 in
850 1597 950 1638 Deo
972 1594 1355 1651 inuestigandam:
1383 1602 1524 1647 tuam,
1550 1595 1711 1651 inquit,
1738 1595 1854 1639 viam
1877 1595 1923 1639 in

284 1676 344 1725 te,
370 1688 426 1716 ex
449 1680 507 1726 te,
534 1687 612 1728 per
635 1680 694 1724 te3
720 1672 765 1714 in
790 1679 868 1714 tuo
898 1671 1018 1714 enim
1046 1671 1232 1723 lumine,
1266 1678 1314 1715 vt
1347 1672 1552 1715 videmus
1579 1679 1828 1725 creaturas,
1860 1672 1922 1729 ita

283 1749 328 1792 in
352 1757 397 1794 te.
418 1750 517 1792 illas
539 1764 745 1794 amemus
767 1756 903 1804 atque
926 1747 1164 1805 eligamus.

374 1827 442 1882 3.⁰
466 1827 705 1879 Probatur3
731 1840 835 1868 nam
859 1840 950 1881 quo
972 1832 1104 1882 pacto
1121 1824 1431 1869 desideramus
1448 1839 1531 1868 nos
1549 1823 1802 1886 superiores
1819 1839 1920 1869 esse

283 1905 340 1947 ad
362 1903 684 1955 inordinatum,
710 1904 782 1946 vel
804 1902 1008 1954 nimium,
1033 1903 1107 1945 vel
1128 1901 1264 1944 etiarn
1282 1901 1596 1958 imperfectum
1613 1916 1745 1945 vsum
1762 1902 1836 1945 vel
1852 1903 1905 1946 af
1908 1927 1921 1933 -

283 1983 451 2024 fectum
476 1988 801 2032 creaturarum,
828 1979 890 2021 ita
907 1994 990 2022 nos
1007 1979 1141 2022 docet
1158 1979 1305 2034 Xpus.
1330 1977 1576 2031 «Primum,
1597 1972 1761 2034 inquit,
1782 1993 1920 2034 quae-

282 2059 366 2101 rite
388 2072 581 2114 regnum
604 2056 689 2101 Dei
713 2064 758 2100 et
781 2055 997 2099 iustitiam
1021 2055 1134 2109 eius;
1160 2062 1206 2099 et
1226 2056 1338 2098 haec
1367 2054 1517 2099 omnia
1546 2053 1815 2098 adiicientur
1843 2069 1921 2098 vo-

282 2136 352 2179 bis
380 2137 442 2180 3.»
475 2135 578 2178 Hoc
599 2134 717 2177 idem
745 2133 968 2189 expressit
995 2132 1043 2175 in
1072 2132 1275 2176 oratione
1302 2131 1544 2186 dominica,
1571 2130 1643 2176 172
1666 2131 1742 2174 vbi
1766 2132 1919 2176 omnia

282 2213 540 2257 referuntur
562 2212 620 2254 ad
642 2211 778 2253 finem
803 2224 1083 2266 supremum,
1108 2216 1158 2251 vt
1179 2208 1352 2252 scilicet
1374 2221 1538 2252 nomen
1560 2208 1744 2252 Domini
1771 2208 1916 2251 santi-

281 2289 442 2332 ficetur
471 2296 517 2331 et
553 2294 602 2330 vt
634 2294 780 2330 totum
815 2287 1162 2329 fundamentum
1194 2291 1451 2328 nostrorum
1484 2284 1801 2328 exercitiorum
1835 2300 1916 2342 per
2046 2278 2052 2284 ⁴

279 2367 527 2410 orationem
551 2363 823 2408 dominicam
848 2363 1185 2415 confirmemus,
1206 2362 1327 2417 quod
1350 2375 1432 2404 nos
1448 2361 1640 2404 dicimus
1658 2357 1795 2404 finem
1817 2375 1918 2406 esse

279 2443 474 2486 hominis
498 2449 546 2485 vt
574 2444 723 2486 Deum
753 2441 906 2484 laudet
934 2447 979 2483 et
1007 2445 1286 2490 reuereatur,
1312 2437 1357 2481 id
1386 2445 1455 2482 est
1483 2438 1605 2493 quod
1633 2438 1677 2480 in
1710 2437 1915 2482 oratione

279 2520 487 2563 iubemur
510 2527 680 2575 petere,
699 2525 749 2560 vt
772 2516 1082 2560 sanctificetur
1104 2530 1269 2559 nomen
1293 2513 1393 2567 Dei;
1420 2514 1497 2570 qui
1520 2521 1648 2558 actus
1670 2521 1740 2559 est
1764 2513 1930 2578 charis
2033 2516 2053 2570 ᾗ·

279 2597 384 2640 tatis
405 2597 452 2639 in
474 2599 638 2640 Deum.
662 2595 800 2651 Quod
830 2593 899 2636 2.⁰
928 2595 1027 2636 loco
1056 2591 1222 2635 dicitur
1247 2591 1486 2634 «adueniat
1514 2606 1707 2648 regnum
1737 2598 1912 2643 tuum»,

277 2675 366 2717 hoc
389 2689 471 2717 nos
493 2672 771 2729 explicamus
794 2672 881 2713 hoc
905 2671 1054 2713 modo:
1084 2668 1243 2724 «eique
1263 2667 1485 2720 seruiens,
1510 2668 1665 2711 saluus
1687 2668 1811 2720 fiat»;
1837 2666 1917 2723 qui

278 2759 348 2794 est
370 2750 466 2807 spei
483 2758 628 2793 actus.
649 2751 751 2807 Jam
769 2748 892 2804 quod
915 2746 983 2801 3.⁰
1006 2747 1109 2789 loco
1130 2744 1326 2802 petimus
1353 2744 1360 2802 1
1387 2751 1437 2786 vt
1456 2744 1692 2788 «voluntas
1713 2743 1800 2788 Dei
1817 2744 1914 2796 fiat,
1967 2804 1971 2809 .
2030 2762 2034 2767 ·
2071 2739 2074 2741 ’

276 2827 395 2871 sicut
415 2827 463 2869 in
486 2826 612 2869 coelo
635 2833 681 2870 et
702 2824 749 2867 in
774 2831 938 2877 terra»,
965 2823 1010 2865 id
1033 2836 1117 2865 nos
1139 2829 1294 2878 aperte
1316 2821 1531 2864 docemus
1553 2827 1602 2862 vt
1625 2820 1670 2863 in
1694 2820 1841 2872 nobis,
1870 2819 1915 2862 in

346 2975 364 2992 a
412 2964 523 2999 Haec
540 2972 562 2998 2
582 2962 703 2997 verba
722 2959 804 2995 fere
823 2959 1034 2995 obliterata
1052 2961 1158 2993 sunt.

347 3075 356 3096 ¹
409 3075 479 3111 Ps,
502 3074 649 3120 XXW,
667 3083 702 3118 4.
873 3075 886 3092 ²
938 3070 1008 3108 Ps.
1026 3068 1222 3112 LXXXV,
1247 3076 1306 3103 11.
1481 3069 1495 3088 ⁵
1547 3068 1734 3114 MATTH„
1757 3065 1907 3114 v1,33.
