2098 3470
309 254 381 289 660
781 255 935 292 PATms
962 257 1203 292 Humonvnn
1231 255 1380 291 NADAL

261 368 349 396 non
373 354 568 409 omittat,
594 363 640 398 vt
663 357 863 412 practice
885 359 1023 414 legat,
1050 360 1134 399 hoc
1165 363 1249 409 est,
1282 371 1370 399 non
1399 359 1543 400 solum
1570 359 1733 402 ‚doceat
1763 359 1892 403 intel·

259 432 443 483 lectum,
469 433 549 474 sed
574 434 851 478 voluntatem
875 434 1082 476 instituat
1105 434 1161 476 ad
1184 433 1545 484 obseruationem
1575 436 1893 479 mandatorum

260 516 305 552 et
334 508 623 552 consiliorum
651 510 735 554 Dei
768 517 813 554 et
842 511 1087 561 Ecclesiae,
1112 524 1203 565 qu)
1227 517 1358 566 pacto
1380 525 1429 554 se
1452 518 1594 567 paret,
1620 512 1787 567 quibus
1808 513 1898 556 viis

261 583 347 627 illis
382 584 575 638 insistat,
613 587 781 642 quibus
813 588 1061 631 rationibus
1095 587 1290 630 fructum
1326 588 1504 630 referat.
1540 588 1588 632 Si
1622 588 1742 632 enirn
1777 590 1897 633 haec

261 668 471 705 accurate
494 664 743 716 tradantur,
766 664 841 708 fiet
866 664 1044 706 fortasis
1061 671 1124 715 vt,
1147 663 1321 707 etiamsi
1345 663 1422 718 qui
1445 664 1556 720 legit
1578 679 1740 708 sensus
1761 665 1890 721 spiri-

262 747 335 781 tus
357 746 402 782 et
423 739 678 783 deuotionis
700 754 790 782 non
813 740 1077 791 admisceat,
1101 739 1175 794 qui
1194 740 1319 782 audit
1338 748 1504 792 tamen,
1525 755 1629 783 cum
1647 741 1894 785 deuotione

265 815 339 858 illa
362 803 548 872 recipiat
571 823 616 860 et
639 817 764 859 cordi
788 817 1030 872 imprimat.

351 894 441 936 Det
463 900 613 937 autem
636 907 818 949 operam
841 902 1095 949 opportune
1117 894 1276 946 lector,
1302 901 1350 936 vt
1372 895 1506 937 debet
1535 894 1580 937 in
1612 909 1696 938 suo
1725 909 1895 951 genere

263 969 576 1023 concionator,
601 976 650 1012 vt
671 970 901 1013 auditores
923 970 1207 1012 adducantur
1228 971 1285 1012 ad
1307 971 1575 1014 sacramenti
1593 970 1898 1027 poenitentiae

263 1057 306 1089 et
330 1046 660 1090 communionis
681 1061 837 1090 sacrae
860 1046 1176 1101 frequentiam.
1202 1045 1345 1090 Porro
1367 1047 1592 1103 sapienter
1615 1047 1718 1091 finis
1743 1055 1897 1093 noster

262 1125 375 1167 haec
397 1124 488 1166 duo
511 1122 759 1166 ministeria
781 1123 1063 1179 praescribit,
1089 1123 1358 1166 concionum
1381 1130 1427 1167 et
1443 1124 1706 1177 lectionum,
1726 1131 1775 1167 vt
1791 1133 1899 1168 sunt

264 1199 386 1243 varia
408 1199 645 1242 hominurn
667 1199 850 1256 ingenia
879 1207 924 1244 et
951 1200 1181 1243 naturales
1211 1200 1450 1244 facultates
1477 1200 1675 1253 dicendi,
1706 1208 1756 1243 vt
1783 1201 1890 1244 dixi-

264 1291 378 1320 mus.
408 1278 468 1319 Et
486 1276 564 1333 qui
586 1278 643 1319 ad
664 1276 906 1319 conciones
928 1275 1090 1319 habilis
1111 1291 1202 1319 non
1225 1276 1326 1330 erit,
1352 1278 1516 1333 p)terit
1539 1277 1576 1320 is
1599 1278 1654 1320 ad
1678 1274 1903 1321 lectiones

265 1353 483 1410 delegari,
510 1354 642 1397 modo
666 1352 945 1397 sufficienter
968 1353 1026 1395 sit
1048 1353 1213 1395 doctus
1235 1360 1280 1397 et
1303 1353 1421 1409 pius.

355 1431 483 1474 Haec
505 1429 686 1485 quidem
710 1444 788 1485 per
810 1444 858 1472 se
880 1429 1000 1472 dicta
1021 1429 1165 1472 videri
1186 1438 1378 1486 possunt
1399 1437 1447 1472 vt
1470 1429 1752 1486 intelligatur
1785 1445 1904 1485 quae

266 1507 322 1550 sit
347 1506 525 1563 propria
547 1505 795 1550 lectionum
818 1506 949 1548 ratio.
976 1506 1067 1550 Sed
1091 1513 1242 1549 tamen
1264 1506 1516 1562 continget,
1541 1506 1618 1561 qui
1642 1506 1700 1550 sit
1718 1506 1901 1549 concio-

268 1591 416 1637 nator,
439 1591 489 1626 vt
509 1582 548 1627 is
569 1583 708 1640 legat.
736 1582 859 1638 Quid
882 1582 1042 1638 igitur?
1065 1582 1300 1627 Licebitne
1323 1583 1431 1626 huic
1454 1582 1644 1627 miscere
1667 1582 1900 1626 concionis

271 1660 474 1704 actiones
491 1667 536 1704 et
553 1659 782 1703 lectionis?
801 1659 991 1715 Proprie
1013 1666 1058 1702 et
1077 1659 1235 1703 ordine
1258 1660 1487 1715 agendum
1511 1666 1596 1702 est:
1621 1674 1713 1702 non
1734 1659 1903 1712 licebit,

271 1738 354 1780 sed
382 1737 438 1780 ad
475 1735 704 1794 propriam
729 1735 947 1779 rationem
972 1737 1217 1779 lectionum
1241 1732 1340 1779 sese
1362 1737 1704 1781 accommodare
1724 1735 1907 1780 debebit

275 1830 299 1858 c
321 1814 570 1863 ›ncionator
591 1815 767 1870 legens,
788 1821 832 1857 et
855 1813 1114 1857 meminisse
1135 1827 1185 1857 se
1206 1813 1378 1869 legere,
1404 1828 1493 1856 non
1517 1812 1792 1867 concionari,
1823 1826 1907 1856 nec

274 1879 440 1935 debere
462 1906 545 1940 sua
568 1890 750 1934 actione
773 1889 966 1933 oratoria
989 1889 1274 1934 committere
1297 1896 1345 1931 vt
1367 1889 1439 1932 alii
1457 1891 1649 1932 lectores
1670 1889 1911 1932 videantur

275 1969 494 2012 iacturam
517 1968 669 2011 facere
689 1966 1051 2018 existimationis,
1072 1966 1148 2009 vbi
1166 1966 1366 2009 fimbrias
1383 1981 1472 2009 non
1491 1966 1784 2022 explicabunt
1806 1981 1908 2009 ora-

279 2044 431 2088 torias.
458 2047 630 2089 Verum
658 2044 791 2088 video
821 2045 1024 2086 futurum
1061 2051 1107 2086 vt
1139 2043 1512 2087 dissimulandum
1547 2044 1814 2099 plerumque
1850 2043 1908 2086 sit

276 2137 386 2180 cum!
401 2121 811 2172 concionatoribus,
838 2120 1027 2172 etiamsi,
1057 2120 1275 2163 admoniti
1306 2120 1504 2175 quidem,
1538 2121 1724 2163 redeant
1755 2127 1906 2164 tamen

277 2201 333 2242 ad
357 2197 607 2256 ingenium.

366 2278 615 2320 Caeterum
638 2274 789 2318 studia
811 2275 992 2318 lectoris
1014 2274 1175 2317 similia
1197 2281 1331 2316 erunt
1359 2273 1429 2326 iis,
1461 2287 1579 2328 quae
1601 2273 1909 2316 concionatori

279 2353 667 2410 praescripsimus,
691 2351 869 2395 tametsi
892 2351 967 2394 hic
990 2366 1079 2394 non
1104 2358 1194 2394 tam
1217 2350 1350 2395 anxie
1367 2350 1577 2393 tractabit
1595 2357 1737 2394 artem
1755 2351 1909 2393 retho—

279 2431 434 2484 ricam3
461 2428 718 2486 theologiae
740 2435 889 2472 tamen
917 2427 1042 2471 dabit
1070 2442 1250 2484 operam
1279 2426 1638 2483 diligentissime.
1675 2428 1791 2470 Nam
1820 2440 1910 2481 quo

280 2507 458 2551 doctior
480 2513 564 2560 est,
589 2505 666 2562 qui
687 2504 799 2561 legit
827 2505 872 2546 in
896 2504 1101 2558 ecclesia,
1127 2519 1182 2548 eo
1206 2504 1417 2548 maiorem
1440 2504 1575 2546 habet
1597 2502 1910 2558 auctoritatem

280 2593 327 2628 et
349 2583 527 2641 plenius
555 2597 608 2626 ac
639 2581 909 2638 profundius
936 2582 1084 2634 docet,
1110 2582 1246 2633 vnde,
1272 2579 1448 2624 etiamsi
1475 2580 1562 2622 alia
1583 2579 1748 2632 desint,
1771 2578 1915 2623 maior

280 2669 350 2705 est
372 2648 557 2703 *fructus
586 2658 853 2715 sperandus.
885 2658 936 2699 In
965 2657 1104 2700 sacris
1133 2671 1240 2702 vero
1262 2657 1403 2700 literis
1431 2655 1614 2700 debebit
1642 2656 1786 2698 lector
1812 2669 1912 2699 esse

282 2736 699 2795 exercitatissimus,
734 2741 780 2778 et
817 2734 862 2776 in
891 2735 1096 2776 docendo
1126 2733 1417 2785 catechismo,
1444 2747 1534 2775 non
1565 2733 1710 2775 solum
1748 2733 1914 2775 doctus

283 2815 362 2858 sed
382 2813 517 2858 etiam
541 2812 751 2871 copiosus
773 2819 818 2856 et
834 2811 1001 2855 clarus.
1021 2812 1112 2853 Iam
1134 2825 1244 2854 vero
1263 2810 1319 2854 de
1341 2808 1612 2852 lectionibus
1633 2807 1916 2852 scholasticis

283 2906 422 2947 quum
446 2890 552 2934 alibi
572 2889 631 2933 sit
660 2889 906 2946 agendum,
932 2887 1043 2929 illud
1071 2887 1384 2949 solumdicam
1413 2888 1498 2928 hoc
1530 2886 1648 2937 loco,
1679 2899 1910 2940 nunquam

288 2968 426 3012 fuisse
448 2949 719 3013 Societatem
743 2965 855 3007 illud
882 2963 1178 3024 ministerium
1208 2970 1514 3018 accepturam,
1540 2961 1626 3005 nisi
1654 2960 1790 3005 simul
1816 2974 1914 3003 mo-

289 3059 386 3086 rum
410 3041 737 3086 institutionem
757 3039 983 3095 suscipere
1006 3054 1053 3082 se
1071 3039 1332 3095 cogitasset.
1355 3039 1447 3093 Itaq
1456 3051 1510 3081 ue
1528 3051 1617 3080 non
1636 3043 1743 3080 sunt
1759 3035 1915 3079 lectio-
