2098 3470
206 22 211 29 ,
268 0 282 13 ⁴¹
345 0 398 14 «Ἥ
414 0 539 20 ..w-n·
555 0 611 22 με(
626 0 687 14 ὲ’-
703 0 731 8 “-
742 0 778 18 ⁸¹1

827 225 1171 262 Insrnucrronzs
1180 242 1208 249 -
1218 222 1264 258 61
1746 228 1815 266 557

226 329 374 375 tiones
396 345 453 375 ex
473 345 565 374 vno
592 330 648 372 ad
677 328 799 373 aliud
826 325 1085 383 collegium:
1118 323 1335 368 conuenit
1363 331 1521 366 tamen„
1541 331 1590 366 vt
1618 307 1864 379 aliquando

227 414 462 451 mutentur
483 407 619 451 etiam
644 405 757 449 citra
779 403 1113 455 necessitatem3
1152 401 1197 444 id
1231 408 1382 444 tamen
1403 400 1572 443 iudicio
1600 400 1836 456 prouincia

227 483 355 526 lium.

315 564 389 606 513
419 561 524 603 Non
546 567 615 604 est
635 573 874 603 necessum
895 564 945 600 vt
966 557 1052 602 iter
1072 557 1290 601 facientes
1310 556 1723 612 singulaquaeque
1747 555 1836 598 scri
1846 581 1861 585 --

227 639 353 688 bant,
379 651 496 693 quae
532 638 806 694 expendent,
846 635 927 680 sed
949 634 1058 678 satis
1078 634 1164 678 erit
1186 635 1354 678 referre
1390 640 1609 689 quantum
1640 632 1863 688 pecuniae

228 714 610 770 consumpserint;
649 714 900 757 curandum
927 719 998 755 est
1029 711 1210 755 interim
1234 726 1291 755 ne
1328 709 1612 754 necessarius
1639 724 1862 766 expensa-

228 805 331 834 rum
353 790 516 834 modus
537 792 800 835 excedatur.

316 868 411 924 Qui
431 867 560 923 equis
583 869 828 919 vehuntur,
853 867 1182 910 admoneantur
1205 880 1231 908 a
1253 864 1711 919 rectoribus,.eisque
1733 879 1864 907 com-

228 946 467 988 mendetur
488 952 715 996 accurate,
746 951 795 986 vt
831 958 987 986 curam
1023 944 1221 986 habeant
1258 941 1526 998 diligentem
1563 956 1785 996 equorum
1817 941 1864 984 in

226 1022 450 1078 hospitiis,
490 1021 806 1078 ephippiorum
837 1029 872 1072 ³,
913 1021 1188 1072 fraenorum,
1228 1020 1484 1063 calceorum
1518 1019 1792 1073 ferreorum,
1818 1028 1866 1063 et

230 1097 369 1141 huius
390 1098 455 1142 rei
478 1098 591 1142 ratio
620 1097 848 1154 exigatur.

321 1176 510 1231 Regula,
543 1189 660 1231 quae
687 1174 970 1230 praescribit,
995 1188 1089 1226 eos,
1116 1173 1193 1229 qui
1219 1187 1275 1216 ex
1306 1173 1467 1217 itinere
1502 1173 1791 1229 hospitantur
1819 1173 1866 1215 in

231 1251 451 1309 collegiis,
478 1253 548 1295 vel
568 1266 623 1295 ex
646 1251 744 1294 aliis
765 1251 970 1308 collegiis
999 1250 1123 1294 missi
1152 1257 1335 1306 propter
1364 1249 1558 1307 negocia
1585 1261 1634 1292 vt
1662 1250 1867 1306 hospites

231 1330 473 1380 habentur,
498 1328 659 1371 subiici
682 1328 846 1373 rectori
868 1329 1050 1380 debere,
1074 1327 1344 1384 intelligitur
1367 1328 1550 1383 quidem
1583 1327 1630 1370 in
1653 1327 1869 1370 omnibus

232 1406 381 1462 (modo
402 1421 460 1450 ne
481 1420 641 1448 eorum
665 1405 820 1449 missio
842 1406 916 1450 vel
938 1404 1133 1462 negocia
1159 1404 1499 1460 impediantur);
1523 1405 1604 1448 sed
1626 1412 1774 1448 rector
1797 1412 1866 1447 ta-

233 1497 338 1527 men
361 1483 591 1526 moderate
612 1489 766 1526 vtetur
787 1496 945 1526 eorum
966 1495 1118 1538 opera.

322 1558 618 1604 Scholasticis
639 1559 805 1602 dentur
825 1559 992 1616 scripta
1013 1573 1096 1602 sua
1118 1559 1302 1614 quando
1324 1560 1382 1602 ab
1405 1574 1493 1602 vna
1514 1559 1650 1602 domo
1674 1559 1718 1601 in
1736 1559 1868 1602 aliam

236 1635 487 1679 mittantur.

321 1712 417 1768 Qui
439 1728 495 1757 ex
518 1712 669 1768 aliquo
691 1712 887 1769 collegio
907 1714 981 1756 vel
1009 1714 1146 1757 domo
1174 1712 1253 1757 514
1279 1712 1541 1765 mittuntur,
1567 1713 1640 1755 his
1667 1712 1868 1769 permitti
1929 1718 1934 1723 '

231 1791 364 1842 solet,
387 1797 438 1832 vt
459 1790 669 1832 auferant
691 1797 869 1832 tantum
892 1805 1027 1833 suum
1049 1790 1288 1843 rosarium,
1312 1805 1448 1834 suum
1469 1789 1635 1833 librum
1659 1804 1866 1846 precum,

234 1865 319 1910 nisi
341 1880 476 1921 quem
499 1865 661 1921 aliquis
683 1865 847 1908 librum
877 1866 1066 1911 haberet
1097 1866 1385 1923 peculiariter
1416 1874 1575 1910 notum
1604 1874 1651 1910 et
1681 1866 1868 1910 familia-

236 1957 348 1997 rem,
373 1942 436 1984 illi
458 1943 729 1986 concederet
751 1951 917 1986 rector.

906 2058 970 2088 DE·
994 2058 1204 2088 VIATICIS

326 2151 418 2193 Pro
441 2149 617 2194 viaticis
638 2158 896 2194 nostrorum
918 2152 1140 2195 habeatur
1162 2154 1274 2196 haec
1302 2152 1558 2204 instructio,
1584 2161 1633 2195 vt
1660 2154 1872 2198 aduerta-

238 2238 313 2274 tur
334 2230 408 2274 cui
429 2228 624 2285 collegio
645 2236 715 2271 est
743 2228 863 2271 vtilis
884 2228 1054 2272 missio.
1082 2230 1175 2274 Sed
1195 2231 1282 2272 hoc
1310 2236 1461 2285 potest
1490 2230 1586 2273 fieri
1610 2230 1867 2286 dupliciter:

236 2315 316 2352 aut
337 2308 460 2363 quod
480 2306 539 2351 sit
562 2313 737 2348 tantum
759 2305 882 2348 vtilis
905 2305 979 2348 vni
1000 2320 1057 2349 ex
1078 2306 1300 2363 collegiis,
1326 2308 1444 2350 vnde
1467 2315 1546 2350 aut
1567 2321 1658 2362 quo
1680 2307 1869 2350 mittun-

238 2391 328 2436 tur,
351 2391 398 2428 et
426 2391 572 2426 totum
601 2382 816 2425 viaticum
854 2383 991 2427 debet
1027 2383 1210 2428 soluere
1237 2383 1348 2426 illud
1376 2384 1621 2440 collegium
1654 2384 1699 2426 in
1738 2384 1872 2427 cuius

237 2460 475 2504 vtilitatem
505 2470 575 2504 est
596 2461 717 2502 facta
745 2458 846 2502 talis
873 2459 1027 2502 missio
1040 2465 1057 2513 ;'
1075 2467 1154 2504 aut
1180 2460 1316 2505 etiam
1346 2469 1495 2517 potest
1522 2476 1622 2504 esse
1651 2461 1771 2503 Vtilis
1793 2460 1870 2502 vni

237 2545 285 2582 et
305 2537 434 2582 alteri
461 2536 671 2592 collegio,
701 2544 746 2579 et
782 2545 890 2579 tunc
918 2543 1162 2592 vtrumque
1198 2538 1348 2581 soluet
1377 2553 1504 2580 suam
1535 2545 1707 2593 partem
1745 2537 1871 2579 iuxta

239 2613 530 2671 prouincialis
551 2612 804 2656 arbitrium.
832 2613 970 2668 Quod
990 2613 1028 2656 si
1057 2615 1240 2669 quando
1266 2614 1555 2670 contingeret
1569 2621 1760 2670 vpropter
1788 2613 1871 2655 ali—

234 2705 375 2748 quam
401 2689 719 2735 necessitatem
742 2689 858 2733 mitti
886 2690 1081 2746 aliquem
1110 2705 1166 2734 ex
1204 2706 1292 2735 vna
1322 2699 1449 2748 parte
1482 2692 1538 2734 ad
1576 2690 1724 2742 aliam,
1749 2691 1871 2745 quod

240 2766 389 2812 neutri
410 2774 531 2811 esset
551 2765 570 2791 ¹³
592 2766 665 2809 515
687 2766 813 2819 vtile,
837 2766 983 2822 primo
1004 2766 1079 2810 isti
1101 2768 1195 2812 fere
1216 2767 1453 2812 mittentur
1471 2767 1517 2809 in
1541 2766 1870 2823 peregrinatio-

242 2858 365 2896 nem,
389 2851 436 2888 et
454 2842 522 2886 sic
543 2844 668 2886 nullo
689 2858 804 2899 opus
824 2844 910 2887 erit
932 2858 1040 2888 vere
1062 2843 1245 2898 viatico;
1264 2853 1310 2890 et
1334 2853 1483 2888 tamen
1506 2843 1543 2887 si
1566 2843 1870 2886 necessarium

241 2928 380 2971 esset,
399 2919 585 2978 ‚videtur
605 2919 718 2962 illud
739 2921 905 2965 debere
927 2921 1043 2964 solui
1065 2921 1112 2964 in
1134 2922 1364 2965 communi
1388 2936 1413 2964 a
1437 2928 1530 2964 tota
1558 2919 1806 2976 prouincia.

313 3042 331 3060 a
355 3032 607 3079 ephipiorum
626 3043 699 3067 ms.
757 3053 786 3058 —
805 3034 823 3060 b
849 3044 928 3068 esse
946 3044 1019 3068 ms.
