2098 3470
817 258 1251 296 Insrnucnonns—or
1734 259 1805 304 465

215 361 522 407 conscientiae
553 361 747 419 singulis
777 361 939 405 diebus
970 359 1017 403 in
1054 373 1224 416 genere
1254 360 1413 404 saltem
1448 361 1505 403 de
1541 359 1849 411 interioribus,

158 445 164 451 '
217 438 546 496 particulariter
565 438 702 483 etiam
721 439 780 481 de
806 437 1022 482 externis.
1049 437 1099 479 Id
1120 450 1227 479 vero
1249 435 1434 487 faciant,
1460 435 1497 479 si
1521 443 1582 478 lta
1606 436 1780 488 malint,
1806 436 1852 479 in

217 516 521 568 confessione,
554 515 732 560 etiamsi
760 529 852 558 non
880 514 1178 557 absoluantur
1212 521 1339 565 tunc,
1371 512 1498 568 quasi
1529 513 1606 567 qui
1639 513 1854 556 inchoant

217 592 569 637 confessionem.

307 669 398 714 Vbi
430 669 534 725 quis
559 675 781 726 grauatur
812 667 1079 720 tentatione,
1104 666 1214 710 vtile
1242 674 1312 710 est
1343 670 1427 713 276
1449 665 1486 709 si
1516 665 1854 711 confessionem

217 747 480 804 generalem
514 746 636 790 dicat
667 759 772 789 cum
801 744 955 789 debita
986 743 1259 788 contritione
1280 745 1452 787 deuota
1484 750 1531 786 et
1559 743 1740 795 humili,
1776 744 1854 786 ad-

216 823 361 868 hibita
381 824 518 868 etiam
541 823 691 879 aliqua
712 821 1035 866 satisfactione.

178 892 186 899 ⁸
307 901 440 944 quat
461 900 641 956 priuare
662 899 996 951 communione,
1020 899 1169 943 donec
1191 897 1354 942 melius
1381 898 1597 951 habeant,
1633 898 1712 953 qui
1734 897 1853 940 diffi-

219 976 355 1022 cilius
375 977 692 1022 emendantur.
714 977 886 1020 Contra
913 990 1023 1020 vero
1043 975 1172 1018 iuuat
1193 975 1436 1031 aliquando
1459 975 1744 1030 frequentius
1769 973 1857 1016 illis

216 1054 585 1099 communionem
607 1043 873 1106 concedere,
897 1054 1032 1096 modo
1052 1052 1139 1097 rite
1158 1052 1205 1095 id
1226 1051 1416 1108 possint.

306 1131 371 1175 Vt
390 1130 478 1187 ipsi
506 1138 663 1187 petant
685 1129 890 1186 publicas
912 1129 1229 1186 poenitentias,
1254 1129 1413 1186 quales
1440 1136 1549 1172 sunt
1570 1129 1739 1185 priuari
1763 1130 1856 1171 col-

217 1206 382 1264 loquiis
408 1209 616 1259 fratrum,
640 1206 808 1263 priuari
835 1207 1064 1250 communi
1095 1221 1268 1258 mensa,
1293 1206 1523 1249 communi
1550 1206 1854 1257 habitatione,

217 1285 322 1328 loco
344 1284 578 1328 communi
598 1283 811 1327 audiendi
834 1283 1014 1327 missam
1037 1291 1084 1329 et
1103 1283 1386 1336 concionem,
1406 1291 1452 1327 et
1469 1283 1578 1326 alias
1594 1290 1854 1335 consuetas,

217 1369 265 1405 et
281 1375 360 1406 eas
381 1361 564 1417 quidem
585 1361 788 1405 exterius
810 1361 1008 1406 referant
1029 1362 1087 1404 ad
1115 1361 1311 1416 aliquem
1341 1361 1575 1404 defectum
1599 1368 1856 1411 externum,

218 1438 294 1483 vel
315 1438 372 1481 ad
390 1437 589 1481 studium
607 1437 871 1494 proficiendi
888 1437 933 1480 in
950 1437 1128 1494 spiritu,
1148 1437 1471 1492 etc.„interius
1488 1452 1598 1482 vero
1614 1437 1858 1494 praecipue

216 1514 276 1558 ad
297 1514 521 1560 internam
543 1514 615 1559 vel
637 1522 857 1558 secretam
879 1514 1214 1559 necessitatem.

264 1648 266 1650 v
307 1592 460 1644 quat,
481 1591 519 1634 si
540 1591 619 1634 fiat
641 1590 803 1636 electio
819 1606 875 1636 ex
891 1591 1133 1643 exercitiis,
1151 1598 1203 1634 vt
1218 1591 1506 1636 inueniamus
1524 1590 1633 1647 quid
1650 1590 1784 1635 nobis
1801 1591 1858 1634 sit

219 1667 328 1714 vtile
355 1667 402 1711 in
430 1667 586 1725 primis
624 1669 829 1711 futurum
858 1669 916 1712 ad
943 1667 1196 1724 profectum
1224 1667 1409 1725 spiritus
1447 1676 1492 1713 et
1521 1668 1856 1713 emendandum

218 1745 414 1803 aliquem
436 1746 676 1790 defectum.

307 1823 371 1870 Vt
392 1823 678 1867 confessores
706 1824 904 1866 habeant
933 1822 1240 1878 quotidianam
1269 1822 1491 1867 rationem
1530 1824 1587 1866 ad
1615 1837 1857 1879 vesperum

216 1913 390 1949 eorum,
410 1913 601 1955 quorum
619 1899 928 1944 confessiones
945 1899 1153 1953 audiunt,
1177 1899 1216 1943 si
1236 1914 1328 1942 non
1351 1899 1572 1952 omnium,
1594 1899 1856 1955 praesertim

217 1989 395 2029 eorum,
419 1990 535 2031 quos
555 1975 711 2019 vident
729 1975 896 2019 auxilio
913 1990 1067 2033 egere,
1086 1984 1134 2020 et
1154 1975 1255 2020 illos
1272 1976 1661 2019 admonitionibus
1678 1977 1855 2029 iuuent,

217 2059 265 2096 et
285 2051 535 2105 industriis;
560 2056 643 2099 277
665 2052 728 2096 ita
751 2060 919 2106 tamen,
946 2060 995 2095 vt
1016 2067 1075 2097 ne
1095 2052 1241 2096 videri
1262 2053 1406 2109 possit
1436 2053 1481 2096 id
1504 2053 1684 2098 laedere
1712 2054 1858 2110 perfe-

218 2128 415 2172 ctionem
437 2128 574 2185 sigilli
590 2129 904 2174 confessionis.

307 2206 508 2250 Examen
526 2205 798 2262 particulare
817 2205 1045 2262 praecipui
1059 2206 1267 2250 defectus
1278 2207 1428 2261 facere
1443 2207 1680 2264 perlineas
1698 2222 1858 2263 quem-

218 2282 463 2326 admodum
492 2282 685 2326 traditur
718 2283 765 2326 in
794 2282 1039 2336 exercitiis,
1067 2291 1116 2327 et
1150 2283 1265 2327 inire
1293 2283 1531 2338 rationem,
1558 2299 1649 2327 non
1681 2292 1857 2328 tantum

217 2366 270 2403 vt
289 2374 382 2403 non
410 2373 669 2416 peccemus,
694 2361 775 2405 sed
806 2369 855 2404 vt
886 2360 932 2404 in
966 2361 1128 2404 melius
1159 2361 1464 2418 proficiamus,
1491 2363 1779 2405 obseruando
1813 2371 1858 2406 et

217 2437 499 2481 conferendo
529 2451 720 2486 examen
748 2451 852 2480 cum
880 2438 1104 2490 examine,
1130 2438 1248 2482 diem
1278 2453 1384 2482 cum
1414 2439 1503 2491 die,
1529 2439 1857 2482 hebdomadam

218 2507 325 2556 cum
346 2514 649 2566 hebdomada,
673 2521 722 2556 vt
750 2514 967 2558 maiorem
990 2514 1190 2558 animum
1218 2515 1531 2572 concipiamus
1554 2516 1611 2558 ad
1642 2516 1857 2564 emenda·

221 2589 394 2635 tionem-
413 2590 485 2635 vel
507 2605 564 2634 ex
585 2591 869 2644 confusione,
895 2593 967 2636 vel
991 2606 1046 2635 ex
1068 2593 1394 2636 consolatione.

310 2666 404 2723 Qui
427 2674 646 2722 tentatur,
667 2667 863 2724 primum
881 2683 932 2713 se
949 2669 1172 2722 humiliet3
1191 2669 1357 2713 deinde
1379 2670 1594 2712 inuocent
1612 2668 1857 2711 Dominum

221 2741 396 2788 dicens:
425 2761 442 2782 α
452 2744 634 2798 Vidisti,
654 2744 865 2798 Domine,
886 2760 944 2789 ne
962 2745 1112 2800 sileas3
1131 2746 1342 2798 Domine,
1362 2761 1419 2789 ne
1436 2746 1645 2788 discedas
1661 2760 1686 2787 a
1703 2760 1774 2788 me
1797 2747 1823 2787 ¹.
1837 2764 1853 2784 ι)

228 2818 465 2873 «Domine,
490 2820 581 2864 vim
604 2821 751 2878 patior
773 2823 815 2862 ²»
841 2830 951 2875 etc.‚
977 2823 1050 2866 vel
1069 2823 1216 2868 simile
1238 2823 1424 2878 aliquid,
1451 2823 1571 2877 quod
1589 2822 1737 2877 ipsum
1760 2837 1858 2865 mo-

8 2898 10 2909 '
92 2915 103 2925 ³
143 2929 147 2934 .
192 2913 198 2918 ·
225 2909 334 2940 uere
351 2897 497 2953 magis
511 2897 679 2948 videat.
701 2899 856 2944 Tertio
874 2913 999 2956 spem
1018 2901 1181 2943 bonam
1195 2899 1470 2955 concipiant.
1492 2900 1671 2954 Quarto
1689 2898 1857 2942 iudicet

301 3062 311 3080 ¹
360 3060 429 3099 Ps.
451 3061 630 3108 XXXIV,
650 3071 711 3097 22.
1268 3066 1281 3086 ²
1333 3064 1447 3108 IsA1.,
1469 3063 1684 3107 XXXVIII,
1708 3072 1762 3108 14.

402 3125 523 3154 Emsr.
546 3126 583 3154 Ρ.
604 3126 739 3162 NAnAL,
760 3134 840 3156 rou.
863 3128 929 3157 IV.
1646 3129 1677 3155 31
