2098 3470
286 257 356 304 532
757 260 913 297 PATms
939 261 1182 297 Hmnonvm
1207 261 1358 298 NADAL

238 374 320 417 pro
343 360 554 404 omnibus
576 360 738 404 officiis
759 362 953 419 collegio
975 362 1243 407 necessariis
1263 362 1497 407 sufficiens
1514 378 1746 416 numerus,
1769 371 1871 408 ton-

236 451 312 481 sor
327 436 480 490 etiam,
501 444 662 491 sartor,
683 445 826 492 sutor,
845 439 978 492 lotor,
996 439 1036 499 si
1054 438 1305 495 amplitudo
1321 439 1502 496 collegii
1522 439 1567 482 id
1587 439 1803 496 requirat;
1823 451 1870 485 et

238 521 392 558 tamen
407 513 493 557 erit
509 513 727 558 iudicium
744 515 988 572 superioris
1005 530 1063 559 an
1080 530 1199 559 vnus
1215 516 1345 572 plura
1361 515 1514 560 officia
1531 530 1692 573 gerere
1707 517 1868 574 possit.

328 591 431 636 Sint
453 591 574 634 domi
596 592 749 648 plures
771 593 1078 645 coadiutores,
1105 607 1239 648 quam
1262 592 1340 648 qui
1362 594 1664 638 communiter
1686 594 1743 637 ad
1765 594 1870 637 offi-

238 667 308 711 cia
330 667 578 712 domestica
601 675 710 712 sunt
730 670 989 722 necessarii,
1015 676 1063 712 vt
1085 669 1143 713 sit
1164 669 1287 712 domi
1303 669 1382 724 qui
1399 669 1644 714 comitetur
1659 671 1864 714 sacerdo-

239 752 308 790 tes
335 745 443 789 dum
473 745 774 802 egrediuntur
806 747 963 800 domo,
995 746 1363 802 quandoquidem
1396 761 1488 790 non
1516 747 1622 791 licet
1649 747 1714 792 ire
1741 747 1872 793 solis.

239 824 441 866 Possunt
464 829 614 866 tamen
641 836 697 866 ex
725 822 910 867 nouitiis
939 822 1128 867 comites
1157 823 1287 879 seligi
1316 823 1396 877 illi,
1423 823 1590 879 quibus
1610 825 1698 867 hoc
1721 830 1871 880 potest

239 906 340 942 tuto
360 898 598 952 committi,
623 906 674 942 vt
695 899 835 955 quiin
853 899 1122 956 probatione
1138 900 1331 944 maiores
1348 900 1563 945 fecissent
1579 915 1868 958 progressus:

238 976 284 1018 id
306 975 364 1019 sit
393 975 522 1031 quasi
551 990 700 1033 genus
727 978 953 1033 quoddam
982 976 1277 1033 probationis.
1311 977 1579 1021 Cauendum
1609 983 1759 1022 tamen
1786 976 1876 1020 erit

238 1067 295 1096 ne
317 1060 558 1109 propterea
579 1053 797 1097 iacturam
822 1053 1008 1110 spiritus
1030 1053 1214 1097 faciant.

237 1177 330 1219 454
480 1164 484 1167 ”
613 1186 675 1216 DE
707 1186 1023 1217 PROMOTIONE
1056 1187 1118 1216 AD
1152 1186 1491 1217 SACERDOTIUM

327 1286 398 1329 Ne
421 1284 688 1328 ordinentur
709 1286 967 1329 sacerdotes
989 1284 1148 1337 nostri,
1173 1299 1258 1328 nec
1280 1285 1620 1329 constituantur
1635 1285 1867 1329 confessa-

238 1362 292 1406 rii
314 1363 387 1406 vel
410 1361 759 1418 praedicatores,
785 1362 1043 1405 inconsulto
1066 1362 1334 1418 prouinciali
1354 1370 1400 1406 et
1426 1363 1532 1418 [non
1554 1362 1641 1405 nisi
1661 1363 1730 1418 eo]
1761 1377 1869 1419 pro-

236 1441 392 1483 bante:
418 1439 611 1483 iuuenes
630 1453 739 1483 vero
767 1440 1026 1482 sacerdotes
1048 1453 1138 1481 non
1167 1438 1516 1482 destinabuntur
1538 1440 1596 1482 ad
1623 1438 1871 1483 audiendas

237 1516 476 1561 mulierum
501 1515 829 1568 confessiones3
856 1530 940 1558 nec
963 1514 1040 1571 qui
1063 1523 1170 1558 sunt
1192 1513 1451 1560 sacerdotes
1473 1522 1518 1559 et
1545 1516 1655 1558 dant
1684 1530 1867 1572 operam

236 1593 380 1637 literis
407 1593 687 1637 iubebuntur
713 1593 1025 1637 confessiones
1055 1592 1214 1637 audire
1245 1607 1347 1635 cum
1381 1592 1556 1636 iactura
1588 1592 1866 1646 studiorum;

237 1672 397 1714 saltem
421 1685 512 1713 non
535 1670 644 1714 alias
665 1684 798 1725 quam
822 1670 983 1714 diebus
1006 1669 1244 1713 dominicis
1267 1678 1311 1713 et
1330 1669 1472 1722 festis,
1497 1676 1542 1712 et
1560 1677 1669 1712 tunc
1686 1669 1873 1724 quidem

238 1748 276 1792 si
298 1747 554 1792 necessaria
576 1746 633 1790 sit
655 1761 810 1791 eorum
834 1761 984 1803 opera.
1013 1747 1170 1802 Quare
1192 1747 1463 1798 curandum,
1489 1747 1641 1802 quoad
1658 1745 1756 1790 eius
1771 1745 1871 1790 fieri

238 1825 420 1882 poterit,
448 1831 495 1867 vt
517 1824 592 1867 alii
614 1823 877 1868 confessarii
899 1823 990 1866 sint
1012 1823 1057 1866 in
1080 1823 1284 1881 collegi-is
1305 1832 1323 1848 ³
1340 1822 1585 1866 sufficienti
1602 1837 1806 1866 numero.

890 1957 953 1986 DE
977 1956 1217 1986 MUNDITIA

329 2059 612 2102 Aduertatur
635 2065 681 2101 vt
704 2056 839 2102 certis
861 2056 1022 2100 diebus
1046 2057 1206 2100 fratres
1228 2057 1450 2099 mundent
1471 2054 1643 2111 caligas
1673 2068 1794 2106 suas,
1825 2060 1873 2097 et

169 2135 177 2144 ’
239 2136 413 2191 reliqua
435 2135 719 2188 indumenta,
743 2134 789 2177 in
814 2133 978 2188 quibus
1000 2131 1177 2188 concipi
1199 2133 1347 2176 solent
1368 2131 1387 2157 b
1407 2131 1621 2188 pediculi.

329 2213 476 2256 Pedes
509 2227 567 2255 ne
599 2219 768 2255 temere
796 2210 914 2254 inter
942 2225 990 2253 se
1021 2210 1177 2253 lauent
1210 2210 1388 2262 fratres,
1421 2222 1522 2261 nec,
1556 2215 1872 2265 praeterquam

238 2305 381 2347 quum
410 2304 571 2335 recens
597 2292 683 2336 455
712 2287 978 2339 adueniunt,
1011 2287 1089 2329 fiat
1118 2286 1253 2329 huius
1281 2285 1463 2329 lotionis
1490 2300 1615 2343 Vsus,
1648 2286 1706 2327 ad
1732 2299 1867 2340 quam

238 2367 330 2410 sint
351 2365 654 2423 probatissimi
677 2364 917 2421 designati.

329 2445 479 2500 Caput
503 2443 629 2496 item,
655 2442 692 2485 si
714 2443 920 2485 consulat
943 2441 1146 2484 medicus
1167 2455 1266 2484 esse
1287 2440 1531 2483 lauandum
1566 2438 1794 2492 fratribus,
1819 2439 1871 2482 id

237 2537 297 2566 ne
319 2521 488 2565 faciant
511 2519 597 2577 ipsi
618 2526 779 2562 mutuo
800 2518 917 2562 inter
939 2532 1004 2570 se,
1030 2519 1109 2561 sed
1133 2525 1287 2560 tonsor
1308 2515 1602 2567 domesticus,
1627 2515 1665 2558 si
1687 2516 1788 2571 quis
1810 2516 1868 2559 sit

237 2598 376 2651 domi,
403 2598 476 2641 vel
498 2596 660 2653 aliquis
681 2610 737 2639 ex
759 2594 960 2651 probatis
981 2593 1212 2646 fratribus,
1237 2594 1310 2636 vel
1332 2600 1548 2637 externus
1572 2599 1742 2637 tonsor.

237 2732 302 2762 DE
325 2730 563 2768 N0U1T11s,
590 2728 653 2758 11s
676 2727 998 2765 PRAESERTIM,
1026 2726 1108 2764 QUI
1133 2725 1380 2755 HABITANT
1410 2725 1459 2754 IN
1488 2724 1743 2755 COLLEGns
1776 2725 1867 2755 VEL

733 2803 949 2834 DOMIBUS
983 2802 1330 2833 PROFESSORUM
1363 2794 1380 2813 ⁰

325 2905 517 2958 Nouitii,
543 2903 620 2960 qui
642 2904 689 2947 in
717 2902 928 2945 domibus
958 2902 1261 2957 professorum
1292 2910 1337 2943 et
1367 2900 1411 2942 in
1440 2899 1644 2956 collegiis
1670 2900 1868 2956 proban-

308 3084 326 3100 a
375 3071 535 3119 collegii
553 3083 628 3107 ms.
684 3071 751 3098 -b
777 3069 872 3104 solet
891 3079 962 3103 ms.
1016 3076 1079 3095 —e
1105 3077 1127 3111 9
1145 3057 1284 3102 ultima
1299 3059 1565 3101 verba'addita
1583 3064 1789 3112 posterius.
