2098 3470
0 1574 19 1714 ',-·.-:=2⁷⁷e.-
0 1539 9 1564 τ’,
0 1487 10 1525 ..we
0 1444 2 1471 *-

741 282 1175 322 Insrnucnonsss-61
1660 292 1733 329 499

145 405 240 436 non
268 405 318 435 se
345 390 590 434 extendere
617 403 747 432 suam
775 384 1046 431 ordinariam
1075 372 1336 429 facultatem
1368 399 1416 428 re
1448 385 1781 430 communicata

145 481 250 512 cum
273 466 558 511 consiliariis.

237 544 351 588 Illud
372 542 574 587 studiose
600 548 801 594 curetur,
832 540 981 596 quoad
1007 539 1107 583 eius
1135 539 1232 584 fieri
1259 539 1419 596 possit,
1450 541 1607 584 eadem
1641 542 1783 586 forma

147 635 298 666 rerum
320 619 640 674 actionumque
661 618 829 674 vbique
848 618 1050 660 locorum
1073 631 1099 659 a
1119 616 1286 659 nostris
1306 617 1591 662 obseruetur.

237 697 404 742 Nullus
419 695 734 739 introducatur
751 694 865 738 ritus
878 694 952 738 {rel
968 693 1268 749 consuetudo,
1287 694 1360 738 vel
1376 693 1495 738 circa
1513 695 1779 749 orationem,

151 774 224 818 vel
244 773 294 817 in
313 773 489 817 ratione
509 771 860 828 castigationum
878 769 1043 822 carnis,
1062 770 1135 814 vel
1152 769 1199 812 in
1215 769 1315 814 aliis
1336 771 1489 823 rebus,
1510 781 1589 814 aut
1605 779 1780 826 contra,

152 858 232 895 aut
251 858 431 908 praeter
452 864 521 902 ea,
547 863 663 904 quae
685 848 732 890 in
753 847 961 891 instituto
981 854 1028 890 et
1049 846 1221 904 regulis
1241 846 1408 891 nostris
1434 848 1507 891 vel
1536 851 1786 905 approbata

151 926 486 972 consuetudine
513 926 818 970 continentur.
844 924 894 969 Si
916 923 1025 981 quid
1050 938 1160 968 vero
1186 924 1416 968 videretur
1437 927 1718 979 nouandum,
1742 926 1788 970 id

154 1019 248 1048 non
268 1005 364 1056 fiat,
384 1003 470 1046 nisi
488 1003 606 1048 idem
623 1003 845 1059 approbet
861 1002 934 1045 vel
949 1000 1248 1058 congregatio
1263 1001 1337 1046 vel
1353 1002 1580 1058 generalis
1595 1018 1786 1061 praepo-

154 1081 286 1134 situs,
312 1081 434 1137 quod
458 1088 610 1125 tamen
632 1094 726 1122 non
748 1078 918 1122 facient
938 1077 1025 1121 nisi
1046 1077 1105 1121 sit
1120 1077 1232 1120 illud
1249 1093 1305 1123 ex
1322 1078 1497 1123 ratione
1514 1079 1725 1124 instituti.

244 1163 315 1205 381
340 1158 585 1202 Caeterum
608 1156 720 1199 illud
741 1155 875 1199 simul
896 1162 966 1199 est
987 1154 1350 1211 intelligendum,
1370 1170 1463 1199 non
1480 1171 1581 1201 esse
1597 1157 1791 1213 positam

157 1234 511 1280 vniformitatem
533 1233 579 1276 in
600 1233 829 1278 Societate
849 1232 896 1275 in
918 1246 989 1284 eo,
1009 1239 1059 1274 vt
1074 1231 1225 1275 omnia
1245 1233 1406 1276 eodem
1422 1242 1557 1289 pacto
1579 1233 1626 1277 in
1643 1235 1794 1278 omni-

161 1315 249 1358 bus
265 1312 378 1356 locis
395 1310 638 1356 Societatis
655 1317 864 1366 agantur.
886 1309 1007 1354 Sunt
1022 1308 1142 1354 enim
1162 1310 1317 1362 multa,
1337 1324 1470 1365 quae,
1490 1325 1572 1367 pro
1587 1312 1791 1356 locorum

161 1389 382 1434 varietate
409 1396 454 1432 et
482 1387 731 1439 nationum,
757 1386 881 1429 varia
908 1401 1008 1430 esse
1034 1387 1204 1431 debent
1230 1387 1510 1441 necessari03
1536 1395 1583 1432 et
1612 1388 1794 1444 quidem

162 1466 313 1523 aliqua
333 1481 389 1510 ex
411 1464 634 1516 instituto,
661 1470 709 1506 vt
730 1464 788 1507 de
810 1463 987 1508 ratione
1009 1463 1204 1508 vestium
1226 1463 1524 1520 intelligimus
1545 1479 1603 1509 ex
1627 1467 1796 1509 confir-

163 1543 362 1588 matione
383 1541 639 1594 Societatis,
663 1547 710 1583 et
736 1555 795 1584 ex
822 1539 1239 1593 constitutionibus,
1270 1541 1327 1584 de
1355 1541 1574 1586 varietate
1601 1542 1647 1585 in
1677 1545 1797 1587 cele-

164 1620 370 1664 bratione
386 1618 623 1662 missarum
642 1632 723 1673 pro
747 1617 984 1674 regionum
1006 1616 1286 1671 diuersitate;
1311 1617 1357 1661 in
1379 1619 1640 1663 scholarum
1662 1620 1798 1664 etiam

166 1695 393 1742 exercitiis
410 1695 559 1751 aliqua
575 1702 645 1738 est
661 1694 916 1737 necessaria
931 1695 1156 1738 seruanda
1177 1694 1433 1740 diuersitas.
1461 1697 1512 1739 In
1533 1696 1647 1740 cibis
1668 1689 1807 1753 prae-'

166 1779 306 1827 terea,
330 1780 376 1817 et
395 1772 521 1815 victu
543 1770 823 1828 quotidiano,
850 1770 895 1813 in
917 1780 1055 1814 cantu
1076 1771 1241 1815 missae
1261 1778 1307 1816 et
1328 1786 1623 1829 vesperarum
1654 1774 1804 1817 domi-

166 1850 282 1895 nicis
308 1858 356 1894 et
383 1849 525 1902 festis,
555 1855 663 1901 etc.,
695 1862 751 1891 ex
780 1847 1114 1892 consuetudine
1139 1834 1349 1892 seruatur
1370 1849 1584 1896 varietas.
1608 1852 1714 1895 Non
1735 1860 1805 1896 est

167 1928 308 1986 igitur
330 1927 589 1983 quaerenda
610 1925 894 1968 vniformitas
915 1925 960 1968 in
984 1925 1210 1978 omnibus,
1235 1927 1618 1982 quemadmodum
1644 1943 1730 1972 nec
1759 1929 1804 1972 in

170 2004 362 2051 ecclesia
390 2003 614 2047 catholica
642 2003 917 2058 quaerimus,
950 2003 1032 2046 sed
1058 2017 1111 2045 ea
1132 2009 1202 2046 est
1223 2004 1481 2059 quaerenda
1502 2005 1805 2059 vniformitas,

172 2096 290 2138 quae
310 2096 366 2125 ex
387 2080 597 2123 instituto
617 2087 774 2122 nostro
802 2078 1061 2136 requiritur,
1092 2088 1139 2123 et
1165 2095 1220 2124 ea
1246 2081 1441 2124 varietas
1473 2085 1807 2138 conseruanda,

172 2173 290 2215 quae
315 2158 390 2202 vel
418 2172 473 2200 ex
501 2156 710 2200 instituto
741 2156 816 2208 sit,
850 2157 921 2201 vel
952 2163 1111 2200 contra
1141 2156 1401 2200 institutum
1433 2173 1525 2202 non
1557 2159 1633 2212 sit,
1666 2175 1720 2204 ac
1752 2176 1810 2205 ne

174 2242 352 2292 praeter
373 2222 631 2278 institutum
654 2233 855 2289 quidem,
881 2241 1032 2277 tamen
1055 2248 1172 2289 quae
1192 2235 1412 2290 probetur
1429 2236 1710 2282 authoritate
1727 2238 1811 2282 So-

176 2310 354 2356 cietatis
377 2311 446 2355 vel
470 2309 713 2366 praepositi
735 2310 977 2366 generalis.

266 2392 350 2434 382
373 2389 431 2430 Et
451 2387 819 2442 quandoquidem
847 2387 1073 2444 contingit
1094 2387 1242 2431 varias
1270 2402 1371 2434 esse
1398 2391 1742 2435 obseruationes
1770 2391 1814 2433 in

179 2464 315 2508 variis
336 2463 600 2521 prouinciis,
625 2464 832 2507 diuersos
854 2464 990 2508 etiam
1018 2464 1150 2518 ritus,
1180 2466 1268 2508 hoc
1295 2466 1543 2511 obseruent
1574 2467 1817 2524 diligenter

180 2541 499 2598 prouinciales,
514 2548 565 2583 vt
580 2540 747 2584 faciant
760 2541 997 2584 certiorem
1013 2542 1274 2598 generalem
1290 2543 1598 2600 praepositum
1616 2544 1818 2588 omnium

182 2617 522 2675 particularium
544 2617 946 2671 consuetudinum,
971 2619 1045 2663 vel
1067 2618 1237 2662 rituum
1259 2634 1371 2664 suae
1392 2621 1671 2676 prouinciae.

276 2694 541 2740 Retineatur
558 2695 864 2751 consuetudo,
883 2710 1000 2751 quae
1017 2696 1155 2740 habet
1171 2710 1230 2740 ne
1245 2697 1450 2742 medicus
1467 2711 1620 2740 coram
1634 2707 1824 2755 aegroto

188 2771 431 2828 quicquam
454 2771 748 2828 praescribat,
773 2773 846 2814 vel
867 2772 925 2816 de
947 2771 1183 2816 medicinis
1207 2775 1277 2817 vel
1299 2775 1356 2818 de
1379 2775 1551 2818 ratione
1574 2774 1738 2827 victus,
1774 2790 1826 2818 ac

188 2863 247 2892 ne
277 2862 431 2892 coram
461 2847 789 2893 valetudinario
819 2849 1004 2904 quidem
1036 2850 1109 2893 vel
1146 2852 1516 2904 conualescente;
1557 2852 1638 2896 sed
1670 2851 1716 2894 id
1747 2852 1827 2894 fiat

190 2938 343 2969 coram
373 2926 603 2982 praefecto
629 2924 836 2968 sanitatis
866 2926 940 2970 vel
966 2925 1190 2979 ministro,
1220 2928 1292 2970 vel
1326 2935 1532 2983 Vtroque,
1568 2929 1641 2971 vel
1669 2929 1827 2972 saltem

139 3002 142 3004 ’
190 3000 453 3055 infirmari03
479 3008 525 3045 et
544 3015 600 3045 eo
620 3001 813 3057 amplius
841 3003 1092 3046 curandum
1122 3003 1222 3056 erit,
1254 3019 1311 3048 ne
1344 3004 1584 3060 quicquam
1618 3019 1774 3048 eorum
1804 3020 1830 3048 a

193 3078 371 3122 medico
392 3078 671 3135 praescripta
692 3077 945 3125 omittatur.
