2098 3470
813 177 1248 218 herimmannus—61
1729 174 1801 211 613
1826 184 1831 190 ⁴

208 284 390 330 concio,
414 283 630 340 Alioquin
651 284 878 327 vehantur
897 294 1016 337 equo
1035 279 1215 332 eodem,
1240 278 1486 335 equitando
1515 277 1715 322 vicissim
1732 291 1845 321 con-

213 361 420 405 cionator
440 368 487 407 et
508 360 679 413 socius,
703 359 743 403 si
763 358 823 403 sit
844 373 978 415 opus.

301 437 385 491 Illi,
404 438 483 494 qui
504 453 560 482 ex
582 437 748 481 nostris
768 434 1033 480 comitatum
1055 441 1167 477 eunt
1187 432 1548 484 concionatores,
1574 432 1612 475 si
1634 439 1842 488 possunt,

203 514 576 559 communionem
597 513 822 570 accipiant
842 520 862 538 ⁸
880 511 957 555 vbi
979 511 1188 555 habenda
1209 517 1279 555 est
1296 506 1477 561 concio,
1496 509 1534 551 si
1552 509 1734 565 quidem
1753 508 1844 551 sint

214 590 610 635 communicaturi.

297 669 509 712 Facultas
529 666 830 712 concionandi
851 654 896 710 in
918 665 1079 723 plateis
1106 663 1204 707 dari
1231 663 1401 721 poterit
1421 663 1557 707 etiam
1590 678 1616 706 a
1644 672 1839 717 rectore,

204 745 457 789 dummodo
476 743 732 790 aedificatio
765 750 812 787 et
833 742 1003 786 vtilitas
1040 747 1270 798 appareat;
1305 755 1411 784 cum
1439 754 1665 784 consensu
1691 748 1843 785 tamen

210 822 412 880 episcopi
433 823 507 865 vel
528 821 629 866 eius
649 819 807 864 vicarii
828 820 875 864 id
897 821 990 864 fiat.

296 903 380 948 855
412 898 615 943 Tametsi
650 898 697 941 in
734 897 905 955 regulis
939 896 1108 940 vltimis
1144 894 1464 955 exercitiorum
1502 902 1722 938 caueatur
1749 910 1841 939 non

186 991 310 1037 ¹esse
328 976 512 1032 quidem
533 975 715 1035 publice
735 976 792 1018 de
829 974 1040 1031 praelatis
1066 983 1145 1017 aut
1174 973 1454 1030 principibus
1480 973 1838 1028 obloquendum,

208 1067 343 1110 posse
363 1061 514 1096 tamen
535 1060 716 1096 nostros
737 1066 816 1095 eos
838 1051 1085 1095 admonere
1106 1049 1177 1094 sui
1206 1049 1343 1093 officii
1370 1049 1601 1106 priuatim:
1633 1051 1747 1094 haec
1771 1057 1840 1092 ta-

210 1143 313 1174 men
334 1129 582 1174 admonitio
604 1130 861 1173 cauendum
890 1135 961 1173 est
982 1142 1040 1171 ne
1067 1128 1256 1185 prodeat
1276 1126 1324 1170 in
1361 1126 1589 1183 publicam
1617 1126 1842 1171 acerbita-

209 1213 299 1251 tem
323 1213 371 1251 et
390 1195 750 1259 infamationem;
775 1206 899 1261 quod
925 1204 964 1248 si
991 1205 1219 1257 timeatur,
1250 1204 1641 1260 supersedendum
1670 1211 1740 1248 est
1762 1218 1840 1260 po-

201 1283 297 1336 tius
316 1283 392 1327 illa
414 1283 590 1339 priuata
610 1282 918 1326 admonitione
937 1290 984 1326 et
1004 1282 1189 1326 omnino
1215 1281 1498 1333 enitendum,
1530 1288 1579 1324 vt
1605 1296 1661 1324 ea
1682 1282 1841 1325 admo-

205 1360 318 1404 nitio
337 1361 418 1404 fiat
433 1374 513 1417 per
534 1359 693 1403 aliurn.
726 1360 864 1415 Quod
886 1359 924 1402 si
952 1359 1200 1403 necessitas
1228 1366 1405 1415 vrgeat,
1436 1365 1484 1402 et
1511 1358 1627 1402 alius
1649 1373 1741 1402 non
1763 1359 1838 1412 sit,

201 1437 283 1493 qui
299 1438 559 1490 admoneat,
579 1443 705 1480 tanta
722 1436 964 1493 prudentia
974 1444 1021 1479 et
1036 1436 1175 1480 animi
1191 1435 1502 1480 moderatione
1518 1450 1590 1479 res
1606 1440 1676 1480 est
1694 1443 1842 1480 trans-

205 1514 386 1571 igenda,
410 1521 460 1557 vt
487 1515 622 1571 plane
648 1513 897 1557 admonitio
926 1513 1128 1557 suauiter
1155 1512 1421 1570 accipiatur,
1455 1519 1503 1558 et
1530 1513 1729 1556 fructum
1759 1528 1840 1569 pa-

197 1590 288 1634 riat
308 1592 497 1644 bonum,
523 1605 673 1647 neque
695 1606 894 1649 vnquam
917 1592 996 1634 fiat
1018 1592 1190 1646 absque
1211 1604 1427 1647 expressa
1449 1591 1666 1635 facultate
1690 1598 1839 1635 recto-

199 1667 283 1721 ris,
305 1682 391 1713 nec
417 1668 494 1712 hic
514 1683 615 1712 eam
647 1669 726 1713 det
754 1668 840 1712 nisi
868 1668 915 1711 id
936 1667 1022 1711 sibi
1049 1668 1183 1712 liceat
1203 1682 1284 1725 per
1310 1667 1655 1725 prouincialem,
1680 1669 1839 1712 saltem

200 1745 406 1801 generali
428 1745 629 1789 licentia.

208 1867 293 1910 656
586 1879 649 1909 DE
681 1879 1110 1910 SUBORDINATIONE
1142 1879 1455 1911 SUPERIORUM

293 1976 522 2029 Minister,
551 1975 847 2021 subminister
874 1984 921 2021 et
951 1978 1027 2021 alii
1054 1992 1213 2022 omnes
1240 1978 1458 2023 officiales
1486 1979 1773 2035 dependeant
1811 1995 1838 2022 a

198 2067 287 2096 suo
309 2053 558 2110 superiore,
584 2061 805 2109 quantum
827 2055 886 2098 ad
917 2062 1064 2098 totum
1098 2069 1234 2099 suum
1262 2054 1477 2108 officium,
1513 2055 1574 2098 ita
1603 2063 1652 2098 vt
1683 2056 1836 2098 nullus

199 2131 364 2173 horum
388 2130 529 2186 possit
551 2130 703 2175 dicere
734 2131 973 2187 superiori,
999 2132 1087 2175 hoc
1116 2132 1189 2175 vel
1217 2132 1328 2176 illud
1357 2147 1458 2176 esse
1487 2132 1558 2175 sui
1590 2132 1741 2186 officii3
1768 2147 1835 2176 re-

197 2205 380 2262 linquas
415 2221 488 2251 me
524 2207 675 2251 facere
710 2207 838 2252 illud.
880 2208 1098 2265 Superior
1132 2208 1252 2252 enim
1288 2217 1439 2266 potest
1475 2209 1560 2254 sibi
1601 2224 1834 2254 reseruare

200 2283 323 2339 quod
343 2282 430 2339 ipsi
458 2282 700 2337 videbitur,
732 2284 808 2327 vbi
838 2284 1042 2330 censebit
1065 2285 1132 2329 *ita
1160 2286 1406 2330 conuenire
1434 2301 1516 2343 pro
1555 2286 1712 2329 maiori
1747 2287 1834 2330 Dei

137 2419 140 2421 μ
196 2359 404 2404 seruitio.
1422 2409 1425 2411 q

289 2435 472 2482 Interim
501 2444 652 2482 tamen
683 2439 888 2482 cuiusuis
918 2439 1164 2495 superioris
1194 2448 1263 2484 est
1294 2455 1507 2485 exercere
1539 2441 1753 2483 officiales
1786 2441 1830 2482 in

199 2511 295 2556 suis
316 2512 493 2567 officiis,
517 2522 564 2559 et
587 2529 680 2557 non
702 2530 864 2571 gerere
886 2517 1060 2572 absque
1081 2517 1351 2562 necessitate
1375 2517 1636 2562 inferiorum
1665 2516 1828 2568 officia;

200 2589 310 2632 satis
331 2589 453 2632 enim
474 2590 650 2634 illorum
682 2592 836 2635 officia
863 2593 1015 2645 faciet,
1045 2593 1083 2637 si
1121 2593 1221 2637 illos
1259 2595 1374 2638 bene
1405 2593 1750 2649 gubernanerst,
1786 2600 1832 2635 et

197 2665 402 2710 effecerit
423 2674 473 2709 vt
494 2667 685 2722 quilibet
706 2669 823 2712 bene
846 2666 1066 2726 'fungatur
1088 2685 1172 2714 suo
1193 2671 1360 2715 officio.
1388 2672 1490 2714 Hoc
1514 2679 1666 2714 tamen
1695 2669 1829 2713 intel-

199 2740 357 2797 ligitur
378 2743 443 2800 (vt
464 2744 770 2788 necessarium
793 2753 863 2789 est
885 2746 1153 2803 intelligere)
1186 2747 1231 2790 in
1264 2747 1335 2790 his
1366 2747 1544 2798 officiis,
1581 2746 1627 2788 in
1664 2746 1829 2801 quibus

196 2818 417 2863 officiales
438 2833 530 2862 non
553 2821 724 2865 habent
744 2819 1017 2876 libertatem;
1043 2831 1092 2866 vt
1114 2831 1221 2867 sunt
1242 2824 1541 2874 consultores,
1574 2821 1828 2866 admonito-

269 2993 288 3012 a
333 2985 512 3030 accipere
530 2996 602 3021 ωε.
