2098 3470
317 269 386 324 848
892 282 1031 320 Emsr.
1059 282 1102 318 Ρ.
1131 283 1283 319 NADAL

359 379 483 435 Quid
506 382 725 425 hactenus
749 390 896 438 potest
920 385 1139 440 theologo
1163 383 1417 439 displicere,
1439 384 1546 440 quid
1565 392 1902 440 praesentatum

268 457 503 500 offendere
531 465 564 508 ἃ,
597 465 646 500 vt
670 468 759 500 tam
783 459 995 503 atrociter
1023 460 1286 516 pronuntiet
1308 475 1409 504 esse
1432 461 1728 505 assertionem
1761 461 1900 515 illam,

271 548 361 576 non
385 535 518 576 modo
542 535 823 579 temerariam
852 543 897 580 et
919 537 1248 590 scandalosam,
1270 551 1426 580 verum
1450 537 1585 581 etiam
1610 537 1906 581 haereticam?

270 610 395 666 Quid
418 610 552 654 affert
573 610 642 652 vir
677 613 858 666 doctus,
884 628 974 668 quo
1011 615 1171 669 probet
1209 627 1308 657 esse
1346 613 1363 638 b
1391 613 1685 657 assertionem
1710 621 1879 658 temera

270 687 397 739 riam,
423 688 752 742 scandalosam,
779 690 1075 734 haereticam?
1099 692 1205 745 Quo
1229 697 1379 746 pacto,
1406 690 1568 746 inquit,
1594 690 1767 747 eligent
1790 705 1905 747 gen-

270 763 371 807 tiles
393 771 437 807 et
460 763 537 819 qui
562 764 779 820 negatiue
800 774 906 809 sunt
929 767 1151 819 infideles,
1178 781 1269 822 quo
1294 768 1429 810 modo
1459 767 1693 820 haeretici,
1719 781 1808 823 qua
1832 781 1906 810 ra-

272 840 393 885 tione
418 839 507 885 204
529 841 703 895 fideles,
729 842 805 898 qui
823 842 869 885 in
889 843 1065 886 mortali
1084 851 1272 899 peccato
1289 843 1511 888 existunt?
1534 844 1617 888 Vis
1636 843 1716 886 tibi
1733 843 1906 900 simpli-

268 918 380 961 citer
402 919 724 974 respondeam?
746 921 848 963 Non
873 921 960 963 hoc
984 927 1133 976 pact0,
1158 922 1239 964 sed
1262 921 1364 964 alio:
1394 935 1542 976 neque
1565 921 1683 966 enim
1713 935 1799 964 nos
1821 921 1904 964 eli-

267 1010 377 1051 gere
405 995 476 1037 his
513 995 739 1039 exercitiis
768 997 983 1040 docemus
1021 997 1243 1050 infideles,
1275 999 1544 1051 haereticos,
1570 998 1818 1048 catholicos
1858 997 1903 1042 in

269 1080 460 1129 peccato
478 1072 655 1115 mortali
667 1073 987 1127 consistentes3
999 1076 1105 1126 ‘sed,
1121 1074 1157 1117 si
1175 1082 1297 1118 recte
1315 1075 1676 1128 commeministi,
1692 1089 1811 1130 quae
1829 1089 1907 1118 su-

269 1140 420 1206 perius
441 1149 653 1201 diximus,
679 1157 724 1194 et
745 1165 863 1206 quae
885 1158 979 1194 tota
1002 1151 1216 1195 exercitia
1238 1152 1451 1205 clamant,
1476 1151 1722 1196 electiones
1744 1150 1906 1195 huius-

268 1227 389 1270 modi
413 1226 499 1270 illis
522 1226 782 1271 hominibus
804 1229 910 1272 dare
934 1243 1033 1280 nos,
1055 1229 1131 1285 qui
1149 1236 1254 1285 post
1276 1230 1534 1286 generalem
1553 1228 1901 1282 confessionem,

266 1311 370 1360 post
394 1305 760 1350 communionem
779 1321 969 1359 sacram,
995 1307 1064 1349 bis
1086 1306 1287 1362 quotidie
1316 1306 1638 1350 conscientiam
1667 1306 1903 1350 excutien-

267 1390 336 1425 tes
358 1397 504 1436 suam,
530 1383 860 1428 confessionem
885 1392 930 1428 et
952 1398 1127 1428 sacram
1150 1384 1354 1440 synaxim
1382 1384 1737 1439 frequentantes,
1763 1383 1904 1427 dediti

266 1458 352 1514 piis
389 1459 505 1503 sacri
543 1460 769 1517 euangelii
804 1461 1195 1514 meditationibus,
1228 1448 1436 1518 sepositis
1474 1460 1684 1504 omnibus
1714 1460 1903 1517 impedi-

265 1536 445 1588 mentis,
467 1550 584 1592 quae
601 1551 680 1580 eos
695 1545 883 1593 possent
901 1552 926 1580 a
944 1537 1111 1594 pietate
1129 1537 1359 1590 remorari,
1379 1539 1545 1582 deuote
1568 1551 1620 1581 ac
1641 1537 1715 1594 pie
1733 1537 1905 1580 adeunt

268 1613 530 1657 electiones.
565 1614 798 1658 Conuerte
830 1623 877 1657 tu
907 1614 1100 1671 primum
1130 1625 1135 1671 ῃ
1163 1614 1397 1668 infideles,·
1417 1615 1683 1668 haereticos,
1715 1628 1904 1671 peruer-

265 1704 340 1732 sos
363 1690 518 1734 fideles
541 1705 753 1747 compara
775 1706 827 1734 ac
851 1691 1055 1747 dispone,
1076 1699 1124 1733 vt
1147 1699 1402 1735 nostrarum
1421 1691 1510 1734 sint
1528 1691 1801 1736 electionum
1820 1704 1900 1734 ca-

264 1781 417 1822 paces;
444 1781 523 1811 eos
546 1775 654 1810 tunc
677 1767 954 1812 docebimus.
970 1769 1151 1818 v‚Censes
1173 1768 1314 1824 igitur
1352 1776 1401 1811 tu
1429 1767 1681 1812 haereticos
1711 1782 1794 1810 nos
1822 1781 1903 1823 per

265 1851 390 1887 tuam
415 1843 708 1900 theologiam,
735 1844 771 1887 si
801 1846 946 1887 solum
976 1860 1054 1889 eos
1077 1847 1321 1889 doceamus
1353 1845 1540 1902 eligere,
1569 1859 1684 1902 quos
1712 1843 1905 1901 primum

263 1922 499 1965 hortemur
521 1930 566 1966 et
597 1921 807 1965 iuuemus
844 1922 890 1964 in
919 1922 1004 1966 X.⁰
1034 1924 1134 1966 Iesu
1165 1930 1349 1979 peccata
1379 1922 1570 1976 amoliri,
1595 1921 1789 1978 gratiam
1818 1920 1932 1966 sibi-

264 1998 456 2041 coelitus
479 1998 719 2042 conciliare
749 2014 823 2055 per
849 2007 1147 2052 sacramenta,
1174 2015 1253 2056 per
1282 1999 1596 2043 meditationes
1622 2013 1790 2051 sacras,
1817 2012 1894 2055 per

262 2074 509 2119 orationes?
531 2075 666 2130 Quis,
688 2076 878 2119 obsecro
903 2084 962 2140 te,
990 2076 1070 2120 tibi
1095 2078 1275 2120 futurus
1292 2076 1562 2129 catholicus,
1583 2076 1621 2119 si
1644 2075 1718 2119 hic
1739 2078 1902 2121 haere-'-

259 2151 384 2194 ticus
406 2154 496 2195 est?
517 2152 704 2205 Desine,
729 2154 868 2197 frater
892 2153 968 2206 mi,
994 2154 1150 2197 desine
1173 2162 1262 2197 tam
1289 2153 1419 2197 facile
1436 2152 1746 2208 pronuntiare,
1771 2167 1830 2196 ne
1848 2167 1905 2196 eo

265 2230 429 2273 euadat
455 2237 532 2273 tua
555 2230 746 2273 facilitas
769 2238 906 2286 atque
928 2231 1112 2275 libertas
1134 2231 1303 2283 iudicii,
1331 2229 1417 2275 205
1439 2239 1488 2272 vt
1516 2229 1714 2273 vicissim
1737 2244 1826 2286 ego
1859 2237 1904 2275 te

264 2307 321 2350 ad
346 2306 558 2351 talionem
583 2308 864 2363 compellam.
893 2311 1052 2361 Parce,
1071 2323 1257 2364 quaeSO,
1286 2310 1438 2361 Pater3
1466 2322 1568 2350 nam
1587 2306 1695 2362 quid
1717 2321 1903 2363 possum

267 2383 423 2426 mitius
445 2383 596 2428 dicere
617 2384 675 2428 de
703 2384 901 2438 homine,
928 2385 1004 2440 qui
1034 2384 1297 2441 pronuntiat
1320 2383 1599 2428 haereticum
1633 2398 1750 2436 esse,
1776 2383 1902 2439 quod

265 2468 356 2503 tam
380 2471 535 2517 aperte
557 2469 627 2505 est
649 2461 922 2504 catholicum
941 2469 986 2506 et
1010 2463 1332 2505 orthodoxum?
1355 2463 1526 2505 Verum
1550 2474 1782 2515 nunquam
1811 2474 1904 2516 ego

267 2545 310 2581 te
332 2532 584 2581 arbitrabor
602 2538 864 2581 huiusmodi
890 2546 1040 2582 notam
1059 2538 1301 2591 sustinere,
1320 2538 1400 2581 sed
1417 2552 1576 2593 parum
1599 2536 1811 2589 attendis,
1831 2525 1903 2578 vir

264 2613 541 2659 doctissime.
584 2615 721 2670 Quod
759 2615 797 2657 si
832 2615 978 2658 dicas:
1021 2616 1109 2660 Vbi
1142 2615 1283 2672 igitur.
1319 2614 1493 2658 docetis
1532 2628 1615 2657 vos
1651 2612 1902 2657 electiones

265 2690 468 2747 legitime
507 2691 739 2747 suscipere
776 2691 1005 2745 infideles,
1052 2692 1326 2744 haeretiCOS,
1373 2692 1516 2734 malos
1554 2690 1769 2747 xpianos?
1797 2690 1901 2732 Non

266 2767 310 2809 in
349 2768 613 2811 huiusmodi
647 2767 890 2821 exercitiis,
923 2770 1003 2813 sed
1038 2768 1467 2825 praedicationibus,
1493 2765 1896 2823 disputationibus,

264 2844 681 2897 exhortationibus,
707 2859 759 2888 ac
782 2845 993 2888 omnibus
1022 2845 1106 2902 piis
1128 2843 1559 2901 atque-orthodoxis
1586 2842 1776 2895 artibus,
1801 2841 1899 2898 qui-

265 2921 350 2963 bus
372 2920 547 2964 artibus
569 2921 614 2963 in
637 2923 756 2978 Xpo.
778 2923 879 2966 Iesu
899 2929 990 2965 tam
1017 2923 1024 2979 1
1051 2921 1180 2967 breui
1199 2929 1375 2965 tantum
1393 2927 1666 2977 prouentum
1689 2917 1900 2975 spiritua-

250 3069 252 3072 ·
335 3037 353 3054 a
402 3027 661 3063 Emendatum
680 3039 701 3063 a
721 3028 812 3064 Nat.
831 3039 881 3063 ex
899 3028 1079 3076 theologo
1104 3028 1331 3075 displicere,
1357 3026 1518 3063 etiamsi
1531 3026 1825 3072 praesentatus,
1843 3023 1899 3059 bo-

266 3087 564 3125 nemeritus...»
617 3108 644 3113 --
664 3089 683 3115 b
702 3098 781 3123 esse
800 3099 879 3122 esse
899 3099 971 3123 ms.
