2098 3470
839 210 1272 256 Iustnucrronsss—or
1756 210 1826 257 537

232 315 412 360 sionem
435 315 695 373 generalem
717 314 808 358 sint
828 313 1094 371 paratioreS,
1114 312 1378 370 praesertim
1399 312 1445 355 in
1468 312 1698 374 ingressu,
1719 320 1769 356 vt
1784 314 1872 356 hoc

237 391 596 450 experimentum
613 392 672 437 de
687 391 764 435 illo
779 398 929 435 sumat
948 390 1169 442 Societas,
1193 389 1314 445 quod
1337 396 1487 446 potest
1507 389 1712 446 legitime
1728 404 1784 434 ex
1801 390 1872 444 4.⁰

233 469 387 527 capite
409 466 645 522 examinis,
669 469 805 514 etiam
826 475 1070 524 antequam
1092 466 1141 510 in
1156 466 1432 512 Societatem
1451 466 1711 524 recipiatur.
1732 468 1870 523 Quod

235 546 276 590 si
295 546 528 592 videretur
549 545 769 604 superiori
789 545 1050 590 consultum
1070 552 1122 588 vt
1142 543 1306 600 aliquis
1328 543 1502 588 tamdiu
1522 543 1569 586 in
1592 545 1736 601 prima
1762 559 1870 601 pro-

235 623 426 668 batione
447 639 542 668 non
563 623 888 676 contineretur,
913 621 1035 679 quali
1057 621 1104 666 in
1131 635 1302 678 genere
1332 628 1467 664 erunt
1495 621 1699 664 fortassis
1730 621 1870 678 aliqui

233 713 291 744 ex
312 699 400 753 his,
427 701 505 756 qui
526 701 574 744 in
602 700 889 745 coadiutores
916 699 1186 756 temporales
1217 697 1517 755 recipiuntur,
1551 699 1624 741 vel
1656 698 1864 750 iuuenes,

232 776 322 821 illis
342 791 427 821 nec
448 778 680 821 dabuntur
699 776 930 828 exercitia,
955 789 1040 821 nec
1060 781 1152 824 464
1175 776 1275 832 plus
1298 774 1512 832 temporis
1533 776 1868 832 praescribetur

233 854 405 911 primae
424 854 720 911 probationis,
745 868 882 910 quam
905 867 996 909 quo
1016 852 1218 897 breuiter
1240 867 1323 909 pro
1344 866 1502 896 eorum
1523 858 1661 909 captu
1688 852 1866 896 institui

232 938 424 988 possunt
445 938 492 975 et
512 932 697 976 debent.

318 1007 369 1053 Si
389 1007 469 1064 qui
489 1007 651 1051 nouitii
671 1015 780 1051 sunt
795 1007 981 1064 recepti,
1000 1021 1094 1050 non
1108 1007 1255 1050 solum
1275 1005 1542 1063 parentibus
1564 1020 1657 1049 non
1687 1005 1865 1050 dissen-

231 1083 468 1138 tientibus,
491 1085 565 1128 vel
585 1084 722 1128 etiam
744 1084 947 1128 fortassis
968 1083 1140 1138 iuuitis,
1171 1083 1252 1127 sed
1280 1083 1416 1128 etiam
1450 1082 1860 1135 consentientibus,

228 1160 260 1204 ii
281 1161 319 1206 si
342 1162 451 1218 quid
474 1163 645 1205 habent
665 1177 721 1206 ex
743 1160 1025 1218 parentibus,
1050 1161 1173 1217 quod
1194 1160 1303 1217 ipsis
1331 1161 1502 1204 donare
1529 1159 1674 1203 nolint
1702 1174 1862 1216 paren-

228 1244 314 1291 tes,
339 1238 386 1282 id
413 1246 484 1284 est
510 1239 597 1282 illis
623 1239 747 1282 bona
773 1238 864 1281 fide
898 1237 1246 1290 restituendum,
1285 1237 1421 1280 etiam
1453 1236 1492 1279 si
1523 1237 1697 1280 nudum
1731 1237 1863 1280 nobis

225 1315 371 1358 filiurn
393 1330 527 1359 suum
550 1315 874 1371 relinquerent.
898 1316 1002 1358 Non
1023 1314 1320 1371 intelligimus
1341 1321 1493 1359 tamen
1514 1321 1753 1371 propterea
1775 1313 1860 1356 iuri

225 1406 327 1446 suo,
352 1392 390 1436 si
410 1393 532 1448 quod
555 1392 640 1449 ipsi
662 1392 883 1449 competit
903 1392 950 1435 in
970 1391 1102 1436 bonis
1129 1390 1370 1447 quibusuis
1396 1391 1694 1444 secularibus,
1726 1391 1859 1434 noui-

226 1468 340 1513 tium
361 1471 524 1514 cedere
544 1470 727 1515 debere.

312 1546 534 1603 Magister
562 1546 839 1590 nouitiorum
868 1547 1131 1591 facultatem
1167 1546 1222 1590 iis
1257 1546 1366 1589 dare
1402 1545 1572 1602 poterit
1608 1545 1859 1588 communi-

221 1623 355 1667 candi
392 1623 676 1680 frequentius
712 1624 759 1666 in
796 1624 1070 1680 septimana,
1110 1623 1277 1679 quibus
1314 1622 1588 1667 indicauerit
1626 1623 1854 1679 expedire,

221 1714 312 1756 qua
331 1699 380 1744 in
401 1715 451 1745 re
471 1700 618 1758 magis
640 1707 846 1756 spectare
866 1701 1004 1746 debet
1031 1700 1347 1745 necessitatem
1379 1715 1516 1756 quam
1545 1700 1853 1744 deuotionem.

308 1778 359 1823 Si
386 1777 496 1834 quid
522 1778 773 1834 parandum
803 1785 873 1822 est
899 1777 964 1820 rei
1001 1777 1193 1821 alicuius
1225 1777 1459 1829 momenti,
1494 1777 1541 1820 in
1578 1777 1856 1821 nouitiorum

219 1862 480 1898 nostrorum
507 1869 655 1907 vsum,
687 1855 734 1897 id
764 1869 857 1897 non
894 1855 952 1898 ab
989 1854 1087 1911 ipso
1124 1853 1405 1911 probationis
1441 1855 1604 1898 domus
1637 1854 1856 1911 magistro

217 1945 276 1976 ex
295 1946 362 1984 se,
385 1933 465 1976 sed
488 1946 514 1974 a
536 1931 767 1988 superiore
790 1931 988 1988 collegii,
1012 1933 1086 1975 vel
1117 1932 1280 1975 domus
1312 1931 1462 1988 parari
1493 1932 1564 1975 vel
1600 1931 1689 1976 emi
1721 1946 1856 1975 cura-

217 2007 357 2052 bitur.

302 2089 390 2132 465
412 2085 507 2138 Illa,
531 2099 648 2140 quae
665 2086 723 2128 ad
741 2084 1050 2141 probationem
1073 2092 1280 2142 spectant
1301 2093 1576 2138 nostrorum,
1603 2099 1720 2141 quae
1752 2086 1854 2140 qui-

213 2161 316 2206 dem
339 2156 566 2206 ordinaria
588 2162 695 2215 sint,
720 2162 861 2206 libere
882 2162 930 2204 in
951 2162 1049 2219 ipsa
1069 2163 1350 2219 probationis
1370 2164 1522 2218 domo,
1547 2170 1593 2208 et
1614 2162 1853 2219 disponere

212 2244 265 2283 et
280 2239 498 2295 perficere
520 2239 685 2296 poterit
706 2239 982 2282 nouitiorum
1004 2239 1238 2296 magister,
1258 2240 1307 2283 in
1323 2240 1535 2284 omnibus
1553 2248 1706 2284 tamen
1724 2255 1750 2282 a
1767 2254 1851 2282 suo
1896 2279 1899 2281 ,

182 2336 189 2339 »
213 2315 434 2372 superiori
456 2315 749 2372 dependebit.

299 2392 504 2448 Quaeret
528 2400 679 2438 rector
706 2393 1007 2438 communiter
1036 2395 1238 2438 secundo
1268 2409 1453 2450 quoque
1484 2409 1657 2448 mense,
1699 2402 1778 2436 aut
1814 2393 1851 2436 si

210 2469 458 2514 necessitas
479 2478 559 2513 aut
581 2470 760 2514 occasio
782 2470 829 2513 id
851 2471 1068 2527 postulet,
1094 2471 1377 2527 frequentius
1400 2471 1555 2523 etiam,
1582 2487 1608 2514 a
1630 2470 1850 2526 magistro

207 2559 291 2590 seu
311 2547 543 2603 praefecto
575 2547 869 2600 nouitiorum,
905 2562 1015 2590 num
1047 2547 1258 2592 videatur
1289 2563 1345 2592 ex
1383 2549 1568 2592 nouitiis
1606 2548 1847 2603 quisquam

207 2619 417 2666 instituto
446 2631 602 2668 nostro
634 2624 832 2681 ineptus,
863 2639 921 2668 ne
960 2631 1141 2681 tempus
1177 2625 1224 2668 in
1262 2625 1338 2668 illo
1376 2633 1422 2670 et
1458 2639 1595 2681 opera
1629 2623 1847 2667 inutiliter

209 2691 487 2754 conteratur,
512 2707 558 2745 et
578 2700 765 2758 aptioris
787 2701 915 2744 locus
937 2709 1205 2758 occupetur.

290 2777 466 2820 Domus
487 2778 782 2834 probationis,
807 2778 845 2821 si
868 2777 1004 2822 fuerit
1026 2786 1233 2835 separata
1255 2780 1438 2823 omnino
1462 2795 1487 2822 a
1517 2777 1725 2833 collegio,
1760 2789 1845 2819 nec

200 2853 364 2897 rectori
385 2854 566 2911 collegii
588 2855 724 2898 fuerit
740 2855 963 2913 subiecta,
983 2870 1064 2912 per
1081 2870 1215 2899 suum
1232 2858 1513 2913 praefectum
1533 2856 1695 2898 domus
1714 2852 1844 2895 noui-

201 2930 365 2974 tiorum
387 2931 732 2987 gubernabitur,
757 2932 834 2989 qui
855 2934 942 2975 sub
964 2947 1014 2976 se
1036 2933 1223 2977 habebit
1244 2933 1513 2990 magistrum
1541 2930 1839 2974 nouitiorum.

198 3007 471 3052 Huiusmodi
493 3009 677 3052 domum
699 3009 975 3053 nouitiorum
1009 3025 1100 3053 non
1134 3012 1273 3055 habet
1310 3011 1461 3053 adhuc
1498 3009 1717 3058 Societas,
1759 3007 1841 3050 sed
