2098 3470
290 213 359 258 508
760 214 914 253 PATms
941 217 1183 254 HJERONYm
1210 216 1362 253 NADAL

329 314 447 357 Cum
469 313 572 367 illis,
592 315 685 371 qui,
706 323 963 374 contempta
980 316 1133 360 diuina
1153 316 1404 370 vocatione,
1418 332 1443 360 e
1460 316 1686 362 Societate
1702 317 1874 362 disces-

241 390 424 443 sissent,
459 392 612 435 nullus
643 399 822 449 praeter
850 393 1121 451 superiores,
1153 393 1266 436 citra
1292 394 1565 450 peculiarem
1595 395 1871 448 facultatem,

240 468 473 522 loquatu13
499 467 618 512 idem
640 470 978 514 obseruandum
1001 477 1069 514 est
1092 485 1196 513 cum
1219 469 1305 513 illis
1327 470 1477 523 etiam,
1504 470 1581 526 qui
1603 472 1722 514 bona
1743 485 1874 529 supe-

240 543 368 587 rioris
405 544 538 589 venia
573 545 903 600 discessissent3
945 546 1121 590 facilius
1159 555 1311 591 tamen
1348 547 1420 590 his
1457 548 1648 591 facultas
1685 548 1874 592 concedi

240 627 389 676 potest
411 627 545 666 caute
567 629 720 666 tamen
741 630 786 667 et
807 624 1002 667 selectis.

241 743 330 785 402
481 754 544 784 DE
575 755 914 797 COMMUNIONE,
950 757 1012 787 DE
1044 757 1218 787 iussim
1251 758 1635 797 οΕιΕΒΒΑτιοΝΕ,

688 834 1042 864 APPLICATIONE
1074 834 1134 864 ET
1168 834 1436 865 AUDrrIONE

329 931 494 974 Nullus
515 945 541 974 e
563 932 730 975 nostris
751 933 1071 984 communicet,
1098 933 1182 976 nisi
1206 933 1252 975 in
1275 933 1427 987 missa,
1458 948 1593 989 quam
1621 934 1763 986 audit,
1795 935 1867 979 vel

241 1006 500 1052 immediate
520 1015 623 1064 post
645 1008 842 1062 missam,
869 1024 1003 1064 quam
1028 1010 1170 1062 audit,
1195 1011 1367 1065 absque
1388 1010 1585 1054 licentia.

329 1084 435 1137 Illis,
456 1085 534 1140 qui
554 1086 612 1129 ad
628 1100 802 1129 sacram
826 1086 1160 1143 suscipiendam
1183 1087 1388 1143 synaxim
1412 1087 1651 1140 accedunt,
1672 1086 1873 1144 iniungi-

179 1186 184 1188 ν
242 1167 317 1203 tur
347 1169 450 1217 post
477 1163 738 1218 generalem
772 1163 1119 1215 confessionem,
1151 1177 1243 1206 non
1271 1171 1320 1206 vt
1348 1164 1606 1219 symbolum
1634 1163 1762 1216 fidei,
1794 1164 1875 1208 sed

242 1237 492 1281 orationem
522 1239 712 1282 recitent
740 1239 1028 1283 dominicam.
1061 1241 1285 1284 Sacerdos
1314 1255 1421 1284 vero
1449 1248 1518 1283 sat
1546 1240 1646 1293 erit,
1678 1239 1716 1283 si
1744 1239 1873 1284 dixe-

239 1313 298 1356 rit
333 1314 464 1358 solita
494 1315 570 1357 illa
605 1317 757 1360 verba:
798 1317 944 1359 «Ecce
977 1331 1125 1372 agnus
1157 1317 1288 1370 Dei»,
1325 1316 1549 1360 adiunctis
1581 1317 1733 1360 statim
1764 1317 1869 1360 illis:

245 1390 473 1434 «Domine
510 1405 602 1434 non
639 1406 740 1435 sum
778 1392 945 1448 dignus
959 1407 996 1446 »;
1038 1393 1202 1437 deinde
1245 1394 1485 1449 «Corpus»
1525 1399 1636 1445 ete..
1678 1401 1724 1438 et
1760 1392 1878 1436 nihil

243 1467 452 1523 amplius.

328 1545 404 1587 Ad
426 1544 641 1588 maiorem
664 1545 799 1590 faciet
823 1545 1198 1598 aedificationem,
1224 1546 1261 1589 si
1285 1545 1398 1589 ritus
1414 1546 1629 1602 antiquus
1644 1554 1868 1599 seruetur,

240 1629 290 1664 vt
317 1635 475 1666 omnes
505 1623 668 1666 fratres
696 1622 1034 1665 communicent
1063 1622 1244 1678 publice
1266 1622 1311 1665 in
1342 1623 1510 1679 templo
1547 1623 1594 1665 in
1631 1638 1683 1667 ea
1717 1623 1868 1675 missa,

240 1712 375 1754 quam
398 1698 657 1755 designabit
679 1699 899 1755 superior,
926 1707 971 1742 et
992 1714 1048 1744 eo
1066 1699 1342 1743 Conuenient
1359 1714 1449 1743 vno
1466 1701 1717 1755 quadrante
1735 1702 1873 1744 horae

239 1782 345 1818 ante
367 1775 567 1828 missam,
603 1775 649 1818 in
677 1790 766 1831 qua
799 1784 905 1819 sunt
936 1775 1166 1832 accepturi
1199 1790 1373 1819 sacram
1405 1776 1794 1830 communionem3
1830 1782 1876 1821 et

239 1858 479 1908 postquam
506 1852 964 1905 communicauerint‚
1000 1860 1212 1897 maneant
1244 1853 1378 1896 etiam
1412 1867 1567 1897 omnes
1598 1852 1665 1896 sic
1694 1853 1875 1897 collecti

242 1942 322 1984 per
343 1928 481 1972 alium
504 1930 800 1985 quadrantem
823 1931 978 1975 horae.

329 2010 416 2052 403
446 2007 586 2062 Quod
618 2006 781 2051 attinet
812 2007 869 2050 ad
900 2006 1077 2050 animae
1110 2022 1135 2051 e
1167 2006 1328 2063 poenis
1365 2006 1616 2063 purgatorii
1644 2006 1874 2051 liberatio-

240 2096 344 2127 nem
378 2097 458 2139 per
489 2083 654 2128 missae
685 2083 955 2140 suffragium
992 2091 1130 2139 atque
1166 2083 1463 2136 sacrificium,
1498 2098 1555 2126 ex
1591 2083 1877 2140 indulgentia

241 2174 522 2203 summorum
544 2160 828 2216 pontificum,
860 2160 905 2203 id
930 2160 993 2204 ita
1021 2169 1092 2204 est
1119 2160 1484 2217 intelligendum,
1516 2161 1554 2204 si
1581 2160 1792 2205 videlicet
1818 2159 1874 2214 is,

241 2236 316 2279 cui
338 2236 630 2294 priuilegium
652 2238 808 2280 datum
831 2245 918 2289 est,
942 2237 1215 2281 sacrificium
1239 2237 1400 2281 missae
1423 2237 1600 2282 animae
1628 2237 1708 2289 illi,
1741 2252 1875 2293 quam

239 2313 367 2370 cupit
394 2328 475 2370 per
501 2314 709 2371 suffragii
737 2315 921 2357 modum
950 2329 974 2357 e
1006 2314 1165 2370 poenis
1193 2314 1444 2367 liberatam,
1476 2314 1759 2370 applicuerit,
1790 2315 1878 2357 sal-

242 2399 332 2434 tem
355 2390 399 2433 in
420 2377 713 2435 '«Mement0»
740 2405 822 2447 pro
845 2391 1090 2435 defunctis.

328 2466 424 2511 Etsi
446 2467 533 2510 alio
553 2467 601 2510 in
622 2468 724 2511 loco
753 2467 925 2511 dictum
952 2476 1036 2520 est,
1069 2477 1117 2510 vt
1151 2462 1326 2519 fratres,
1361 2469 1541 2523 quando
1574 2466 1766 2511 audiunt
1799 2482 1874 2510 sa»

243 2557 372 2587 crum
394 2543 689 2597 ordinarium,
721 2544 767 2586 id
799 2544 995 2599 genibus
1022 2545 1151 2590 flexis
1187 2544 1390 2597 audiant,
1427 2551 1620 2600 excepto
1657 2551 1875 2600 tempore,

241 2634 331 2676 quo
369 2620 662 2677 euangelium
699 2620 883 2678 legitur,
916 2636 1006 2677 quo
1047 2629 1250 2678 tempore
1285 2622 1494 2671 stabunt:
1527 2620 1692 2678 poterit
1723 2627 1876 2665 tamen

241 2696 403 2752 aliquis
423 2704 552 2740 stans
573 2697 619 2740 id
640 2697 812 2753 audire,
838 2705 1020 2754 propter
1036 2697 1231 2753 aliquam
1250 2697 1660 2754 indispositionem,
1681 2711 1784 2740 cum
1809 2697 1878 2741 fa-

241 2774 413 2819 cultate
453 2773 716 2830 superioris3
762 2781 899 2829 atque
941 2775 1054 2819 adeo
1091 2783 1274 2831 propter
1310 2774 1534 2817 infirmam
1571 2773 1876 2818 valetudinem

243 2858 400 2905 posset
420 2850 557 2894 etiam
580 2851 745 2895 sedens
773 2865 951 2893 sacrum
981 2851 1154 2901 audire,
1186 2866 1242 2895 ex
1279 2850 1482 2895 eiusdem
1517 2850 1748 2894 facultate.
1784 2850 1877 2894 Sed

242 2926 504 2970 huiusmodi
527 2928 778 2970 curandum
802 2935 871 2971 est
893 2936 942 2970 vt
966 2928 1177 2984 priuatim
1200 2927 1382 2970 missam
1404 2927 1609 2972 audiant.

331 3005 577 3056 Sacerdos,
608 3011 944 3048 sacramentum
979 3004 1134 3054 altaris
1172 3003 1512 3056 administrans,
1554 3018 1645 3047 non
1675 3002 1878 3059 porriget
