<?xml version="1.0" encoding="UTF-8"?>
<!DOCTYPE html PUBLIC "-//W3C//DTD XHTML 1.0 Transitional//EN"
    "http://www.w3.org/TR/xhtml1/DTD/xhtml1-transitional.dtd">
<html xmlns="http://www.w3.org/1999/xhtml" xml:lang="en" lang="en">
 <head>
  <title>
</title>
<meta http-equiv="Content-Type" content="text/html;charset=utf-8" />
  <meta name='ocr-system' content='tesseract 3.04.00' />
  <meta name='ocr-capabilities' content='ocr_page ocr_carea ocr_par ocr_line ocrx_word'/>
</head>
<body>
  <div class='ocr_page' id='page_1' title='image "./epistolaephieron04nadauoft_0494.png"; bbox 0 0 2098 3470; ppageno 0'>
   <div class='ocr_carea' id='block_1_1' title="bbox 330 293 1402 339">
    <p class='ocr_par' dir='ltr' id='par_1_1' title="bbox 330 293 1402 339">
     <span class='ocr_line' id='line_1_1' title="bbox 330 293 1402 339; baseline 0.005 -10"><span class='ocrx_word' id='word_1_1' title='bbox 330 293 400 339; x_wconf 86' lang='lat'><strong>468</strong></span> <span class='ocrx_word' id='word_1_2' title='bbox 802 295 956 333; x_wconf 78' lang='lat' dir='ltr'><strong>PATms</strong></span> <span class='ocrx_word' id='word_1_3' title='bbox 980 297 1224 334; x_wconf 71' lang='lat' dir='ltr'><strong>Hmuoxwm</strong></span> <span class='ocrx_word' id='word_1_4' title='bbox 1250 297 1402 334; x_wconf 75' lang='lat' dir='ltr'>NADAL</span> 
     </span>
    </p>
   </div>
   <div class='ocr_carea' id='block_1_2' title="bbox 283 395 1956 1070">
    <p class='ocr_par' dir='ltr' id='par_1_2' title="bbox 283 395 1921 532">
     <span class='ocr_line' id='line_1_2' title="bbox 374 395 1921 455; baseline 0.002 -14"><span class='ocrx_word' id='word_1_5' title='bbox 374 398 436 441; x_wconf 94' lang='lat' dir='ltr'><strong>Vt</strong></span> <span class='ocrx_word' id='word_1_6' title='bbox 459 397 503 440; x_wconf 90' lang='lat' dir='ltr'><strong>in</strong></span> <span class='ocrx_word' id='word_1_7' title='bbox 526 395 781 442; x_wconf 90' lang='lat' dir='ltr'><strong>humilitate</strong></span> <span class='ocrx_word' id='word_1_8' title='bbox 803 405 849 442; x_wconf 87' lang='lat' dir='ltr'><strong>et</strong></span> <span class='ocrx_word' id='word_1_9' title='bbox 869 398 1137 442; x_wconf 86' lang='lat' dir='ltr'><strong>confusione</strong></span> <span class='ocrx_word' id='word_1_10' title='bbox 1154 398 1263 444; x_wconf 88' lang='lat' dir='ltr'><strong>velit</strong></span> <span class='ocrx_word' id='word_1_11' title='bbox 1281 406 1326 443; x_wconf 92' lang='lat' dir='ltr'><strong>et</strong></span> <span class='ocrx_word' id='word_1_12' title='bbox 1343 405 1467 455; x_wconf 90' lang='lat' dir='ltr'><strong>petat</strong></span> <span class='ocrx_word' id='word_1_13' title='bbox 1484 398 1647 452; x_wconf 91' lang='lat' dir='ltr'><strong>iuuari,</strong></span> <span class='ocrx_word' id='word_1_14' title='bbox 1668 407 1713 443; x_wconf 90' lang='lat' dir='ltr'><strong>et</strong></span> <span class='ocrx_word' id='word_1_15' title='bbox 1735 407 1784 442; x_wconf 91' lang='lat' dir='ltr'><strong>vt</strong></span> <span class='ocrx_word' id='word_1_16' title='bbox 1806 400 1921 444; x_wconf 67' lang='lat' dir='ltr'><strong>fiant</strong></span> 
     </span>
     <span class='ocr_line' id='line_1_3' title="bbox 283 474 1517 532; baseline 0.002 -16"><span class='ocrx_word' id='word_1_17' title='bbox 283 474 549 530; x_wconf 90' lang='lat' dir='ltr'><strong>disciplinae</strong></span> <span class='ocrx_word' id='word_1_18' title='bbox 573 482 618 519; x_wconf 90' lang='lat' dir='ltr'><strong>et</strong></span> <span class='ocrx_word' id='word_1_19' title='bbox 640 474 752 519; x_wconf 88' lang='lat' dir='ltr'><strong>aliae</strong></span> <span class='ocrx_word' id='word_1_20' title='bbox 775 475 1077 531; x_wconf 89' lang='lat' dir='ltr'><strong>poenitentiae</strong></span> <span class='ocrx_word' id='word_1_21' title='bbox 1100 477 1156 519; x_wconf 91' lang='lat' dir='ltr'><strong>ab</strong></span> <span class='ocrx_word' id='word_1_22' title='bbox 1180 475 1278 519; x_wconf 86' lang='lat' dir='ltr'><strong>aliis</strong></span> <span class='ocrx_word' id='word_1_23' title='bbox 1300 490 1380 532; x_wconf 90' lang='lat' dir='ltr'><strong>pro</strong></span> <span class='ocrx_word' id='word_1_24' title='bbox 1403 475 1517 532; x_wconf 88' lang='lat' dir='ltr'><strong>i&#39;pso.</strong></span> 
     </span>
    </p>

    <p class='ocr_par' dir='ltr' id='par_1_3' title="bbox 284 551 1956 826">
     <span class='ocr_line' id='line_1_4' title="bbox 375 551 1915 606; baseline 0.001 -10"><span class='ocrx_word' id='word_1_25' title='bbox 375 551 527 606; x_wconf 86' lang='lat' dir='ltr'>Siquis</span> <span class='ocrx_word' id='word_1_26' title='bbox 541 551 977 598; x_wconf 87' lang='lat' dir='ltr'><strong>animaduerteretur</strong></span> <span class='ocrx_word' id='word_1_27' title='bbox 993 561 1175 597; x_wconf 89' lang='lat' dir='ltr'><strong>tenuem</strong></span> <span class='ocrx_word' id='word_1_28' title='bbox 1192 553 1420 597; x_wconf 75' lang='lat' dir='ltr'>adducere</span> <span class='ocrx_word' id='word_1_29' title='bbox 1434 552 1770 606; x_wconf 81' lang='lat' dir='ltr'><strong>contritionem,</strong></span> <span class='ocrx_word' id='word_1_30' title='bbox 1782 553 1915 597; x_wconf 84' lang='lat' dir='ltr'><strong>etiam</strong></span> 
     </span>
     <span class='ocr_line' id='line_1_5' title="bbox 285 628 1956 685; baseline 0.002 -14"><span class='ocrx_word' id='word_1_31' title='bbox 285 628 322 672; x_wconf 91' lang='lat' dir='ltr'><strong>si</strong></span> <span class='ocrx_word' id='word_1_32' title='bbox 352 628 585 672; x_wconf 88' lang='lat' dir='ltr'><strong>sufficiens</strong></span> <span class='ocrx_word' id='word_1_33' title='bbox 617 629 674 671; x_wconf 91' lang='lat' dir='ltr'><strong>ad</strong></span> <span class='ocrx_word' id='word_1_34' title='bbox 705 635 988 685; x_wconf 82' lang='lat' dir='ltr'><strong>praesentem</strong></span> <span class='ocrx_word' id='word_1_35' title='bbox 1020 628 1350 672; x_wconf 79' lang='lat' dir='ltr'><strong>absolutionem</strong></span> <span class='ocrx_word' id='word_1_36' title='bbox 1383 636 1686 685; x_wconf 86' lang='lat' dir='ltr'><strong>reputaretur,</strong></span> <span class='ocrx_word' id='word_1_37' title='bbox 1712 629 1816 673; x_wconf 91' lang='lat' dir='ltr'><strong>huic</strong></span> <span class='ocrx_word' id='word_1_38' title='bbox 1847 637 1917 674; x_wconf 86' lang='lat' dir='ltr'><strong>est</strong></span> <span class='ocrx_word' id='word_1_39' title='bbox 1953 657 1956 662; x_wconf 91' lang='lat'>-</span> 
     </span>
     <span class='ocr_line' id='line_1_6' title="bbox 285 705 1918 762; baseline 0 -12"><span class='ocrx_word' id='word_1_40' title='bbox 285 720 340 750; x_wconf 92' lang='lat' dir='ltr'><strong>eo</strong></span> <span class='ocrx_word' id='word_1_41' title='bbox 363 705 566 750; x_wconf 87' lang='lat' dir='ltr'><strong>seuerior</strong></span> <span class='ocrx_word' id='word_1_42' title='bbox 587 705 866 761; x_wconf 90' lang='lat' dir='ltr'><strong>poenitentia</strong></span> <span class='ocrx_word' id='word_1_43' title='bbox 887 714 1074 750; x_wconf 84' lang='lat' dir='ltr'><strong>externa</strong></span> <span class='ocrx_word' id='word_1_44' title='bbox 1103 706 1399 762; x_wconf 84' lang='lat' dir='ltr'><strong>iniungenda,</strong></span> <span class='ocrx_word' id='word_1_45' title='bbox 1435 707 1580 749; x_wconf 91' lang='lat' dir='ltr'><strong>donec</strong></span> <span class='ocrx_word' id='word_1_46' title='bbox 1610 707 1666 749; x_wconf 90' lang='lat' dir='ltr'><strong>ad</strong></span> <span class='ocrx_word' id='word_1_47' title='bbox 1695 720 1745 750; x_wconf 91' lang='lat' dir='ltr'><strong>se</strong></span> <span class='ocrx_word' id='word_1_48' title='bbox 1770 720 1918 762; x_wconf 88' lang='lat' dir='ltr'><strong>poena</strong></span> 
     </span>
     <span class='ocr_line' id='line_1_7' title="bbox 284 767 1755 826; baseline 0 0"><span class='ocrx_word' id='word_1_49' title='bbox 284 790 472 826; x_wconf 91' lang='lat' dir='ltr'><strong>coactus</strong></span> <span class='ocrx_word' id='word_1_50' title='bbox 495 783 666 826; x_wconf 89' lang='lat' dir='ltr'><strong>redeat.</strong></span> <span class='ocrx_word' id='word_1_51' title='bbox 1751 767 1755 772; x_wconf 35' lang='lat'>⁵</span> 
     </span>
    </p>

    <p class='ocr_par' dir='ltr' id='par_1_4' title="bbox 285 859 1923 1070">
     <span class='ocr_line' id='line_1_8' title="bbox 372 859 1919 916; baseline -0.001 -12"><span class='ocrx_word' id='word_1_52' title='bbox 372 865 458 905; x_wconf 88' lang='grc'><strong>282</strong></span> <span class='ocrx_word' id='word_1_53' title='bbox 480 859 603 902; x_wconf 87' lang='lat' dir='ltr'><strong>Idem</strong></span> <span class='ocrx_word' id='word_1_54' title='bbox 628 861 855 916; x_wconf 84' lang='lat' dir='ltr'><strong>agendum</strong></span> <span class='ocrx_word' id='word_1_55' title='bbox 879 860 915 903; x_wconf 92' lang='lat' dir='ltr'><strong>si</strong></span> <span class='ocrx_word' id='word_1_56' title='bbox 940 874 1042 903; x_wconf 87' lang='lat' dir='ltr'><strong>cum</strong></span> <span class='ocrx_word' id='word_1_57' title='bbox 1062 859 1395 916; x_wconf 83' lang='lat' dir='ltr'><strong>significatione</strong></span> <span class='ocrx_word' id='word_1_58' title='bbox 1414 859 1616 904; x_wconf 84' lang='lat' dir='ltr'><strong>modicae</strong></span> <span class='ocrx_word' id='word_1_59' title='bbox 1633 859 1919 904; x_wconf 85' lang='lat' dir='ltr'>contritionis</span> 
     </span>
     <span class='ocr_line' id='line_1_9' title="bbox 285 936 1923 993; baseline 0 -15"><span class='ocrx_word' id='word_1_60' title='bbox 285 937 534 990; x_wconf 25' lang='lat' dir='ltr'><strong>identidem.</strong></span> <span class='ocrx_word' id='word_1_61' title='bbox 559 937 602 979; x_wconf 91' lang='lat' dir='ltr'><strong>in</strong></span> <span class='ocrx_word' id='word_1_62' title='bbox 625 937 742 980; x_wconf 91' lang='lat' dir='ltr'><strong>idem</strong></span> <span class='ocrx_word' id='word_1_63' title='bbox 765 945 1003 993; x_wconf 89' lang='lat' dir='ltr'><strong>peccatum</strong></span> <span class='ocrx_word' id='word_1_64' title='bbox 1027 936 1260 981; x_wconf 84' lang='lat' dir='ltr'><strong>incideret.</strong></span> <span class='ocrx_word' id='word_1_65' title='bbox 1287 937 1427 993; x_wconf 78' lang='lat' dir='ltr'><strong>Quod</strong></span> <span class='ocrx_word' id='word_1_66' title='bbox 1448 936 1485 979; x_wconf 88' lang='lat' dir='ltr'><strong>si</strong></span> <span class='ocrx_word' id='word_1_67' title='bbox 1508 937 1647 981; x_wconf 91' lang='lat' dir='ltr'><strong>nollet</strong></span> <span class='ocrx_word' id='word_1_68' title='bbox 1679 936 1923 993; x_wconf 87' lang='lat' dir='ltr'><strong>poeniten--</strong></span> 
     </span>
     <span class='ocr_line' id='line_1_10' title="bbox 285 1013 1788 1070; baseline 0.001 -14"><span class='ocrx_word' id='word_1_69' title='bbox 285 1013 370 1059; x_wconf 86' lang='lat' dir='ltr'><strong>tias</strong></span> <span class='ocrx_word' id='word_1_70' title='bbox 392 1015 598 1070; x_wconf 86' lang='lat' dir='ltr'><strong>accipere</strong></span> <span class='ocrx_word' id='word_1_71' title='bbox 622 1014 692 1057; x_wconf 85' lang='lat' dir='ltr'><strong>vel</strong></span> <span class='ocrx_word' id='word_1_72' title='bbox 714 1013 901 1070; x_wconf 87' lang='lat' dir='ltr'><strong>implere</strong></span> <span class='ocrx_word' id='word_1_73' title='bbox 924 1014 1163 1066; x_wconf 88' lang='lat' dir='ltr'><strong>confitens,</strong></span> <span class='ocrx_word' id='word_1_74' title='bbox 1190 1013 1395 1057; x_wconf 88' lang='lat' dir='ltr'><strong>mittatur</strong></span> <span class='ocrx_word' id='word_1_75' title='bbox 1417 1015 1473 1057; x_wconf 87' lang='lat' dir='ltr'><strong>ad</strong></span> <span class='ocrx_word' id='word_1_76' title='bbox 1496 1013 1788 1070; x_wconf 88' lang='lat' dir='ltr'><strong>superiorem.</strong></span> 
     </span>
    </p>
   </div>
   <div class='ocr_carea' id='block_1_3' title="bbox 282 1121 1918 1339">
    <p class='ocr_par' dir='ltr' id='par_1_5' title="bbox 282 1121 1918 1339">
     <span class='ocr_line' id='line_1_11' title="bbox 282 1121 1918 1185; baseline -0.002 -8"><span class='ocrx_word' id='word_1_77' title='bbox 282 1146 451 1185; x_wconf 87' lang='lat' dir='ltr'>CASUS,</span> <span class='ocrx_word' id='word_1_78' title='bbox 487 1146 691 1184; x_wconf 81' lang='lat' dir='ltr'><strong>QUORUM</strong></span> <span class='ocrx_word' id='word_1_79' title='bbox 723 1134 997 1176; x_wconf 82' lang='lat' dir='ltr'>ABSOLUTIO</span> <span class='ocrx_word' id='word_1_80' title='bbox 1032 1145 1318 1175; x_wconf 84' lang='lat' dir='ltr'>RESERUATA</span> <span class='ocrx_word' id='word_1_81' title='bbox 1351 1145 1439 1174; x_wconf 87' lang='lat' dir='ltr'><strong>EST</strong></span> <span class='ocrx_word' id='word_1_82' title='bbox 1462 1121 1722 1175; x_wconf 75' lang='lat' dir='ltr'><strong>sUPEmom</strong></span> <span class='ocrx_word' id='word_1_83' title='bbox 1756 1143 1918 1175; x_wconf 87' lang='lat' dir='ltr'>DOMUS</span> 
     </span>
     <span class='ocr_line' id='line_1_12' title="bbox 374 1221 1915 1262; baseline -0.003 -7"><span class='ocrx_word' id='word_1_84' title='bbox 374 1225 466 1255; x_wconf 89' lang='lat' dir='ltr'><strong>VEL</strong></span> <span class='ocrx_word' id='word_1_85' title='bbox 494 1223 737 1262; x_wconf 83' lang='lat' dir='ltr'>COLLEGII,</span> <span class='ocrx_word' id='word_1_86' title='bbox 765 1224 825 1253; x_wconf 85' lang='lat' dir='ltr'><strong>ET</strong></span> <span class='ocrx_word' id='word_1_87' title='bbox 854 1224 915 1253; x_wconf 80' lang='grc' dir='ltr'><strong>ΑΒ</strong></span> <span class='ocrx_word' id='word_1_88' title='bbox 944 1223 1056 1252; x_wconf 75' lang='lat' dir='ltr'><strong>Amo</strong></span> <span class='ocrx_word' id='word_1_89' title='bbox 1080 1222 1175 1252; x_wconf 84' lang='lat' dir='ltr'>NISI</span> <span class='ocrx_word' id='word_1_90' title='bbox 1201 1223 1263 1252; x_wconf 88' lang='lat' dir='ltr'><strong>DE</strong></span> <span class='ocrx_word' id='word_1_91' title='bbox 1287 1222 1398 1253; x_wconf 86' lang='lat' dir='ltr'>EIUS</span> <span class='ocrx_word' id='word_1_92' title='bbox 1424 1221 1667 1252; x_wconf 81' lang='lat' dir='ltr'>EXPRESSA</span> <span class='ocrx_word' id='word_1_93' title='bbox 1689 1221 1915 1252; x_wconf 75' lang='lat' dir='ltr'>LICENTIA</span> 
     </span>
     <span class='ocr_line' id='line_1_13' title="bbox 372 1294 921 1339; baseline -0.004 -7"><span class='ocrx_word' id='word_1_94' title='bbox 372 1301 578 1332; x_wconf 79' lang='lat' dir='ltr'><strong>ABsoLUI</strong></span> <span class='ocrx_word' id='word_1_95' title='bbox 613 1301 875 1339; x_wconf 81' lang='lat' dir='ltr'>NEQUEUNT</span> <span class='ocrx_word' id='word_1_96' title='bbox 904 1294 921 1311; x_wconf 71' lang='lat'><strong>‘³</strong></span> 
     </span>
    </p>
   </div>
   <div class='ocr_carea' id='block_1_4' title="bbox 281 1396 1921 2995">
    <p class='ocr_par' dir='ltr' id='par_1_6' title="bbox 286 1396 1916 1532">
     <span class='ocr_line' id='line_1_14' title="bbox 376 1396 1916 1457; baseline -0.003 -13"><span class='ocrx_word' id='word_1_97' title='bbox 376 1400 584 1457; x_wconf 75' lang='lat' dir='ltr'><strong>Quaeuis</strong></span> <span class='ocrx_word' id='word_1_98' title='bbox 626 1406 812 1456; x_wconf 90' lang='lat' dir='ltr'><strong>peccata</strong></span> <span class='ocrx_word' id='word_1_99' title='bbox 855 1398 1083 1451; x_wconf 85' lang='lat' dir='ltr'><strong>mortalia,</strong></span> <span class='ocrx_word' id='word_1_100' title='bbox 1130 1413 1246 1454; x_wconf 92' lang='lat' dir='ltr'><strong>quae</strong></span> <span class='ocrx_word' id='word_1_101' title='bbox 1288 1399 1514 1454; x_wconf 90' lang='lat' dir='ltr'><strong>prodeunt</strong></span> <span class='ocrx_word' id='word_1_102' title='bbox 1548 1397 1605 1440; x_wconf 69' lang='lat' dir='ltr'><strong>,in</strong></span> <span class='ocrx_word' id='word_1_103' title='bbox 1647 1396 1916 1441; x_wconf 85' lang='lat' dir='ltr'><strong>exteriorem</strong></span> 
     </span>
     <span class='ocr_line' id='line_1_15' title="bbox 286 1464 1434 1532; baseline -0.003 -12"><span class='ocrx_word' id='word_1_104' title='bbox 286 1485 457 1530; x_wconf 89' lang='lat' dir='ltr'><strong>actum,</strong></span> <span class='ocrx_word' id='word_1_105' title='bbox 484 1477 602 1521; x_wconf 88' lang='lat' dir='ltr'><strong>inter</strong></span> <span class='ocrx_word' id='word_1_106' title='bbox 623 1483 1006 1532; x_wconf 84' lang='lat' dir='ltr'><strong>quaeeensentur</strong></span> <span class='ocrx_word' id='word_1_107' title='bbox 1028 1464 1144 1530; x_wconf 87' lang='lat' dir='ltr'><strong>quae</strong></span> <span class='ocrx_word' id='word_1_108' title='bbox 1166 1481 1434 1530; x_wconf 88' lang='lat' dir='ltr'><strong>sequuntur:</strong></span> 
     </span>
    </p>

    <p class='ocr_par' dir='ltr' id='par_1_7' title="bbox 283 1549 1915 1677">
     <span class='ocr_line' id='line_1_16' title="bbox 304 1549 1915 1609; baseline -0.004 -11"><span class='ocrx_word' id='word_1_109' title='bbox 304 1549 306 1551; x_wconf 54' lang='grc'>’</span> <span class='ocrx_word' id='word_1_110' title='bbox 371 1556 563 1598; x_wconf 90' lang='lat' dir='ltr'><strong>Furtum</strong></span> <span class='ocrx_word' id='word_1_111' title='bbox 586 1555 659 1598; x_wconf 93' lang='lat' dir='ltr'><strong>vel</strong></span> <span class='ocrx_word' id='word_1_112' title='bbox 680 1553 914 1609; x_wconf 87' lang='lat' dir='ltr'><strong>vsurpatio</strong></span> <span class='ocrx_word' id='word_1_113' title='bbox 935 1561 981 1595; x_wconf 85' lang='lat' dir='ltr'><strong>et</strong></span> <span class='ocrx_word' id='word_1_114' title='bbox 1002 1551 1306 1608; x_wconf 81' lang='lat' dir='ltr'><strong>appropriatio</strong></span> <span class='ocrx_word' id='word_1_115' title='bbox 1328 1551 1518 1596; x_wconf 85' lang='lat' dir='ltr'><strong>alicuius</strong></span> <span class='ocrx_word' id='word_1_116' title='bbox 1542 1550 1621 1603; x_wconf 88' lang='lat' dir='ltr'><strong>rei,</strong></span> <span class='ocrx_word' id='word_1_117' title='bbox 1655 1549 1915 1606; x_wconf 85' lang='lat' dir='ltr'><strong>praesertim</strong></span> 
     </span>
     <span class='ocr_line' id='line_1_17' title="bbox 283 1633 548 1677; baseline -0.008 -1"><span class='ocrx_word' id='word_1_118' title='bbox 283 1633 320 1676; x_wconf 88' lang='lat' dir='ltr'><strong>si</strong></span> <span class='ocrx_word' id='word_1_119' title='bbox 344 1633 548 1677; x_wconf 82' lang='lat' dir='ltr'><strong>iteretur.</strong></span> 
     </span>
    </p>

    <p class='ocr_par' dir='ltr' id='par_1_8' title="bbox 371 1707 731 1765">
     <span class='ocr_line' id='line_1_18' title="bbox 371 1707 731 1765; baseline -0.008 -12"><span class='ocrx_word' id='word_1_120' title='bbox 371 1710 548 1765; x_wconf 90' lang='lat' dir='ltr'><strong>Lapsus</strong></span> <span class='ocrx_word' id='word_1_121' title='bbox 570 1707 731 1751; x_wconf 91' lang='lat' dir='ltr'><strong>carnis.</strong></span> 
     </span>
    </p>

    <p class='ocr_par' dir='ltr' id='par_1_9' title="bbox 371 1783 1765 1841">
     <span class='ocr_line' id='line_1_19' title="bbox 371 1783 1765 1841; baseline -0.002 -11"><span class='ocrx_word' id='word_1_122' title='bbox 371 1785 685 1831; x_wconf 91' lang='lat' dir='ltr'><strong>Inobedientia</strong></span> <span class='ocrx_word' id='word_1_123' title='bbox 706 1799 935 1841; x_wconf 86' lang='lat' dir='ltr'><strong>expressa,</strong></span> <span class='ocrx_word' id='word_1_124' title='bbox 962 1798 1052 1839; x_wconf 89' lang='lat' dir='ltr'><strong>qua</strong></span> <span class='ocrx_word' id='word_1_125' title='bbox 1074 1783 1176 1839; x_wconf 90' lang='lat' dir='ltr'><strong>quis</strong></span> <span class='ocrx_word' id='word_1_126' title='bbox 1197 1783 1357 1828; x_wconf 89' lang='lat' dir='ltr'><strong>asserit</strong></span> <span class='ocrx_word' id='word_1_127' title='bbox 1379 1797 1427 1827; x_wconf 90' lang='lat' dir='ltr'><strong>se</strong></span> <span class='ocrx_word' id='word_1_128' title='bbox 1449 1784 1568 1827; x_wconf 90' lang='lat' dir='ltr'><strong>nolle</strong></span> <span class='ocrx_word' id='word_1_129' title='bbox 1589 1787 1765 1841; x_wconf 85' lang='lat' dir='ltr'><strong>parere.</strong></span> 
     </span>
    </p>

    <p class='ocr_par' dir='ltr' id='par_1_10' title="bbox 282 1859 1919 1986">
     <span class='ocr_line' id='line_1_20' title="bbox 373 1859 1919 1918; baseline -0.004 -10"><span class='ocrx_word' id='word_1_130' title='bbox 373 1862 693 1915; x_wconf 82' lang='lat' dir='ltr'><strong>Murmura‘tio⁷</strong></span> <span class='ocrx_word' id='word_1_131' title='bbox 718 1862 791 1906; x_wconf 91' lang='lat' dir='ltr'><strong>vel</strong></span> <span class='ocrx_word' id='word_1_132' title='bbox 814 1861 992 1915; x_wconf 87' lang='lat' dir='ltr'><strong>seditio,</strong></span> <span class='ocrx_word' id='word_1_133' title='bbox 1017 1861 1090 1904; x_wconf 86' lang='lat' dir='ltr'><strong>vel</strong></span> <span class='ocrx_word' id='word_1_134' title='bbox 1111 1867 1437 1905; x_wconf 88' lang='lat' dir='ltr'><strong>nocumentum</strong></span> <span class='ocrx_word' id='word_1_135' title='bbox 1460 1859 1506 1903; x_wconf 90' lang='lat' dir='ltr'><strong>in</strong></span> <span class='ocrx_word' id='word_1_136' title='bbox 1536 1861 1816 1918; x_wconf 84' lang='lat' dir='ltr'><strong>superiorem</strong></span> <span class='ocrx_word' id='word_1_137' title='bbox 1843 1861 1919 1905; x_wconf 75' lang='lat' dir='ltr'><strong>vel¹</strong></span> 
     </span>
     <span class='ocr_line' id='line_1_21' title="bbox 282 1941 573 1986; baseline -0.014 0"><span class='ocrx_word' id='word_1_138' title='bbox 282 1941 573 1986; x_wconf 84' lang='lat' dir='ltr'><strong>Societatem.</strong></span> 
     </span>
    </p>

    <p class='ocr_par' dir='ltr' id='par_1_11' title="bbox 282 2013 1916 2149">
     <span class='ocr_line' id='line_1_22' title="bbox 372 2013 1916 2071; baseline -0.003 -10"><span class='ocrx_word' id='word_1_139' title='bbox 372 2020 600 2061; x_wconf 88' lang='lat' dir='ltr'><strong>Recessus</strong></span> <span class='ocrx_word' id='word_1_140' title='bbox 624 2030 650 2058; x_wconf 76' lang='lat' dir='ltr'><strong>a</strong></span> <span class='ocrx_word' id='word_1_141' title='bbox 671 2030 753 2059; x_wconf 91' lang='lat' dir='ltr'><strong>sua</strong></span> <span class='ocrx_word' id='word_1_142' title='bbox 775 2014 1012 2058; x_wconf 90' lang='lat' dir='ltr'><strong>vocatione</strong></span> <span class='ocrx_word' id='word_1_143' title='bbox 1034 2022 1137 2071; x_wconf 90' lang='lat' dir='ltr'><strong>post</strong></span> <span class='ocrx_word' id='word_1_144' title='bbox 1159 2020 1315 2057; x_wconf 89' lang='lat' dir='ltr'><strong>votum</strong></span> <span class='ocrx_word' id='word_1_145' title='bbox 1339 2013 1474 2058; x_wconf 90' lang='lat' dir='ltr'><strong>etiam</strong></span> <span class='ocrx_word' id='word_1_146' title='bbox 1506 2014 1710 2070; x_wconf 83' lang='lat' dir='ltr'><strong>simplex,</strong></span> <span class='ocrx_word' id='word_1_147' title='bbox 1741 2014 1814 2058; x_wconf 90' lang='lat' dir='ltr'><strong>vel</strong></span> <span class='ocrx_word' id='word_1_148' title='bbox 1835 2013 1916 2061; x_wconf 81' lang='lat' dir='ltr'><strong>ali-</strong></span> 
     </span>
     <span class='ocr_line' id='line_1_23' title="bbox 282 2091 751 2149; baseline -0.006 -11"><span class='ocrx_word' id='word_1_149' title='bbox 282 2095 414 2139; x_wconf 87' lang='lat' dir='ltr'><strong>cuius</strong></span> <span class='ocrx_word' id='word_1_150' title='bbox 437 2095 493 2138; x_wconf 91' lang='lat' dir='ltr'><strong>ad</strong></span> <span class='ocrx_word' id='word_1_151' title='bbox 515 2094 560 2136; x_wconf 92' lang='lat' dir='ltr'><strong>in</strong></span> <span class='ocrx_word' id='word_1_152' title='bbox 584 2091 751 2149; x_wconf 88' lang='lat' dir='ltr'><strong>suasio.</strong></span> 
     </span>
    </p>

    <p class='ocr_par' dir='ltr' id='par_1_12' title="bbox 281 2168 1921 2370">
     <span class='ocr_line' id='line_1_24' title="bbox 372 2168 1913 2228; baseline -0.001 -12"><span class='ocrx_word' id='word_1_153' title='bbox 372 2171 596 2228; x_wconf 82' lang='lat' dir='ltr'><strong>Acceptio</strong></span> <span class='ocrx_word' id='word_1_154' title='bbox 626 2171 699 2213; x_wconf 92' lang='lat' dir='ltr'><strong>vel</strong></span> <span class='ocrx_word' id='word_1_155' title='bbox 726 2169 878 2213; x_wconf 90' lang='lat' dir='ltr'><strong>missio</strong></span> <span class='ocrx_word' id='word_1_156' title='bbox 906 2170 1136 2214; x_wconf 86' lang='lat' dir='ltr'><strong>literarum</strong></span> <span class='ocrx_word' id='word_1_157' title='bbox 1166 2170 1338 2224; x_wconf 88' lang='lat' dir='ltr'><strong>absque</strong></span> <span class='ocrx_word' id='word_1_158' title='bbox 1365 2173 1450 2215; x_wconf 88' lang='grc'><strong>283</strong></span> <span class='ocrx_word' id='word_1_159' title='bbox 1477 2182 1691 2225; x_wconf 83' lang='lat' dir='ltr'><strong>expressa</strong></span> <span class='ocrx_word' id='word_1_160' title='bbox 1717 2168 1913 2216; x_wconf 81' lang='lat' dir='ltr'><strong>licentia.</strong></span> 
     </span>
     <span class='ocr_line' id='line_1_25' title="bbox 281 2245 1921 2306; baseline -0.002 -13"><span class='ocrx_word' id='word_1_161' title='bbox 281 2264 399 2306; x_wconf 89' lang='lat' dir='ltr'><strong>quae</strong></span> <span class='ocrx_word' id='word_1_162' title='bbox 438 2248 610 2292; x_wconf 88' lang='lat' dir='ltr'><strong>scilicet</strong></span> <span class='ocrx_word' id='word_1_163' title='bbox 649 2247 852 2303; x_wconf 87' lang='lat' dir='ltr'><strong>acceptio</strong></span> <span class='ocrx_word' id='word_1_164' title='bbox 894 2247 965 2290; x_wconf 89' lang='lat' dir='ltr'><strong>vel</strong></span> <span class='ocrx_word' id='word_1_165' title='bbox 1007 2246 1163 2290; x_wconf 90' lang='lat' dir='ltr'><strong>missio</strong></span> <span class='ocrx_word' id='word_1_166' title='bbox 1205 2245 1435 2290; x_wconf 89' lang='lat' dir='ltr'><strong>contineat</strong></span> <span class='ocrx_word' id='word_1_167' title='bbox 1476 2245 1698 2289; x_wconf 89' lang='lat' dir='ltr'><strong>rationem</strong></span> <span class='ocrx_word' id='word_1_168' title='bbox 1741 2245 1921 2302; x_wconf 87' lang='lat' dir='ltr'><strong>peccati</strong></span> 
     </span>
     <span class='ocr_line' id='line_1_26' title="bbox 282 2326 501 2370; baseline -0.005 0"><span class='ocrx_word' id='word_1_169' title='bbox 282 2326 501 2370; x_wconf 88' lang='lat' dir='ltr'><strong>mortalis.</strong></span> 
     </span>
    </p>

    <p class='ocr_par' dir='ltr' id='par_1_13' title="bbox 282 2398 1921 2601">
     <span class='ocr_line' id='line_1_27' title="bbox 373 2398 1911 2459; baseline -0.001 -13"><span class='ocrx_word' id='word_1_170' title='bbox 373 2402 754 2459; x_wconf 90' lang='lat' dir='ltr'><strong>Impedimentum</strong></span> <span class='ocrx_word' id='word_1_171' title='bbox 777 2401 1023 2444; x_wconf 87' lang='lat' dir='ltr'><strong>excludens</strong></span> <span class='ocrx_word' id='word_1_172' title='bbox 1045 2415 1071 2443; x_wconf 91' lang='lat' dir='ltr'><strong>a</strong></span> <span class='ocrx_word' id='word_1_173' title='bbox 1093 2399 1320 2445; x_wconf 85' lang='lat' dir='ltr'><strong>Societate</strong></span> <span class='ocrx_word' id='word_1_174' title='bbox 1348 2399 1583 2444; x_wconf 87' lang='lat' dir='ltr'><strong>reticuisse</strong></span> <span class='ocrx_word' id='word_1_175' title='bbox 1615 2399 1662 2442; x_wconf 92' lang='lat' dir='ltr'><strong>in</strong></span> <span class='ocrx_word' id='word_1_176' title='bbox 1690 2398 1911 2452; x_wconf 89' lang='lat' dir='ltr'><strong>examine,</strong></span> 
     </span>
     <span class='ocr_line' id='line_1_28' title="bbox 282 2475 1921 2533; baseline -0.002 -10"><span class='ocrx_word' id='word_1_177' title='bbox 282 2482 356 2526; x_wconf 91' lang='lat' dir='ltr'><strong>vel</strong></span> <span class='ocrx_word' id='word_1_178' title='bbox 380 2480 426 2523; x_wconf 91' lang='lat' dir='ltr'><strong>in</strong></span> <span class='ocrx_word' id='word_1_179' title='bbox 451 2495 505 2524; x_wconf 92' lang='lat' dir='ltr'><strong>eo</strong></span> <span class='ocrx_word' id='word_1_180' title='bbox 527 2477 769 2522; x_wconf 86' lang='lat' dir='ltr'><strong>mentitum</strong></span> <span class='ocrx_word' id='word_1_181' title='bbox 792 2491 908 2530; x_wconf 89' lang='lat' dir='ltr'><strong>esse,</strong></span> <span class='ocrx_word' id='word_1_182' title='bbox 933 2477 1251 2533; x_wconf 88' lang='lat' dir='ltr'><strong>respondendo</strong></span> <span class='ocrx_word' id='word_1_183' title='bbox 1279 2477 1336 2519; x_wconf 91' lang='lat' dir='ltr'><strong>ad</strong></span> <span class='ocrx_word' id='word_1_184' title='bbox 1366 2475 1505 2520; x_wconf 90' lang='lat' dir='ltr'><strong>serias</strong></span> <span class='ocrx_word' id='word_1_185' title='bbox 1534 2476 1632 2520; x_wconf 88' lang='lat' dir='ltr'><strong>eius</strong></span> <span class='ocrx_word' id='word_1_186' title='bbox 1661 2476 1921 2533; x_wconf 82' lang='lat' dir='ltr'><strong>interroga·</strong></span> 
     </span>
     <span class='ocr_line' id='line_1_29' title="bbox 283 2558 446 2601; baseline -0.006 -1"><span class='ocrx_word' id='word_1_187' title='bbox 283 2558 446 2601; x_wconf 90' lang='lat' dir='ltr'><strong>tiones.</strong></span> 
     </span>
    </p>

    <p class='ocr_par' dir='ltr' id='par_1_14' title="bbox 371 2629 1640 2683">
     <span class='ocr_line' id='line_1_30' title="bbox 371 2629 1640 2683; baseline -0.002 -5"><span class='ocrx_word' id='word_1_188' title='bbox 371 2633 595 2678; x_wconf 89' lang='lat' dir='ltr'><strong>Confiteri</strong></span> <span class='ocrx_word' id='word_1_189' title='bbox 620 2639 808 2677; x_wconf 88' lang='lat' dir='ltr'><strong>externo</strong></span> <span class='ocrx_word' id='word_1_190' title='bbox 831 2630 1074 2683; x_wconf 89' lang='lat' dir='ltr'><strong>sacerdoti,</strong></span> <span class='ocrx_word' id='word_1_191' title='bbox 1101 2644 1204 2673; x_wconf 91' lang='lat' dir='ltr'><strong>cum</strong></span> <span class='ocrx_word' id='word_1_192' title='bbox 1227 2631 1475 2675; x_wconf 90' lang='lat' dir='ltr'><strong>domestico</strong></span> <span class='ocrx_word' id='word_1_193' title='bbox 1496 2629 1640 2675; x_wconf 90' lang='lat' dir='ltr'><strong>licuit.</strong></span> 
     </span>
    </p>

    <p class='ocr_par' dir='ltr' id='par_1_15' title="bbox 373 2706 1768 2764">
     <span class='ocr_line' id='line_1_31' title="bbox 373 2706 1768 2764; baseline -0.004 -10"><span class='ocrx_word' id='word_1_194' title='bbox 373 2711 629 2754; x_wconf 87' lang='lat' dir='ltr'><strong>Absoluere</strong></span> <span class='ocrx_word' id='word_1_195' title='bbox 652 2724 679 2752; x_wconf 86' lang='lat' dir='ltr'><strong>a</strong></span> <span class='ocrx_word' id='word_1_196' title='bbox 699 2707 881 2752; x_wconf 89' lang='lat' dir='ltr'><strong>casibus</strong></span> <span class='ocrx_word' id='word_1_197' title='bbox 903 2706 1162 2759; x_wconf 86' lang='lat' dir='ltr'><strong>reseruatis‚</strong></span> <span class='ocrx_word' id='word_1_198' title='bbox 1187 2707 1285 2751; x_wconf 88' lang='lat' dir='ltr'><strong>sine</strong></span> <span class='ocrx_word' id='word_1_199' title='bbox 1307 2707 1488 2752; x_wconf 87' lang='lat' dir='ltr'><strong>licentia</strong></span> <span class='ocrx_word' id='word_1_200' title='bbox 1510 2706 1768 2764; x_wconf 77' lang='lat' dir='ltr'><strong>superioris.</strong></span> 
     </span>
    </p>

    <p class='ocr_par' dir='ltr' id='par_1_16' title="bbox 282 2783 1915 2995">
     <span class='ocr_line' id='line_1_32' title="bbox 374 2783 1914 2842; baseline -0.003 -10"><span class='ocrx_word' id='word_1_201' title='bbox 374 2789 640 2832; x_wconf 88' lang='lat' dir='ltr'><strong>Consensus</strong></span> <span class='ocrx_word' id='word_1_202' title='bbox 663 2800 744 2842; x_wconf 89' lang='lat' dir='ltr'><strong>per</strong></span> <span class='ocrx_word' id='word_1_203' title='bbox 765 2786 920 2828; x_wconf 88' lang='lat' dir='ltr'><strong>horam</strong></span> <span class='ocrx_word' id='word_1_204' title='bbox 943 2785 1015 2826; x_wconf 89' lang='lat' dir='ltr'><strong>vel</strong></span> <span class='ocrx_word' id='word_1_205' title='bbox 1037 2783 1236 2828; x_wconf 90' lang='lat' dir='ltr'><strong>notabile</strong></span> <span class='ocrx_word' id='word_1_206' title='bbox 1258 2791 1436 2840; x_wconf 86' lang='lat' dir='ltr'><strong>tempus</strong></span> <span class='ocrx_word' id='word_1_207' title='bbox 1458 2785 1627 2827; x_wconf 91' lang='lat' dir='ltr'><strong>durans</strong></span> <span class='ocrx_word' id='word_1_208' title='bbox 1644 2783 1690 2826; x_wconf 88' lang='lat' dir='ltr'><strong>in</strong></span> <span class='ocrx_word' id='word_1_209' title='bbox 1711 2783 1914 2827; x_wconf 90' lang='lat' dir='ltr'><strong>mortalia</strong></span> 
     </span>
     <span class='ocr_line' id='line_1_33' title="bbox 283 2860 1914 2922; baseline -0.004 -13"><span class='ocrx_word' id='word_1_210' title='bbox 283 2872 475 2922; x_wconf 90' lang='lat' dir='ltr'><strong>peccata</strong></span> <span class='ocrx_word' id='word_1_211' title='bbox 498 2863 727 2921; x_wconf 82' lang='lat' dir='ltr'><strong>grauiora,</strong></span> <span class='ocrx_word' id='word_1_212' title='bbox 752 2868 802 2904; x_wconf 88' lang='lat' dir='ltr'><strong>vt</strong></span> <span class='ocrx_word' id='word_1_213' title='bbox 824 2876 877 2906; x_wconf 90' lang='lat' dir='ltr'><strong>ea</strong></span> <span class='ocrx_word' id='word_1_214' title='bbox 897 2865 1148 2915; x_wconf 87' lang='lat' dir='ltr'><strong>exequatur</strong></span> <span class='ocrx_word' id='word_1_215' title='bbox 1182 2860 1298 2917; x_wconf 88' lang='lat' dir='ltr'><strong>quis,</strong></span> <span class='ocrx_word' id='word_1_216' title='bbox 1330 2860 1370 2904; x_wconf 85' lang='lat' dir='ltr'><strong>si</strong></span> <span class='ocrx_word' id='word_1_217' title='bbox 1401 2860 1582 2916; x_wconf 89' lang='lat' dir='ltr'><strong>quidem</strong></span> <span class='ocrx_word' id='word_1_218' title='bbox 1611 2874 1666 2904; x_wconf 87' lang='lat' dir='ltr'><strong>ex</strong></span> <span class='ocrx_word' id='word_1_219' title='bbox 1697 2860 1772 2903; x_wconf 85' lang='lat' dir='ltr'><strong>illo</strong></span> <span class='ocrx_word' id='word_1_220' title='bbox 1803 2873 1914 2904; x_wconf 91' lang='lat' dir='ltr'><strong>con-</strong></span> 
     </span>
     <span class='ocr_line' id='line_1_34' title="bbox 282 2937 1915 2995; baseline -0.004 -9"><span class='ocrx_word' id='word_1_221' title='bbox 282 2957 420 2986; x_wconf 87' lang='lat' dir='ltr'><strong>sensu</strong></span> <span class='ocrx_word' id='word_1_222' title='bbox 460 2941 609 2986; x_wconf 89' lang='lat' dir='ltr'><strong>media</strong></span> <span class='ocrx_word' id='word_1_223' title='bbox 646 2945 834 2995; x_wconf 88' lang='lat' dir='ltr'><strong>quaerat</strong></span> <span class='ocrx_word' id='word_1_224' title='bbox 870 2945 1078 2990; x_wconf 87' lang='lat' dir='ltr'><strong>externa,</strong></span> <span class='ocrx_word' id='word_1_225' title='bbox 1120 2944 1167 2979; x_wconf 92' lang='lat' dir='ltr'><strong>vt</strong></span> <span class='ocrx_word' id='word_1_226' title='bbox 1205 2937 1279 2980; x_wconf 85' lang='lat' dir='ltr'><strong>illa</strong></span> <span class='ocrx_word' id='word_1_227' title='bbox 1317 2944 1583 2993; x_wconf 85' lang='lat' dir='ltr'><strong>exequatur,</strong></span> <span class='ocrx_word' id='word_1_228' title='bbox 1623 2937 1772 2993; x_wconf 89' lang='lat' dir='ltr'><strong>qualia</strong></span> <span class='ocrx_word' id='word_1_229' title='bbox 1808 2943 1915 2980; x_wconf 88' lang='lat' dir='ltr'><strong>sunt</strong></span> 
     </span>
    </p>
   </div>
   <div class='ocr_carea' id='block_1_5' title="bbox 355 3102 1346 3153">
    <p class='ocr_par' dir='ltr' id='par_1_17' title="bbox 355 3102 1346 3153">
     <span class='ocr_line' id='line_1_35' title="bbox 355 3102 1346 3153; baseline -0.008 -8"><span class='ocrx_word' id='word_1_230' title='bbox 355 3121 371 3137; x_wconf 80' lang='lat' dir='ltr'><strong>a</strong></span> <span class='ocrx_word' id='word_1_231' title='bbox 422 3110 464 3144; x_wconf 88' lang='lat' dir='ltr'><strong>In</strong></span> <span class='ocrx_word' id='word_1_232' title='bbox 487 3107 672 3153; x_wconf 83' lang='lat' dir='ltr'><strong>margine:</strong></span> <span class='ocrx_word' id='word_1_233' title='bbox 695 3107 742 3141; x_wconf 84' lang='grc' dir='ltr'><strong>[η</strong></span> <span class='ocrx_word' id='word_1_234' title='bbox 760 3104 814 3140; x_wconf 71' lang='lat'><strong>2.“</strong></span> <span class='ocrx_word' id='word_1_235' title='bbox 832 3116 970 3151; x_wconf 82' lang='lat' dir='ltr'><strong>congr.</strong></span> <span class='ocrx_word' id='word_1_236' title='bbox 986 3115 1081 3150; x_wconf 82' lang='lat' dir='ltr'><strong>gen.</strong></span> <span class='ocrx_word' id='word_1_237' title='bbox 1101 3102 1346 3150; x_wconf 81' lang='lat' dir='ltr'><strong>confirmati.</strong></span> 
     </span>
    </p>
   </div>
   <div class='ocr_carea' id='block_1_6' title="bbox 1958 1685 2098 3470">
    <p class='ocr_par' dir='ltr' id='par_1_18' title="bbox 1958 1685 2098 3470">
     <span class='ocr_line' id='line_1_36' title="bbox 1958 1685 2098 3470; baseline 0 0"><span class='ocrx_word' id='word_1_238' title='bbox 1958 1685 2098 3470; x_wconf 95' lang='lat' dir='ltr'><strong> </strong></span> 
     </span>
    </p>
   </div>
  </div>
 </body>
</html>
