2098 3470
262 249 331 298 599
733 242 887 280 erms
915 244 1157 280 HmRONYm
1181 243 1330 279 NADAL

214 358 271 387 ex
301 343 480 398 itinere,
521 344 709 388 sedebat
740 344 806 388 sic
843 359 979 402 supra
1011 347 1200 397 fontem,
1226 352 1271 387 et
1291 358 1400 389 ecce
1422 344 1582 388 mulier
1604 344 1846 389 Samarita-

215 435 275 464 na
300 421 339 460 ’ἦ
364 427 453 465 etc.
478 422 548 465 De
571 422 747 479 regulo.
778 423 950 476 «Vade,
974 423 1095 465 filius
1123 430 1230 464 tuus
1259 421 1374 464 viuit
1395 422 1458 465 ¹».
1485 420 1689 466 Refectio
1712 421 1846 476 quin·

214 512 304 553 que
333 497 506 541 milium
538 498 739 555 quinque
771 499 979 555 panibus.
1015 494 1279 542 Ambulatio
1312 513 1447 554 supra
1479 513 1617 551 mare,
1653 505 1741 541 etc.
1776 499 1847 541 De

214 574 434 632 languido
455 582 614 619 sanato
636 575 693 619 ad
715 575 997 632 probaticam
1020 575 1253 632 piscinam.
1280 577 1350 618 De
1367 589 1504 620 caeco
1520 583 1643 618 nato.
1665 577 1735 618 De
1753 589 1846 619 ser-

215 666 350 696 mone
376 651 578 697 Domini.
617 653 745 709 «Ego
772 667 873 696 sum
903 660 1057 709 pastor
1086 653 1233 696 bonus
1262 653 1304 691 ³»
1337 658 1425 697 etc.
1457 654 1528 697 De
1557 651 1746 696 muliere
1773 651 1845 696 59!

213 729 443 772 Cananea.
470 729 706 782 «Domine,
726 728 901 773 dimitte
923 744 1047 773 eam»
1062 729 1305 786 eteferon
1323 743 1421 772 sum
1439 728 1605 772 missus
1622 728 1734 772 nisi»
1754 735 1842 772 etc.

217 806 309 848 «At
324 804 400 848 illa
417 805 564 862 magis
580 806 840 851 clamabat..
851 842 862 852 .
880 807 984 850 Non
1002 813 1070 849 est
1087 806 1255 849 bonum
1273 819 1451 849 sumere
1467 820 1682 862 panem...
1699 804 1846 849 Etiam

217 881 427 927 Domine:
453 897 557 926 nam
579 889 624 926 et
645 882 796 928 catelli
818 884 860 922 ⁴»
887 890 975 927 etc.

306 960 454 1003 Pater
474 963 641 1011 nostem
663 966 710 1005 et
736 967 807 1005 est
837 974 982 1003 annus
1012 973 1084 1015 33,
1115 974 1206 1015 quo
1238 967 1328 1004 tres
1356 967 1531 1003 tantum
1559 973 1739 1004 menses
1769 973 1848 1002 su-

218 1035 430 1092 peruixit.
457 1037 504 1079 In
527 1051 584 1081 eo
609 1036 873 1082 continetur
894 1024 1469 1093 plenitudo‘miraculorum
1491 1044 1537 1080 et
1558 1051 1847 1080 consumma—

214 1112 281 1156 tio
303 1113 623 1169 mysteriorum
648 1113 850 1156 omnium
873 1113 1072 1156 mortalis
1094 1113 1215 1158 vitae
1242 1113 1439 1157 Domini:
1465 1128 1522 1156 ex
1542 1113 1708 1169 quibus
1739 1120 1848 1156 sunt

212 1204 286 1243 ea,
319 1189 508 1234 scilicet:
541 1198 608 1234 23²
629 1190 818 1235 refectio
842 1191 1003 1234 turbae
1025 1197 1198 1247 septem
1222 1190 1431 1246 panibus.
1456 1191 1525 1234 De
1548 1203 1684 1234 caeco
1706 1191 1848 1250 Betb-

219 1267 371 1310 saidae
413 1274 592 1311 sanato.
642 1267 882 1311 Confessio
927 1267 1070 1311 Petri.
1122 1269 1224 1310 «Tu
1262 1281 1311 1312 es
1349 1266 1562 1311 Christus
1583 1266 1726 1310 Filius
1761 1266 1848 1310 Dei

212 1343 397 1388 viui»...
434 1346 533 1388 «Tu
561 1359 611 1388 es
640 1346 836 1388 Petrus»
869 1351 956 1387 etc.
994 1344 1122 1387 «Tibi
1151 1345 1268 1387 dabo
1305 1344 1458 1387 claues
1487 1346 1528 1384 ⁵»
1561 1350 1648 1387 ete.
1690 1344 1850 1388 Sermo

219 1421 419 1468 Domini.
453 1421 533 1466 «Si
562 1420 664 1477 quis
692 1421 791 1463 vult
819 1421 974 1465 venire
1001 1428 1104 1477 post
1138 1436 1223 1473 me,
1256 1419 1775 1479 abneget-semetipsum
1802 1427 1848 1463 et

220 1499 348 1542 tollat
376 1512 557 1543 crucem
587 1513 715 1542 suam
745 1500 814 1551 ⁶»,
846 1505 933 1542 etc.
969 1496 1329 1554 Transfiguratio
1355 1497 1552 1541 Domini.
1590 1499 1659 1541 De
1687 1496 1848 1553 spiritu

217 1582 343 1618 muto
366 1582 412 1618 et
433 1575 647 1618 lunatico.
675 1576 746 1618 De
775 1576 1078 1620 adolescente.
1107 1576 1262 1618 «Vade
1282 1581 1328 1618 et
1348 1575 1496 1618 vende
1517 1574 1667 1617 omnia
1691 1577 1731 1614 ⁷»
1757 1581 1846 1617 etc.

218 1653 282 1696 At
302 1651 378 1695 ille
401 1651 540 1695 tristis
563 1650 689 1696 abiit.
722 1651 968 1696 Suscitatio
998 1651 1170 1695 Lazari.
1205 1653 1376 1695 Decem
1405 1650 1600 1707 laeprosi
1629 1650 1776 1695 sanati
1803 1650 1851 1692 in

215 1728 306 1782 via,
331 1728 410 1784 qui
431 1729 702 1772 clamabant:
733 1728 970 1772 «miserere
993 1728 1134 1771 nostri
1145 1746 1180 1781 n,
1207 1735 1294 1772 etc.
1320 1729 1357 1771 E
1381 1727 1545 1783 quibus
1567 1742 1685 1770 vnus
1707 1734 1752 1770 et
1774 1726 1850 1769 ille

217 1805 305 1851 592
326 1805 643 1859 samaritanus,
682 1819 945 1862 «regressus
967 1812 1036 1850 est
1058 1819 1162 1849 cum
1200 1820 1367 1862 magna
1403 1819 1519 1849 voce
1551 1804 1850 1861 magnificans

219 1884 369 1927 Deum
398 1884 441 1922 ⁸»
473 1890 560 1926 etc.
592 1884 662 1926 De
690 1883 890 1926 Zacheo.
917 1884 988 1927 De
1016 1881 1170 1925 multis
1193 1882 1340 1926 caecis
1367 1881 1647 1925 illuminatis.
1678 1883 1749 1925 De
1777 1881 1852 1926 die

218 1960 467 2016 palmarum
490 1967 536 2002 et
557 1959 703 2016 gloria
725 1959 1026 2014 susceptionis
1048 1959 1232 2009 Domini
1255 1959 1301 2001 in
1325 1958 1628 2002 Hierusalem.
1653 1960 1724 2002 De
1740 1972 1851 2002 coe-

218 2052 278 2080 na
298 2035 497 2080 Domini.
526 2038 763 2079 Postremo
792 2036 867 2078 hic
898 2035 1188 2079 continentur
1216 2035 1366 2078 omnia
1397 2035 1611 2091 mysteria
1639 2034 1850 2078 sacratis—

216 2113 359 2157 simae
390 2120 435 2157 et
467 2112 784 2156 acerbissimae
824 2112 994 2156 Christi
1031 2112 1253 2170 passionis
1286 2127 1431 2167 Vsque
1466 2113 1523 2155 ad
1543 2113 1848 2168 ⁴sepulchrum

216 2190 458 2234 inclusiue.
492 2191 654 2232 Posset
686 2189 761 2232 hic
794 2189 883 2232 dici
911 2190 1013 2233 loco
1035 2189 1270 2246 angelicae
1293 2189 1582 2245 precationis,
1614 2189 1687 2232 vel
1715 2188 1850 2231 simul

219 2281 323 2310 cum
346 2282 415 2319 ea,
439 2266 692 2312 versiculus
714 2266 802 2317 ille,
831 2249 1019 2311 scilicet:
1049 2267 1117 2310 «O
1140 2281 1222 2309 vos
1249 2281 1423 2319 omnes,
1450 2265 1526 2321 qui
1549 2264 1748 2309 transitis
1770 2279 1851 2321 per

219 2343 355 2397 viam,
381 2343 599 2387 attendite
623 2350 668 2387 et
691 2342 858 2395 videte,
884 2342 920 2385 si
943 2350 1012 2386 est
1034 2343 1162 2387 dolor
1183 2343 1301 2386 sicut
1323 2343 1450 2385 dolor
1471 2357 1598 2386 meus
1617 2343 1678 2384 ⁹.»

309 2422 456 2464 Pater
476 2424 647 2465 noster.
671 2421 771 2462 Aue
807 2420 980 2473 Maria,
1003 2427 1090 2464 etc.
1128 2405 1396 2476 Mysterium
1420 2418 1748 2462 sacratissimae
1780 2433 1852 2462 re—

221 2496 512 2542 surrectionis
534 2496 706 2540 domini
729 2496 869 2539 nostri
886 2498 997 2554 Jesu
1020 2496 1208 2549 Christi;
1234 2503 1279 2540 et
1308 2503 1377 2540 est
1404 2495 1582 2538 initium
1611 2495 1732 2540 vitae
1753 2495 1852 2538 eius

220 2581 398 2619 creatae
425 2572 703 2617 immortalis.
738 2573 870 2616 Adde
899 2573 1114 2628 mysteria
1145 2586 1199 2630 39
1228 2573 1402 2616 dierum
1430 2587 1575 2628 vsque
1604 2573 1661 2615 ad
1689 2586 1851 2615 ascen-

217 2650 411 2696 sionem.

294 2813 303 2833 ¹
355 2813 499 2859 JoAN„
518 2811 585 2856 IV,
605 2811 642 2846 6.
1023 2812 1038 2831 ²
1083 2811 1224 2856 JOAN.‚
1245 2810 1314 2856 IV,
1334 2818 1395 2854 50.

291 2873 305 2893 ⁵
354 2869 499 2918 JOAN.,
519 2871 569 2915 X,
590 2879 645 2915 11,
670 2878 726 2914 14.
1026 2871 1042 2890 ⁴
1092 2870 1279 2916 MATTH„
1296 2870 1382 2914 XV,
1403 2868 1526 2905 22-28.

290 2932 304 2953 ⁵
354 2931 540 2977 MATTH„
561 2929 668 2976 XVI,
693 2927 812 2973 13-19.
1026 2930 1040 2950 ⁶
1091 2929 1278 2968 ΜΑΤΤΗ..
1296 2929 1405 2975 XVI,
1424 2938 1485 2974 24.

292 2994 304 3012 ⁷
354 2991 543 3036 Mum„
561 2989 668 3036 XIX,
692 2988 811 3024 16-22.
1022 2990 1036 3008 ⁸
1087 2988 1207 3034 Luc„
1226 2988 1353 3034 XVII,
1376 2996 1500 3034 12-19.

289 3051 304 3071 ⁰
355 3050 524 3095 prium„
543 3049 727 3094 THREN„
746 3048 779 3093 Ι,
796 3055 852 3082 12.
