2098 3470
794 249 1227 288 Ins-rnucnonts-m
1710 257 1780 295 497

857 403 922 434 DE
944 401 1171 433 SILENTIO

282 508 620 566 Chirographa,
645 523 763 566 quae
784 509 951 552 dantur
970 506 1174 559 nouitiis,
1200 505 1367 563 quibus
1394 506 1698 563 designantur
1725 506 1827 563 qui-

191 586 384 630 buscum
402 585 525 641 loqui
547 592 754 643 possunt,
778 592 828 628 vt
848 585 956 629 inde
971 583 1231 641 intelligant
1257 582 1426 639 quibus
1454 582 1579 638 loqui
1602 598 1696 627 non
1719 598 1827 640 pos-

189 661 297 715 sint,
317 678 386 715 ea,
411 661 588 706 etiamsi
607 662 698 706 sint
720 661 995 706 nouitiorum
1017 660 1214 717 propria,
1240 668 1393 704 tamen
1415 660 1530 713 aliis,
1566 660 1641 719 vbj
1664 675 1827 705 neces-

189 739 359 784 sarium
380 739 626 791 videbitur,
649 739 747 783 dari
767 746 975 796 possunt,
1000 739 1073 781 vel
1095 737 1231 782 etiam
1254 737 1331 780 vbi
1347 737 1474 790 vtile;
1497 752 1826 793 nonnunquam

189 815 327 860 etiam
348 817 406 859 ad
422 815 757 872 probationem.
789 815 955 860 Nullus
984 815 1104 859 enim
1126 822 1213 868 est,
1239 815 1316 870 qui
1345 815 1418 859 vel
1440 815 1499 858 ad
1525 815 1677 858 omnia
1700 829 1827 858 exer-

190 892 296 937 citia
316 893 594 938 nouitiorum
611 894 685 937 vel
706 893 764 936 ad
784 907 943 937 omnes
958 907 1118 936 eorum
1135 892 1444 949 probationes,
1463 893 1538 935 vel
1554 893 1611 935 ad
1629 892 1826 948 aliquam

187 977 364 1026 partem
382 970 590 1014 reuocari
606 984 698 1013 non
714 969 872 1027 possit,
891 970 966 1015 vel
981 976 1166 1026 propter
1188 969 1525 1022 necessitatem,
1551 970 1624 1012 vel
1643 977 1828 1026 propter

187 1046 444 1102 Vtilitatem,
469 1047 542 1090 vel
563 1054 747 1104 propter
767 1046 981 1091 maiorem
1009 1046 1352 1104 perfectionem,
1378 1047 1452 1091 vel
1474 1046 1611 1090 etiam
1641 1054 1827 1103 propter

189 1124 465 1181 exemplum.

276 1201 415 1257 Quod
451 1202 618 1246 dentur
654 1208 701 1246 et
737 1201 1004 1246 auferantur
1038 1201 1345 1257 chirographa
1384 1200 1568 1252 silentii,
1600 1216 1691 1243 non
1721 1201 1827 1244 facit

189 1284 370 1335 tempus
392 1284 585 1331 certum,
610 1278 698 1323 377
721 1279 803 1323 sed
824 1279 947 1334 quod
969 1278 1244 1335 profecerint
1264 1278 1311 1321 in
1334 1278 1498 1335 spiritu
1521 1279 1595 1323 vel
1624 1278 1734 1334 ipsis
1758 1278 1828 1322 in—

189 1354 396 1412 digeant,
415 1355 489 1399 vel
510 1362 687 1408 contra,
711 1370 768 1399 ex
790 1353 958 1398 iudicio
979 1354 1265 1412 superiorum
1288 1355 1335 1407 ii,
1367 1355 1535 1411 quibus
1562 1356 1730 1399 dantur
1752 1356 1825 1399 vel

189 1433 475 1477 auferuntur.
500 1433 659 1488 Itaque
681 1432 867 1477 euenire
889 1440 1053 1489 potest,
1078 1441 1128 1475 vt
1149 1439 1251 1489 post
1272 1433 1388 1476 duos
1408 1448 1553 1476 annos
1585 1447 1676 1476 non
1699 1435 1825 1478 aufe-

186 1516 346 1553 rantur
366 1510 631 1564 schedulae,
657 1524 807 1566 neque
828 1509 1095 1566 probatione
1115 1510 1390 1563 eximantur,
1415 1518 1462 1554 et
1483 1518 1633 1567 potest
1657 1510 1756 1555 fieri
1778 1518 1828 1553 vt

185 1587 453 1632 auferantur
476 1593 582 1630 ante
604 1587 720 1630 duos
746 1602 907 1641 annos,
947 1595 993 1630 et
1013 1595 1120 1643 post
1158 1587 1331 1643 aliquot
1353 1602 1498 1631 annos
1518 1594 1674 1644 potest
1695 1590 1828 1632 sche-

185 1664 294 1708 dula
317 1678 499 1713 rursum
520 1663 634 1717 dari,
659 1671 705 1708 et
722 1664 933 1720 probatio
954 1664 1109 1709 iterari
1130 1664 1178 1708 in
1207 1665 1373 1720 quouis
1394 1672 1534 1708 statu.
1563 1667 1631 1709 Ex
1663 1665 1735 1708 his
1757 1665 1827 1707 in-

186 1740 406 1799 telligitur
426 1741 602 1786 nullum
624 1742 792 1786 debere
823 1742 896 1786 vel
921 1741 1073 1786 mirari
1110 1743 1182 1787 vel
1219 1757 1358 1799 aegre
1397 1744 1532 1795 ferre,
1564 1743 1603 1786 si
1633 1743 1827 1799 accipiat

184 1818 539 1875 chirographum
561 1818 746 1871 silentii,
772 1819 906 1862 cuius
928 1827 1020 1863 tam
1052 1820 1221 1863 multae
1243 1828 1435 1876 possunt
1464 1835 1567 1864 esse
1589 1834 1758 1864 causae
1781 1827 1827 1863 et

186 1902 280 1939 tam
303 1895 482 1952 amplus
504 1903 575 1940 est
598 1910 723 1939 vsus.

273 1973 453 2025 Nullus,
477 1987 595 2028 quae
615 1972 738 2016 domi
759 1972 987 2026 accidunt,
1013 1973 1318 2018 communicet
1339 1987 1444 2017 cum
1467 1974 1668 2018 externis
1690 1974 1826 2017 etiam

181 2049 378 2100 deuotis,
403 2049 490 2092 nisi
511 2049 557 2093 id
577 2049 652 2104 sit,
678 2051 800 2106 quod
828 2050 1014 2094 indubie
1043 2050 1188 2107 possit
1216 2051 1273 2093 ad
1301 2051 1662 2095 aedificationem
1692 2051 1825 2107 spiri-

183 2126 355 2170 tualem
381 2127 548 2171 facere.

268 2203 451 2265 Nullus,
481 2217 631 2259 neque
659 2203 840 2256 ianitor,
872 2218 1022 2259 neque
1049 2203 1275 2255 aedituus,
1307 2204 1503 2261 excipiat
1535 2206 1592 2248 ab
1626 2204 1825 2248 externis

181 2280 425 2337 quippiam,
457 2281 579 2336 quod
607 2281 786 2326 nuntiet
814 2281 1146 2334 sacerdotibus,
1180 2282 1253 2325 vel
1285 2281 1384 2325 aliis
1420 2282 1698 2333 domesticis,
1739 2282 1824 2324 nisi

180 2355 307 2413 prius
327 2371 381 2400 ea
402 2359 460 2402 de
482 2372 529 2401 re
550 2358 829 2415 superiorem
852 2357 1096 2411 monuerit,
1121 2359 1195 2401 vel
1214 2360 1381 2403 habeat
1398 2359 1659 2414 generalem
1680 2359 1823 2402 facul-

181 2439 339 2478 tatem.

268 2511 433 2554 Nullus
454 2519 689 2568 praeterea
710 2513 1000 2556 sacerdotum
1030 2513 1102 2556 vel
1131 2511 1321 2555 aliorum
1350 2513 1707 2557 domesticorum
1742 2527 1821 2554 ex-

181 2594 312 2632 terno
332 2587 468 2631 alicui
489 2589 719 2645 loquatur,
744 2590 918 2644 absque
946 2588 1149 2645 generali
1177 2590 1250 2632 vel
1277 2589 1364 2633 378
1393 2589 1653 2645 particulari
1683 2603 1822 2643 supe-

180 2663 309 2707 rioris
339 2666 568 2709 facultate:
599 2667 861 2710 sacerdotes
890 2665 1072 2721 quidem
1100 2673 1327 2708 vocantur
1350 2667 1406 2708 ad
1434 2665 1684 2709 audiendas
1708 2678 1820 2706 con-

179 2740 398 2785 fessiones
419 2741 668 2786 ordinarias
690 2742 832 2786 nostri
857 2741 1027 2798 templi.
1054 2743 1227 2786 Verum
1249 2743 1287 2785 si
1311 2742 1442 2785 aliam
1466 2743 1524 2784 ob
1554 2755 1736 2783 causam
1766 2755 1821 2784 eo

180 2825 472 2871 vocarentur,
505 2826 660 2875 petant
688 2827 706 2845 ³
735 2834 760 2863 a
782 2818 1014 2875 superiore
1036 2818 1214 2862 veniam
1237 2818 1391 2862 eundi.
1418 2817 1685 2873 Superiores
1707 2831 1818 2860 vero

180 2908 272 2937 non
293 2897 547 2940 concedant
568 2895 614 2938 id
636 2897 769 2940 facile
792 2897 965 2951 absque
988 2910 1154 2952 magna
1171 2894 1595 2950 circumspectione,
1618 2907 1819 2949 praeser-

228 3071 247 3089 ὃ
290 3064 402 3109 petat
421 3074 491 3098 ms.

357 3125 470 3155 Emsr.
492 3127 527 3154 P.
551 3127 684 3159 NADAL.
706 3135 782 3155 τοκ.
803 3126 865 3155 IV.
1416 3144 1423 3149 -
1604 3125 1640 3152 33
