2098 3470
8 1219 26 1252 ¹..
0 970 23 1183 nwurs-tvf,
0 891 20 938 ’,π’
0 832 9 855 .-

34 1257 39 1279 ἢ.
30 1192 38 1223 ιι
29 1103 32 1107 ·

559 290 835 327 Mommssuu
859 295 1115 325 Pnovmcniss
1138 286 1288 323 Rmzm
1294 286 1476 332 zue—56
1713 283 1784 331 339

979 465 1059 509 5ss

498 570 674 627 QUAE
704 570 759 612 R.
794 569 851 613 P.
883 567 1156 612 NATALIS
1188 566 1539 611 ORDINAUIT

661 684 713 715 m
743 682 984 714 COLLEGm
1018 681 1325 713 TREUERENSI
1364 669 1375 689 ¹

291 781 383 824 Det
404 792 585 836 operam
606 783 756 820 rector
775 775 1058 833 diligentem,
1082 783 1134 818 ut
1155 777 1317 819 fratres
1344 774 1676 819 modestissime
1696 783 1837 831 agant

198 856 324 900 inter
345 870 462 899 sese:
488 854 610 910 quod
633 861 785 898 tamen
805 851 933 912 [non]
953 851 1041 896 alia
1061 851 1284 895 industria
1304 851 1498 905 curabit,
1523 866 1659 908 quam
1682 851 1719 895 si
1737 866 1838 908 pro-

202 939 346 990 ponat
366 932 441 975 illa
462 931 627 988 capita,
653 931 710 975 de
731 929 900 986 quibus
921 930 1153 984 agendum
1175 929 1220 972 in
1244 928 1482 984 colloquiis
1504 928 1694 972 fratrum
1714 929 1746 972 ³.

296 1010 512 1063 Curetur,
554 1015 604 1052 ut
640 1007 826 1064 regulae
863 1006 1064 1050 studiose
1101 1007 1404 1050 obseruentur
1439 1007 1497 1050 ab
1528 1006 1756 1058 omnibus,
1795 1015 1840 1049 et

200 1093 508 1131 exerceantur
529 1083 848 1142 poenitentiae,
874 1098 991 1140 quae
1013 1083 1170 1127 solitae
1186 1090 1294 1127 sunt
1310 1083 1358 1127 in
1374 1082 1606 1128 Societate
1621 1082 1839 1135 exerceri,

203 1170 256 1208 et
277 1162 403 1206 nulla
423 1161 483 1206 sit
503 1160 727 1218 exceptio,
751 1159 838 1204 nisi
859 1160 1007 1204 'subsit
1026 1174 1166 1204 causa
1189 1159 1411 1217 legittima
1426 1167 1472 1204 et
1489 1159 1588 1203 aliis
1610 1166 1780 1216 aperta.

298 1240 473 1284 Omnes
494 1238 771 1283 conueniant
792 1238 850 1281 ad
866 1238 1208 1283 recreationem:
1229 1237 1405 1282 etiamsi
1423 1237 1729 1282 necessarium
1752 1251 1843 1280 non

206 1315 286 1370 sit,
311 1323 364 1359 ut
384 1322 534 1360 rector
555 1314 613 1359 sit
633 1328 738 1358 cum
759 1313 885 1371 ipsis;
910 1321 1062 1358 tamen
1083 1321 1233 1371 potest
1254 1314 1448 1358 subinde
1471 1301 1738 1359 conuenire.

298 1391 404 1438 Sint
425 1393 744 1436 obseruatores
766 1390 982 1435 orationis
1002 1399 1048 1436 et
1069 1391 1307 1436 examinis.

301 1468 742 1526 Superintendentes
759 1483 867 1514 vero
884 1467 1102 1513 orationis
1121 1468 1213 1512 sint
1233 1467 1538 1512 confessarius
1555 1477 1600 1514 et
1621 1467 1842 1525 superior.

213 1555 215 1557 ’
271 1606 274 1607 7
301 1547 359 1591 Et
379 1545 676 1590 instituantur
697 1559 872 1599 omnes,
897 1553 1116 1601 quantum
1138 1544 1237 1589 fieri
1265 1552 1430 1602 potest,
1455 1546 1628 1603 regulis
1659 1560 1845 1589 suorum

207 1621 478 1667 offitiorum.

299 1698 545 1756 Accipiant
566 1699 827 1744 facultatem
849 1700 1113 1745 confessarii
1128 1714 1228 1744 earn
1249 1714 1448 1753 omnem,
1469 1715 1583 1756 quos
1602 1700 1848 1744 destinabit

214 1778 352 1822 Pater
373 1783 539 1830 rector,
563 1791 699 1833 quarn
720 1776 980 1833 accepimus
1003 1791 1030 1820 a
1050 1778 1159 1821 sede
1179 1777 1441 1834 apostolica,
1467 1778 1618 1834 quoad
1634 1784 1848 1832 externos

213 1853 394 1908 attinet;
419 1854 500 1898 sed
521 1869 575 1898 ea
596 1862 748 1898 tamen
770 1854 889 1911 lege,
915 1861 966 1898 ut
989 1869 1088 1899 eam
1110 1854 1254 1912 possit
1277 1855 1351 1898 uel
1378 1855 1604 1912 abrogare
1635 1856 1709 1900 vel
1732 1863 1848 1900 tem-

211 1943 374 1988 petare
395 1938 565 1976 rector.

304 2007 597 2054 Confessario
620 2007 809 2051 fratrum
831 2007 958 2051 dabit
979 2015 1129 2052 rector
1150 2008 1383 2066 scriptum,
1419 2009 1497 2053 ubi
1527 2009 1849 2054 contineantur

210 2098 353 2129 casus
373 2084 613 2128 reseruati.

302 2161 446 2206 Curet
467 2168 631 2214 rector,
657 2169 708 2205 ut
728 2168 775 2205 et
796 2161 894 2219 ipse
915 2169 961 2205 et
982 2162 1057 2205 alii
1079 2163 1190 2207 dent
1211 2177 1392 2220 operam
1409 2162 1596 2220 linguae
1618 2163 1850 2220 germani-

209 2251 286 2291 ce,
311 2245 533 2294 quantum
555 2237 654 2281 fieri
675 2245 864 2295 potest.·
1047 2230 1063 2243 ’

304 2314 490 2358 Inuitati
511 2315 568 2359 ad
589 2314 820 2368 conuiuia,
845 2315 927 2358 ibit
949 2322 1099 2360 rector
1121 2330 1227 2360 cum
1249 2317 1401 2373 aliquo
1417 2331 1474 2360 ex
1491 2317 1675 2371 nostris,
1702 2331 1849 2373 quan-

210 2391 275 2436 do
294 2390 514 2435 iudicabit
536 2406 627 2435 non
649 2406 786 2448 posse
806 2391 929 2436 istud
950 2393 1169 2450 denegari
1185 2393 1294 2437 viris
1310 2393 1583 2451 quibusdam
1605 2394 1846 2450 primariis:

211 2466 358 2525 idque
390 2474 542 2511 tamen
578 2483 680 2512 raro
713 2467 969 2514 faciendum
1008 2469 1110 2522 erit,
1151 2477 1445 2526 cureturque,
1488 2478 1537 2513 ut
1574 2478 1850 2515 excusentur

213 2543 420 2601 inprimis
441 2559 468 2588 a
488 2545 724 2589 conuiuiis
733 2532 1095 2593 concionatores.
1115 2548 1211 2592 Suo
1229 2555 1380 2592 autem
1400 2556 1601 2604 tempore
1625 2554 1850 2591 statuetur

95 2613 106 2663 ’ᾗ
162 2651 167 2657 .
213 2620 327 2677 quid
344 2622 432 2666 hac
453 2621 501 2664 in
522 2636 571 2682 re
593 2622 850 2667 faciendum
873 2623 974 2677 erit;
1000 2639 1106 2668 nam
1127 2624 1185 2669 de
1206 2626 1293 2668 hac
1327 2640 1375 2669 re
1402 2625 1460 2667 ad
1490 2626 1673 2668 Patrem
1706 2638 1849 2679 gene-

217 2697 356 2742 talem
377 2699 517 2743 refert
539 2701 678 2744 Pater
698 2699 922 2760 N[atalis].

291 2858 304 2879 ¹
353 2857 412 2892 Ex
425 2859 646 2906 apographo
658 2869 816 2905 coaevo,
834 2859 875 2895 in
887 2859 1021 2896 codice
1036 2860 1304 2900 Natal.instr.
1324 2861 1478 2902 Germ„
1488 2860 1724 2907 duplicifol.,
1738 2860 1851 2906 302v,

80 2907 117 2958 ,ἶ
155 2950 158 2953 .
215 2912 322 2951 3o3r,
341 2916 451 2951 Haec
467 2916 673 2953 instructio
688 2929 737 2953 eo
754 2923 930 2965 tempore
947 2919 1091 2966 scripta
1108 2918 1196 2967 fuit,
1222 2931 1299 2967 quo
1320 2920 1470 2955 Natalis
1493 2920 1704 2965 collegium
1728 2921 1854 2956 trevi-

219 2984 334 3010 rense
351 2975 619 3022 perlustravit,
636 2975 802 3023 scilicet,
821 2987 844 3012 a
860 2976 925 3013 die
941 2977 964 3012 6
983 2978 1131 3026 Aprilis
1148 2978 1197 3014 ad
1220 2989 1243 3024 9
1266 2979 1357 3025 Maji
1382 2979 1472 3014 anni
1501 2979 1603 3023 1567.
1630 2978 1692 3014 Cf.
1720 2979 1851 3027 Epist.

223 3031 271 3072 P.
289 3031 441 3078 Nadal,
459 3033 532 3078 111,
546 3034 630 3079 467.

291 3093 307 3114 ⁸
356 3091 457 3128 V-ide
474 3103 602 3140 supra,
621 3104 712 3140 pag.
731 3092 813 3141 337,
833 3099 964 3132 annot.
986 3103 1017 3132 1.
