2098 3470
646 204 882 247 onmoms
906 214 1349 253 nasammonas-70
1695 217 1765 254 725

180 310 347 354 omnia:
373 310 632 367 praeterita,
656 309 927 367 praesentia,
950 317 997 353 et
1018 310 1188 362 futura;
1208 309 1255 352 in
1271 308 1452 366 proprio
1468 310 1605 353 etiam
1622 325 1809 367 genere,

180 387 228 430 in
255 388 393 431 rebus
429 387 563 444 ipsis,
594 402 675 444 per
700 386 879 430 diuinas
914 386 1105 443 species3
1140 387 1322 442 plenam
1360 386 1530 442 gratia,
1571 387 1808 444 sapientia,

179 464 393 516 veritate,
438 464 650 508 omnibus
690 464 844 516 donis,
888 462 1023 507 simul
1071 463 1323 508 discentem
1365 477 1444 519 per
1488 464 1809 520 experientiam

180 555 348 593 rerum,
374 555 492 597 quae
513 541 598 598 ipsi
618 548 880 598 praesentes
910 541 1228 583 occurrebant.
1260 541 1366 583 Non
1393 540 1513 582 enim
1542 549 1591 583 vt
1628 541 1702 584 alii
1739 541 1808 584 in·

180 618 327 662 fantes
349 618 539 662 internis
558 622 650 665 440
669 617 884 675 potentiis
898 632 990 662 non
1006 618 1235 679 ¹Vtebatur,
1255 618 1336 661 sed
1358 626 1622 673 provectum
1640 626 1659 644 ³
1675 618 1806 663 intel·

178 694 364 751 ligimus
386 695 432 738 in
454 710 510 739 eo
531 710 662 739 vsum
683 694 886 748 rationis,
906 702 955 737 vt
971 694 1017 737 in
1034 702 1180 746 vtero,
1201 694 1248 736 in
1263 694 1517 751 praesepio,
1538 695 1581 737 in
1601 695 1805 748 infantia,

178 773 379 827 perfecte
401 771 675 829 intelligeret
702 780 750 815 et
774 772 912 816 vellet
937 771 1242 824 continenter,
1267 778 1314 816 et
1334 771 1527 816 salutem
1551 773 1806 816 mortalium

175 847 224 890 in
245 849 385 893 corde
406 863 490 892 suo
517 856 796 905 operaretur3
825 849 942 892 adde
969 849 1092 904 quod
1117 862 1175 892 ex
1201 848 1371 904 frigore
1394 855 1502 891 tunc
1530 856 1576 892 et
1602 849 1700 892 aliis
1737 850 1807 892 in-

175 925 423 968 commodis
445 926 643 979 dolebat;
673 926 855 969 dolebat
880 925 989 970 item
1017 926 1140 980 quod
1176 925 1223 968 in
1261 925 1479 968 mundum
1519 933 1584 968 tot
1616 926 1807 970 miseriis

173 1001 528 1058 circumseptum
550 1002 773 1054 introiret,
797 1001 1061 1059 praesertim
1082 1001 1511 1059 ignominiosissime
1538 1002 1801 1047 moriturus.

175 1078 505 1123 Considerabat
526 1094 661 1135 quam
682 1079 730 1122 hi
750 1081 928 1124 labores
947 1087 1100 1123 essent
1121 1078 1250 1135 parui
1273 1080 1450 1122 fructus
1472 1081 1592 1135 apud
1618 1081 1802 1133 multos,

173 1154 411 1199 maximam
435 1156 691 1199 mortalium
717 1163 908 1212 partem,
934 1155 1093 1207 futuri,
1116 1163 1163 1199 et
1189 1170 1312 1199 mors
1340 1155 1452 1212 ipsa.
1486 1155 1607 1199 Hinc
1637 1156 1805 1212 poteris

172 1237 219 1275 te
239 1231 327 1275 illis
349 1232 515 1275 Christi
540 1233 921 1277 illustrationibus
941 1232 1130 1276 summis
1150 1232 1448 1290 coniungere,
1474 1233 1550 1276 illa
1577 1233 1804 1278 suauitate

171 1321 254 1351 cor
275 1315 404 1352 tuum
427 1309 686 1354 imbuere...

259 1390 350 1432 443
381 1387 457 1430 Ad
478 1386 850 1442 compositionem
871 1387 975 1438 loci,
1000 1401 1116 1443 quae
1137 1386 1183 1429 in
1211 1386 1440 1431 exercitiis
1464 1388 1670 1439 traditur,
1697 1389 1801 1431 addi

169 1461 339 1506 vtiliter
360 1470 510 1519 potest
532 1464 747 1519 temporis
768 1463 1026 1520 descriptio,
1052 1471 1148 1507 tum
1169 1478 1325 1507 earum
1350 1479 1515 1516 rerum,
1537 1479 1653 1520 quae
1669 1481 1800 1522 prae—

167 1539 354 1591 cedunt,
373 1539 675 1596 praestrictio‚
701 1548 745 1585 et
769 1540 1049 1584 continuatio
1069 1540 1291 1596 quaedam
1313 1540 1530 1584 historiae
1552 1543 1609 1584 ad
1631 1543 1799 1598 depen-

165 1615 375 1660 dentia...

255 1698 344 1740 446
377 1693 651 1750 Simplicitas
688 1702 734 1737 et
770 1694 992 1738 modestia
1032 1694 1335 1738 meditationis
1376 1710 1589 1752 magnam
1628 1697 1799 1740 habent

122 1806 125 1807 ⁷
164 1769 350 1826 spiritus
370 1760 626 1815 vtilitatem.
648 1773 891 1828 Haeqtum
908 1771 1007 1815 aliis
1023 1773 1159 1815 rebus
1174 1779 1444 1829 prestamus,
1466 1780 1562 1815 tum
1585 1773 1799 1818 historiae

165 1846 362 1907 simplici
384 1854 431 1892 et
453 1855 628 1892 attenta
650 1847 1028 1900 consideratione,
1052 1849 1189 1893 rebus
1216 1848 1326 1905 ipsis
1347 1857 1393 1893 et
1422 1850 1554 1892 factis
1585 1865 1638 1894 ac
1665 1850 1798 1894 dictis

163 1923 469 1977 inhaerentes3
493 1924 568 1967 illa
600 1925 881 1970 ruminantes
903 1925 976 1981 pie
1001 1933 1047 1969 et
1077 1925 1323 1980 humiliter;
1347 1926 1438 1970 illic
1460 1927 1545 1980 vis,
1574 1926 1664 1970 illic
1692 1928 1797 1971 abs—

164 2001 378 2044 conditus
401 2003 589 2045 nucleus
611 2003 835 2047 coelestis.
946 2002 950 2005 ’

252 2077 336 2121 Vis
357 2077 665 2123 meditationis
686 2079 732 2122 in
762 2081 898 2123 rebus
925 2068 971 2122 et
999 2079 1190 2123 historia
1221 2081 1508 2137 euangelica.
1538 2082 1655 2125 Nam
1685 2082 1791 2137 Xpi.

162 2154 259 2199 vita
276 2162 347 2199 est
369 2169 509 2198 causa
526 2156 795 2212 exemplaris
817 2156 964 2200 omnis
986 2156 1167 2200 virtutis
1189 2164 1325 2213 atque
1347 2157 1655 2214 perfectionis:
1676 2158 1790 2214 agit,

163 2239 334 2284 mouet,
359 2231 505 2284 iuuat,
529 2232 785 2289 coniungit,
810 2233 968 2276 incitat
983 2240 1180 2278 mentem
1202 2234 1249 2277 in
1270 2236 1473 2279 Deum...

249 2311 338 2355 452
370 2309 660 2353 Confidentia
697 2317 823 2353 vtere
851 2310 898 2352 in
934 2309 1152 2354 oratione:
1194 2311 1406 2362 Domine,
1447 2325 1539 2354 non
1577 2313 1788 2355 auderem

159 2398 250 2441 ego
272 2385 330 2428 ad
353 2392 397 2428 te
419 2386 653 2444 accedere,
678 2385 790 2428 nihil
812 2401 839 2429 a
861 2393 906 2431 te
926 2394 1096 2443 petere3
1122 2389 1202 2431 sed
1226 2397 1275 2431 tu
1308 2388 1461 2430 dixisti
1489 2396 1535 2430 vt
1558 2389 1788 2438 accedam,

158 2469 208 2503 vt
229 2468 397 2518 petam3
422 2476 527 2504 cum
549 2463 660 2519 Jesu
682 2464 866 2514 accedo,
890 2471 938 2507 et
959 2451 1064 2519 peto
1090 2478 1149 2508 ne
1177 2465 1391 2521 respicias
1419 2479 1565 2508 meam
1593 2464 1789 2521 indigni-

160 2544 318 2591 tatem,
350 2539 433 2582 sed
461 2539 634 2582 Christi
671 2539 942 2595 dignitatem
973 2548 1020 2584 et
1047 2548 1171 2585 tuam
1199 2541 1574 2593 misericordiam,
1606 2541 1685 2597 qui
1720 2541 1789 2584 di-

156 2621 330 2670 gnatus
351 2629 400 2658 es
422 2630 549 2672 spem
572 2616 683 2659 mihi
705 2617 824 2660 hanc
845 2624 892 2660 et
913 2617 1125 2662 omnibus
1147 2619 1312 2663 facere.
1325 2653 1352 2663 ..

247 2696 335 2739 498
365 2693 499 2735 Ratio
533 2692 691 2736 orandi
725 2694 777 2736 P.
814 2692 978 2749 Ignatii
1004 2693 1303 2738 desideranda
1331 2703 1377 2739 et
1409 2709 1434 2737 a
1465 2696 1564 2737 Deo
1595 2695 1788 2750 petenda

155 2781 344 2812 vnice...

242 2848 313 2891 519
346 2846 421 2888 Ad
442 2847 656 2902 angelum
680 2847 916 2892 custodem
939 2854 1007 2892 est
1028 2847 1213 2892 deuotio
1240 2856 1286 2892 et
1316 2846 1592 2890 familiaritas
1625 2861 1786 2902 procu-

222 3020 242 3038 2
285 3014 524 3058 praevetum
542 3023 600 3047 ms
610 3040 618 3047 .
