2098 3470
335 234 407 273 880
888 270 891 273 .
913 239 1052 276 EPIST.
1080 239 1124 275 P.
1154 240 1304 276 NADAL

377 339 581 383 Tandem
604 338 799 393 iuvenis,
824 354 928 384 cum
950 341 1127 386 videret
1148 349 1361 398 parentes
1389 357 1638 399 numquam
1667 344 1711 388 id
1736 345 1930 402 permis-

287 429 435 468 suros,
467 428 617 471 neque
651 417 832 459 Patrem
869 418 1077 461 Natalem
1116 419 1288 474 absque
1320 433 1475 463 eorum
1515 421 1732 466 facultate
1759 422 1929 478 aliquid

287 499 512 547 acturum,
539 492 722 536 omnino
745 493 947 538 decrevit
969 509 1035 547 se,
1061 494 1139 537 ubi
1163 495 1357 551 primum
1381 496 1565 539 ianuam
1590 497 1772 555 collegii
1797 514 1927 555 aper-

288 577 379 612 tam
403 569 646 623 inveniret,
671 570 716 612 vi
738 570 1070 627 ingressurum,
1097 579 1233 628 atque
1252 580 1300 616 ut
1317 572 1362 615 id
1382 574 1550 618 faceret
1568 575 1925 630 oportunitatem

288 647 518 702 captabat.

375 723 558 767 Accidit
580 725 775 780 quadam
800 725 914 778 vice,
941 733 991 768 ut
1014 726 1316 782 paedagogus
1354 727 1452 772 eius
1491 729 1548 771 ad
1580 741 1689 772 suos
1719 737 1931 785 parentes

287 800 548 844 invisendos
570 800 672 854 iret,
697 802 821 857 quod
845 802 921 845 ubi
944 802 1039 858 ipse
1062 803 1272 859 advertit,
1295 804 1606 847 occassionem
1630 819 1680 849 se
1702 804 1930 850 invenisse

287 878 496 930 credens,
528 885 579 920 ut
607 878 669 930 id,
696 879 819 934 quod
848 879 1005 922 animo*
1023 887 1315 935 conceperat,
1341 888 1659 935 exequeretur,
1684 888 1730 925 et
1751 881 1796 924 id
1833 881 1931 926 sine

290 955 381 998 ulla
403 955 474 998 sui
504 955 767 1012 paedagogi
796 956 1049 1013 suspitione
1083 956 1181 999 fieri
1209 971 1345 1013 posse
1382 965 1605 1010 cerneret,
1636 958 1794 1001 statuit
1824 966 1931 1002 tunc

292 1035 514 1088 temporis
536 1032 732 1090 ingredi3
759 1047 812 1077 ac
836 1034 1030 1089 quadam
1061 1033 1134 1076 die
1163 1030 1388 1078 dominica
1417 1049 1442 1076 a
1482 1037 1617 1077 Patre
1645 1034 1857 1079 Cornelio
1885 1035 1931 1078 in

290 1109 477 1152 domum
502 1109 783 1166 probationis
805 1110 1097 1154 introductus
1119 1118 1204 1163 est,
1230 1110 1309 1153 ubi
1341 1110 1574 1155 remansit.
1602 1113 1821 1156 Parentes
1848 1126 1931 1155 au-

289 1193 382 1229 tem
405 1201 511 1231 eum
533 1186 654 1230 domi
676 1189 995 1244 expectabant,
1021 1194 1071 1230 ut
1101 1187 1293 1241 veniret3
1319 1188 1400 1231 sed
1441 1188 1516 1231 ubi
1544 1195 1651 1244 post
1678 1202 1815 1231 unam
1853 1195 1932 1232 aut

290 1265 478 1307 alteram
501 1266 660 1307 horam
688 1279 792 1309 eum
822 1279 912 1308 non
943 1266 1190 1309 adventare
1218 1265 1649 1318 animadverterent,
1674 1265 1932 1328 statimoesu-

290 1340 451 1397 spicati
472 1348 597 1394 sunt,
623 1342 746 1397 quod
768 1356 925 1385 verum
944 1349 1057 1385 erat.

381 1419 512 1461 Tunc
535 1425 680 1462 mater
702 1418 800 1463 eius
825 1420 895 1461 2.¹²
918 1420 1029 1461 hora
1051 1419 1215 1472 noctis,
1241 1420 1407 1463 multas
1432 1420 1641 1473 famulas,
1667 1434 1720 1463 ac
1744 1421 1935 1463 famulos

291 1495 552 1551 multosque
573 1503 798 1552 cognatos
827 1510 983 1540 secum
1013 1497 1261 1550 adducens,
1294 1497 1351 1540 ad
1380 1496 1624 1553 collegium
1657 1497 1931 1554 properavit,

291 1572 530 1616 clamitans
551 1588 633 1629 per
656 1574 831 1626 urbem,
852 1573 915 1616 ita
938 1581 989 1615 ut
1012 1573 1143 1616 multi
1167 1573 1352 1629 cognati
1374 1581 1420 1616 et
1442 1574 1618 1626 affineS,
1645 1574 1743 1619 eius
1764 1575 1934 1617 clamo-

292 1649 419 1692 ribus
449 1649 650 1703 e‘xcitati,
675 1650 811 1694 simul
841 1665 944 1693 curn
968 1650 1043 1693 illa
1067 1657 1308 1694 venerunt.
1336 1651 1468 1693 Tunc
1495 1650 1692 1694 maximo
1724 1665 1827 1694 cum
1858 1659 1934 1695 tu-

290 1727 439 1769 multu
464 1728 583 1771 fores
605 1727 787 1784 collegii
808 1729 976 1784 pulsat,
1002 1742 1054 1771 ac
1077 1727 1220 1770 filium
1243 1742 1377 1771 suum
1400 1727 1595 1770 maximo
1623 1742 1727 1770 cum
1756 1728 1926 1771 eiulatu

290 1802 377 1847 sibi
394 1804 495 1847 dari
514 1805 736 1861 deposcit.
757 1807 896 1861 Quod
914 1806 1075 1850 videns
1094 1807 1229 1848 Pater
1246 1805 1439 1858 Natalis,
1460 1820 1564 1849 eum
1584 1805 1861 1850 descendere
1879 1807 1935 1849 ad

293 1888 485 1925 matrem
507 1882 654 1925 iussit.
681 1882 811 1927 Licet
832 1882 956 1939 prius
986 1890 1214 1934 renueret,
1240 1882 1494 1936 descendit;
1521 1896 1656 1937 quem
1688 1881 1765 1925 ubi
1793 1889 1938 1927 mater

289 1959 420 2015 vidit,
446 1959 616 2014 statim,
643 1967 824 2016 arrepto
846 1960 1031 2004 sinistro
1055 1959 1256 2012 brachio,
1282 1959 1446 2015 inquit:
1477 1959 1605 2013 «Fili,
1631 1973 1723 2002 non
1747 1967 1792 2004 te
1808 1959 1937 2004 dese-

291 2051 402 2089 ram,
428 2036 516 2080 nisi
537 2051 716 2080 mecum
746 2038 971 2091 veneris1>3
998 2037 1247 2092 multisque
1277 2037 1470 2080 vocibus
1500 2036 1747 2091 quaerulis,
1772 2050 1824 2079 ac
1855 2037 1939 2079 fle-

289 2113 458 2157 bilibus
481 2114 682 2157 animum
705 2114 804 2159 eius
825 2115 1119 2159 emollescere
1141 2114 1408 2157 conabatur.
1430 2113 1566 2169 Quod
1595 2112 1673 2156 ubi
1695 2127 1788 2156 non
1810 2127 1938 2169 prae-

290 2190 420 2242 stitit,
446 2191 503 2234 ad
526 2190 687 2244 minas,
714 2198 759 2236 et
782 2191 1145 2236 maledictionem
1169 2205 1218 2234 se
1240 2189 1482 2242 convertit,
1504 2189 1732 2245 inquiens:
1766 2190 1938 2234 «Male-

291 2267 538 2312 dictionem
561 2283 708 2312 meam
733 2269 814 2311 tibi
837 2269 1046 2322 inferam,
1067 2268 1155 2311 nisi
1173 2267 1282 2310 mihi
1301 2266 1573 2311 obedieris.»
1596 2266 1685 2310 Cui
1707 2266 1939 2322 respondit

291 2344 487 2389 iuvenis:
514 2345 636 2388 illam
659 2360 743 2389 cur
763 2347 882 2389 hanc
911 2344 1275 2390 maledictionem
1315 2343 1504 2400 irroget,
1541 2344 1712 2386 nullam
1756 2357 1938 2386 causam

292 2423 480 2466 habere.
519 2424 703 2478 «Quare
733 2422 845 2466 nihil
883 2422 1060 2479 (inquit)
1099 2421 1211 2464 mihi
1244 2420 1407 2472 oberit,
1434 2421 1514 2465 sed
1552 2420 1698 2463 maius
1728 2418 1940 2463 meritum

291 2498 525 2555 augebit.»
552 2500 758 2544 Tandem
782 2508 927 2544 mater
949 2514 1040 2542 non
1070 2497 1238 2551 effecit,
1267 2504 1315 2541 ut
1343 2497 1446 2549 iret,
1470 2497 1534 2540 ita
1563 2504 1614 2540 ut
1642 2495 1839 2539 crastina
1866 2495 1941 2540 die

292 2591 341 2620 se
368 2575 515 2620 redire
537 2576 824 2632 promitteret
847 2585 991 2628 mater
1013 2577 1070 2619 ad
1093 2574 1358 2631 collegium.

381 2654 513 2696 Tunc
536 2654 719 2697 tandem
741 2661 901 2706 mater,
927 2660 1108 2709 arrepto
1130 2650 1334 2703 brachio,
1361 2651 1556 2693 famulae
1579 2657 1623 2695 et
1655 2649 1811 2693 famuli
1833 2663 1940 2705 par-

292 2730 414 2774 tibus
435 2731 576 2776 vestis
597 2730 804 2787 arreptis,
825 2731 1055 2774 ducebant
1077 2728 1275 2772 maximo
1297 2741 1402 2770 cum
1420 2728 1617 2771 clamore
1635 2741 1688 2772 ac
1706 2725 1935 2782 lacrymis.

292 2808 382 2852 Ubi
404 2815 557 2852 autem
579 2808 764 2851 domum
787 2807 1008 2863 pervenit,
1034 2821 1148 2850 avus
1164 2820 1268 2850 eum
1287 2805 1523 2860 increpare
1539 2802 1708 2860 coepit,
1728 2802 1851 2859 quod
1870 2801 1935 2855 id,

289 2884 447 2928 insciis
468 2884 749 2941 parentibus,
776 2883 949 2937 fecerit,
975 2898 1101 2940 spem
1125 2890 1278 2927 autem
1296 2889 1403 2926 ante
1421 2880 1531 2924 solis
1547 2887 1698 2924 ortum
1718 2877 1942 2923 redeundi

290 2962 421 3015 dans;
452 2976 584 3006 mane
611 2961 765 3005 statim
794 2960 1006 3015 surrexit,
1042 2968 1093 3003 ut
1121 2959 1272 3011 citius,
1298 2958 1423 3001 nullo
1446 2956 1738 3014 impediente,
1765 2956 1823 2999 ad
1845 2954 1941 2998 col-

290 3038 462 3095 legium
485 3039 666 3083 rediret.
694 3039 832 3094 Quod
856 3037 935 3081 ubi
958 3036 1092 3080 scivit
1114 3050 1243 3088 avus,
1268 3035 1314 3078 in
1345 3034 1609 3078 cubiculum
1631 3033 1730 3077 eius
1759 3033 1942 3089 ingres—
