2098 3470
797 229 1227 286 Insrnucnonsss-fir
1712 255 1782 293 495

197 352 249 396 in
270 352 450 405 studiis,
474 352 724 396 doctrinam
756 351 1047 396 christianam
1067 350 1261 394 doceant
1291 363 1371 405 per
1387 348 1664 405 parrochias,
1689 348 1828 404 petita

200 429 258 472 ad
279 430 367 472 hoc
389 430 604 474 facultate
624 442 652 473 a
667 428 893 486 parochis.

286 506 336 551 Si
358 507 415 549 ad
438 505 797 550 aedificationem
834 504 1051 550 maiorem
1072 503 1170 548 fieri
1197 510 1366 560 posset,
1403 509 1557 546 essent
1585 502 1714 558 pueri
1743 503 1826 546 do-

195 582 334 626 cendi
355 583 608 626 doctrinam
630 587 712 630 372
734 582 1040 634 christianam,
1064 579 1240 623 rithmis
1261 579 1573 635 compositam,
1600 581 1823 632 canendo,

196 672 252 702 ac
274 658 337 702 ita
358 674 439 715 per
456 660 575 704 duos
596 674 759 716 pueros
780 658 953 704 institui
974 658 1032 702 ad
1051 659 1176 701 hunc
1196 664 1398 708 cantum,
1419 664 1466 700 et
1482 671 1564 712 per
1581 657 1754 712 plateas
1772 671 1823 700 ac

197 735 324 779 vicos
345 737 450 793 cogi
479 745 525 782 et
554 736 798 780 conuocari
820 735 1103 792 campanula,
1127 733 1452 791 praeeuntibus
1480 740 1526 776 et
1555 734 1825 778 canentibus

117 800 125 809 ’
192 812 450 857 doctrinam
470 813 558 858 illis
578 815 757 857 duobus
779 813 930 870 pueris
950 812 1008 856 ad
1028 814 1116 860 hoc
1137 810 1385 862 instructis,
1420 811 1730 867 subsequente
1753 811 1823 853 in-

195 888 407 934 stitutore
429 890 679 943 doctrinae,
704 905 757 934 ac
778 890 844 934 sic
869 889 976 933 duci
996 890 1056 933 ad
1078 889 1295 945 templum
1323 895 1546 940 nostrum,
1580 895 1628 929 vt
1657 888 1702 930 in
1726 888 1823 943 qui-

194 966 386 1012 busdam
410 967 657 1024 prouinciis
678 967 775 1012 fieri
796 965 1050 1011 consueuit.

276 1101 339 1131 DE
377 1100 749 1130 SPIRITUALIBUS
790 1099 1106 1138 MINISTERIIS,
1146 1098 1275 1137 QUAE
1315 1098 1473 1128 EXTRA
1511 1098 1743 1128 TEMPLUM

651 1177 882 1207 NOSTRUM
910 1175 1159 1206 EXERCENT
1187 1175 1362 1206 NOSTRI

282 1276 363 1319 Est
383 1275 503 1318 inter
528 1275 777 1331 spiritualia
813 1273 1028 1319 exercitia
1054 1273 1120 1317 ire
1148 1274 1205 1317 ad
1233 1273 1482 1318 audiendas
1509 1273 1820 1318 confessiones

194 1359 501 1408 aegrotorum,
526 1351 564 1395 si
585 1359 805 1395 vocentur
832 1351 989 1394 nostri.

280 1429 418 1473 Ferre
439 1443 572 1485 opem
594 1428 890 1481 moribundis,
914 1428 953 1472 si
973 1435 1208 1472 vocentur.

280 1506 396 1553 Cum
418 1520 529 1550 vero
558 1507 615 1548 ad
636 1507 752 1550 haec
772 1505 1020 1550 ministeria
1040 1504 1342 1561 proficiscitur
1364 1505 1482 1561 quis,
1507 1520 1662 1549 secum
1683 1507 1820 1549 ducat

190 1596 328 1626 vnum
350 1596 407 1626 ex
428 1581 686 1625 domesticis
708 1581 939 1636 fratribus,
962 1588 1007 1625 et
1035 1581 1083 1626 in
1103 1582 1270 1635 eundo,
1302 1582 1429 1626 illurn
1457 1583 1610 1636 etiam,
1636 1583 1715 1638 qui
1736 1597 1817 1625 vo-

191 1666 343 1702 catum
365 1673 469 1703 eum
491 1659 741 1704 aduenerit.

275 1737 439 1780 Danda
460 1736 593 1792 plena
615 1735 830 1780 exercitia
850 1735 1100 1792 spiritualia
1120 1735 1191 1789 iis,
1216 1736 1294 1792 qui
1314 1750 1416 1782 sese
1432 1736 1646 1794 colligere
1669 1751 1722 1780 ac
1743 1752 1815 1781 se-

189 1827 385 1870 gregare
405 1812 591 1856 omnino
613 1820 803 1869 possunt
831 1820 876 1857 et
904 1813 1080 1866 volunt,
1112 1821 1158 1863 et
1179 1827 1317 1870 agere
1344 1815 1402 1858 de
1429 1814 1744 1868 electionibus,
1771 1823 1816 1858 et

189 1889 437 1946 mutatione
463 1896 626 1933 status.
649 1888 909 1935 3731nduci
933 1889 1068 1933 etiam
1095 1891 1153 1933 ad
1180 1890 1227 1933 id
1253 1898 1444 1947 possunt
1475 1891 1548 1934 vel
1577 1891 1713 1936 etiam
1736 1893 1816 1935 de-

185 1967 311 2020 bent;
335 1974 382 2011 et
402 1967 449 2009 hi
471 1966 652 2022 quidem
675 1966 915 2011 exercendi
938 1974 1044 2009 sunt
1065 1966 1283 2011 districte:
1308 1968 1406 2011 aliis
1430 1983 1522 2011 non
1545 1975 1637 2011 tam
1659 1969 1787 2012 distri
1802 1995 1811 2000 -

187 2050 261 2093 cte
282 2050 389 2086 sunt
410 2044 645 2099 tradenda.
671 2045 842 2087 Verum
865 2043 910 2086 in
934 2043 1007 2087 his
1036 2044 1247 2088 omnibus
1275 2045 1588 2089 obseruandae
1617 2054 1724 2089 sunt
1746 2047 1813 2088 vl-

188 2119 323 2165 timae
343 2111 498 2164 earum
525 2121 889 2173 annotationum,
914 2135 1031 2176 quae
1057 2120 1185 2165 initio
1213 2122 1530 2167 exercitiorum
1560 2131 1812 2179 ponuntur.

273 2197 349 2240 Ad
376 2198 524 2241 danda
561 2197 775 2243 exercitia
811 2206 1136 2255 praeparentur
1170 2206 1217 2243 et
1238 2199 1507 2256 seligantur,
1541 2200 1620 2256 qui
1650 2201 1706 2243 ad
1728 2202 1813 2243 hoc

186 2273 405 2317 talentum
433 2274 717 2330 acceperint,
746 2282 794 2319 et
829 2275 906 2330 qui
934 2275 1178 2331 praecipue
1205 2284 1313 2320 sunt
1342 2277 1399 2319 ad
1428 2276 1680 2321 orationem
1704 2291 1787 2332 pro

186 2349 340 2394 cliues.
586 2400 592 2410 Ι

271 2426 346 2470 Ad
367 2441 571 2472 carceres
599 2434 728 2473 eatur
755 2428 950 2484 singulis
977 2428 1213 2473 dominicis
1234 2429 1410 2482 diebus,
1444 2438 1489 2474 et
1519 2431 1576 2473 ad
1609 2445 1702 2482 eos,
1736 2432 1810 2485 qui

184 2504 229 2546 in
251 2518 433 2548 carcere
452 2504 730 2558 detinentur,
748 2504 869 2548 vtilis
891 2505 1041 2560 aliqua
1062 2507 1315 2550 exhortatio
1331 2508 1554 2551 habeatur
1570 2506 1678 2562 ipsis
1700 2521 1810 2549 con-

186 2579 389 2634 ueniens,
414 2590 460 2624 et
481 2580 722 2638 praecipue
743 2583 800 2626 ad
822 2581 1152 2626 confessionem
1174 2582 1274 2627 illos
1295 2583 1478 2635 excitet,
1504 2592 1550 2626 et
1573 2583 1609 2626 si
1632 2583 1706 2638 pia
1730 2583 1808 2625 ali-

181 2671 272 2712 qua
292 2657 535 2701 subuentio
556 2658 786 2714 procurari
809 2658 896 2701 illis
916 2658 1072 2715 possit,
1092 2674 1152 2703 ne
1171 2659 1422 2710 omittatur.
1444 2661 1572 2703 Haec
1590 2660 1808 2715 praestari

182 2748 261 2790 per
282 2734 443 2777 fratres
464 2741 692 2790 poterunt3
717 2736 798 2780 sed
829 2743 924 2778 tum
963 2742 1096 2780 erunt
1133 2735 1357 2788 mittendi,
1397 2736 1473 2791 qui
1498 2735 1807 2780 confessiones

181 2809 366 2854 audiant
395 2813 568 2854 Patres.
982 2799 987 2803 ’

269 2887 440 2932 Eodem
471 2888 606 2932 modo
636 2890 693 2932 ad
721 2889 968 2946 hospitales
1004 2890 1162 2934 domos
1188 2891 1261 2934 vel
1290 2889 1570 2934 xenodochia
1607 2890 1806 2931 eundum

179 2953 279 3016 erit,
304 2963 363 3006 ad
384 2963 633 3009 visitandos
653 2972 699 3009 et
720 2967 1021 3010 consolandos
1042 2975 1254 3023 aegrotos
1277 2975 1321 3009 et
1345 2965 1586 3008 iuuandos.

268 3039 400 3083 Alius
418 3040 592 3084 fructus
608 3049 677 3085 est
699 3042 856 3099 magni
878 3043 1094 3086 momenti
1115 3050 1161 3086 et
1183 3057 1350 3099 magno
1369 3042 1534 3094 studio,
1558 3054 1683 3093 cura,
1704 3041 1806 3084 dili-
