2098 3470
321 250 392 285 816
903 252 1036 287 EPIST.
1066 251 1108 286 P.
1141 251 1290 286 NADAL

276 353 400 395 zelus
423 359 468 395 et
490 352 735 408 singularis
764 354 820 396 ad
849 353 1091 396 dicendum
1116 353 1183 395 vis
1217 355 1272 397 R.
1307 355 1362 398 P.
1386 354 1577 412 Joannis
1606 355 1838 399 Xantheni
1877 358 1904 398 ¹.

275 429 428 472 Huius
470 428 615 472 Patris
651 429 947 473 concionibus
985 430 1097 473 adeo
1135 437 1243 472 sunt
1281 430 1544 474 inflammati
1582 438 1829 482 nostrates,
1861 439 1909 475 vt

275 505 459 548 omnino
488 505 672 561 cupiant
701 505 828 549 initia
851 507 1072 561 quaedam
1096 506 1276 562 collegii
1306 507 1351 549 in
1381 507 1567 552 ciuitate
1590 507 1909 564 nouimagensi

277 583 481 634 fundare,
514 582 551 625 si
580 597 658 638 per
689 584 847 626 Patres
880 583 1028 626 liceat.
1066 584 1114 625 In
1152 583 1289 627 certis
1318 585 1488 628 habent
1519 598 1605 639 300
1637 598 1799 628 aureos
1827 599 1909 627 an—

274 673 409 702 nuos.
435 659 632 702 Domum
656 659 791 702 vidua
815 661 1038 715 quaedam
1062 659 1226 702 nobilis
1248 661 1396 712 offert,
1417 675 1608 716 eamque
1625 661 1817 716 amplam
1835 675 1910 704 sa-

276 736 349 779 tis.
377 736 648 792 Episcopus,
674 743 875 788 senatus,
901 736 1167 792 capitulum,
1193 736 1254 792 pii
1278 737 1446 793 quique
1470 751 1560 780 non
1583 737 1792 782 desinent
1809 752 1910 794 pro-

277 827 476 865 mouere,
503 819 551 855 vt
574 812 704 857 breui
726 813 892 870 integri
921 812 1100 869 collegii
1130 821 1382 869 prouentus
1409 815 1593 858 habeat.
1637 815 1742 858 Hoc
1770 829 1910 858 vnum

277 897 453 933 tantum
478 889 685 946 cupiunt,
710 897 759 932 vt
782 892 835 933 Ρ.
862 891 1159 934 Xanthenum
1183 891 1382 935 habeant
1405 890 1543 934 huius
1571 890 1636 935 rei
1658 892 1910 935 moderato-

275 982 369 1011 rem
394 967 452 1009 ad
474 981 645 1010 annum
667 981 806 1009 vnum
829 974 966 1022 atque
983 967 1192 1011 alterum.
1220 969 1353 1012 Esset
1375 969 1527 1011 forsan
1545 975 1798 1011 nostratum
1817 967 1910 1024 pie·

275 1052 345 1088 tas
367 1045 597 1087 laudanda
619 1044 780 1101 magis,
805 1044 844 1087 si
866 1059 957 1087 non
981 1044 1027 1087 in
1048 1059 1188 1088 vnum
1211 1045 1509 1088 Xanthenum
1532 1045 1687 1088 oculos
1714 1058 1886 1089 conuer
1905 1071 1909 1074 -

275 1129 436 1165 terent.
463 1122 556 1165 Sed
581 1120 830 1164 infirmitati
859 1121 1094 1164 hominum
1131 1122 1472 1164 concedendum
1505 1129 1575 1164 est
1603 1120 1788 1177 aliquid.
1815 1122 1908 1165 Ha-

273 1200 383 1243 bent
406 1213 590 1254 quoque
610 1213 703 1254 quo
726 1213 826 1243 sese
848 1197 1054 1240 nonnihil
1072 1206 1309 1242 excusent.
1331 1200 1537 1243 Fuerunt
1554 1198 1907 1255 nouimagenses

273 1277 330 1319 ab
360 1275 532 1331 aliquot
554 1275 787 1320 mensibus
814 1276 859 1318 in
883 1275 1072 1319 summis
1103 1275 1334 1332 periculis.
1366 1276 1469 1332 Ipso
1490 1275 1564 1318 die
1593 1277 1906 1329 Pentecostes‚

273 1352 360 1396 nisi
383 1352 468 1396 Dei
498 1351 719 1409 singulari
740 1352 1027 1409 prouidentia
1054 1353 1234 1396 detecta
1263 1352 1423 1396 fuisset
1451 1351 1662 1409 proditio,
1685 1359 1911 1408 quotquot

273 1430 489 1473 catholici
511 1438 636 1484 sunt,
661 1429 917 1473 trucidandi
940 1437 1087 1472 erant.
1123 1431 1197 1474 Ab
1227 1445 1282 1474 eo
1310 1437 1527 1486 tempore,
1552 1429 1718 1473 clausis
1749 1429 1907 1486 portis,

272 1506 476 1562 quotidie
497 1513 797 1563 expectarunt
818 1507 959 1558 ciues,
987 1508 1058 1551 vel
1087 1508 1264 1550 hostem
1297 1514 1552 1559 externum,
1578 1507 1651 1551 vel
1671 1505 1910 1550 intestinas

272 1583 614 1627 commotiones
641 1585 802 1639 Neque
824 1584 913 1627 vlla
941 1583 1103 1627 ciuitas
1131 1591 1201 1628 est
1229 1591 1320 1627 tam
1358 1583 1514 1627 odiosa
1549 1583 1807 1627 Geusarum
1842 1582 1908 1626 fa·

272 1660 412 1704 ctioni
435 1669 573 1717 atque
590 1660 929 1717 Nouimagium.
957 1661 1079 1704 Hinc
1096 1661 1218 1705 mille
1234 1660 1554 1717 excogitantur
1575 1668 1712 1713 artes,
1738 1667 1787 1703 vt
1809 1674 1908 1704 eam

276 1738 508 1781 ciuitatem
532 1739 817 1791 subuertant,
843 1737 1072 1794 diripiant,
1097 1737 1359 1782 incendant.
1386 1738 1478 1783 Sed
1506 1737 1593 1782 Dei
1622 1737 1786 1794 gratia,
1809 1736 1907 1793 pio*

274 1829 375 1858 rum
405 1815 633 1871 precibus,
666 1814 857 1857 militurn
895 1815 1136 1871 praesidio,
1161 1815 1330 1859 ciuium
1360 1829 1441 1871 pro
1472 1829 1582 1871 rege
1612 1822 1659 1858 et
1685 1813 1906 1870 religione

273 1893 387 1944 zelo,
413 1892 613 1947 denique
629 1892 721 1935 fido
743 1899 789 1936 et
811 1892 982 1935 inuicto
1007 1894 1062 1937 P.
1088 1891 1321 1937 Xantheni
1344 1892 1390 1935 in
1413 1891 1714 1935 concionibus
1734 1891 1904 1943 labore,

271 1968 401 2012 fortis
417 1970 568 2012 adhuc
586 1975 772 2025 perstat,
795 1969 907 2011 nihil
925 1976 1114 2021 morata,
1135 1968 1430 2025 quantumuis
1445 1982 1759 2019 numerosum,
1780 1966 1906 2023 prin-

271 2046 385 2103 cipis
406 2046 587 2090 Arantii
616 2045 880 2089 exercitum.
916 2047 1053 2102 Quod
1092 2046 1130 2089 si
1166 2046 1213 2088 in
1246 2046 1370 2090 hisce
1392 2045 1604 2102 periculis
1632 2045 1909 2088 Xanthenus

271 2137 380 2167 suos
401 2124 650 2177 desereret,
675 2138 789 2179 quos
812 2124 869 2166 ad
890 2123 1190 2167 obedientiam
1214 2123 1447 2175 ecclesiae,
1474 2121 1596 2179 regis
1614 2120 1842 2174 catholici,
1861 2129 1909 2164 et

271 2200 371 2244 eius
393 2200 714 2257 gubernatoris
735 2200 970 2254 animauit,
1002 2208 1047 2245 et
1076 2201 1120 2243 in
1150 2216 1203 2245 ea
1224 2215 1370 2256 Vsque
1395 2201 1452 2244 ad
1474 2207 1676 2244 extrema
1706 2198 1907 2255 pericula

271 2277 474 2330 retinuit,
501 2289 592 2331 400
622 2276 802 2320 ciuibus
830 2292 938 2333 prae
975 2285 1147 2322 terrore
1178 2285 1224 2321 et
1262 2277 1423 2320 timore
1456 2276 1706 2328 ciuitatem,
1732 2288 1909 2330 suaque

271 2354 604 2408 deserentibus;
630 2354 759 2397 multi
783 2369 882 2398 eam
906 2356 1062 2410 fugam
1085 2355 1331 2398 admodum
1354 2353 1534 2398 sinistre
1556 2353 1907 2408 interpretaren—

272 2440 362 2485 tur,
389 2446 482 2475 non
506 2431 604 2476 sine
635 2446 801 2488 magna
831 2431 971 2475 totius
1004 2431 1245 2476 Societatis
1274 2430 1541 2488 ignominia.
1574 2429 1692 2486 Quis
1720 2443 1811 2472 non
1839 2427 1908 2471 di-

272 2515 399 2553 ceret
409 2509 603 2564 jesuitas
621 2508 946 2565 grandiloquos
962 2523 1062 2553 esse
1079 2516 1125 2552 et
1142 2523 1219 2552 ore
1237 2507 1447 2553 leonibus
1463 2506 1745 2558 audaciores,
1761 2504 1909 2561 reipsa

272 2585 583 2629 timidissimos
622 2586 818 2642 lepores?
850 2586 986 2629 Absit
1013 2601 1039 2629 a
1068 2587 1118 2629 P.
1156 2587 1416 2637 Xantheno,
1448 2591 1496 2627 vt
1525 2582 1800 2628 Societatem
1831 2581 1907 2625 tali

270 2662 421 2705 inurat
444 2663 636 2706 macula.
670 2662 803 2706 Multi
831 2676 1014 2718 quoque
1037 2677 1063 2705 a
1085 2662 1208 2719 regis
1237 2669 1294 2706 et'
1309 2661 1529 2706 ecclesiae
1551 2658 1808 2705 obedientia
1829 2658 1908 2703 de-

270 2740 528 2793 flecterent,
570 2753 704 2783 nemo
736 2740 928 2795 posthac
965 2739 1182 2783 Societati
1219 2739 1412 2784 faueret.
1444 2736 1657 2789 Senatui,
1698 2733 1908 2791 quamuis

271 2815 445 2859 bellicis
487 2816 756 2859 tumultibus
784 2816 1155 2872 occupatissimo,
1180 2831 1252 2860 res
1281 2817 1392 2859 haec
1429 2816 1544 2859 adeo
1579 2812 1704 2857 cordi
1741 2819 1824 2865 est,
1857 2818 1907 2854 vt

345 2946 354 2966 ¹
407 2944 468 2980 Cf.
490 2945 696 2991 epistolam
716 2945 762 2981 P:
777 2945 969 2980 Leonardi
989 2945 1160 2981 Kesselii
1186 2944 1234 2980 ad
1259 2945 1307 2980 P.
1341 2944 1536 2990 Natalem,
1550 2942 1615 2978 die
1638 2950 1684 2988 27
1703 2940 1796 2988 Maji
1816 2948 1907 2986 1572

270 3002 416 3046 datam,
432 3004 500 3039 ubi
518 3005 628 3050 plura
645 3003 694 3039 de
713 3004 756 3042 P.
776 3004 974 3039 Xantheni
993 3003 1212 3040 ministerio
1231 3004 1271 3039 in
1295 3015 1366 3039 sua
1395 3002 1520 3050 patria
1551 3006 1792 3038 enarrantur.
1811 3000 1906 3035 Eam

270 3060 393 3096 edidit
412 3062 606 3109 HANSEN,
621 3064 700 3101 loc.
723 3063 806 3108 eit.,
827 3074 915 3110 pag.
937 3063 1020 3120 6¹21.
