2098 3470
316 247 388 283 686
789 248 944 287 Plu-ms
970 249 1215 286 Hmnonvnn
1242 248 1392 285 NAmu.

269 354 471 405 tempore
493 349 549 392 ab
571 348 658 392 illis
679 350 1054 407 occupationibus
1077 363 1223 393 vacuo
1241 356 1457 406 poterunt
1479 350 1636 396 haberi
1659 351 1706 394 in
1729 352 1902 396 deliciis

269 425 626 482 spi3lritualibus
654 427 713 470 ad
740 427 1048 485 vegetandum
1078 426 1302 483 spiritum,
1328 427 1635 471 roborandum
1666 436 1712 472 et
1742 429 1907 474 laetifi-

271 503 468 546 candum
491 510 628 560 atque
649 503 961 548 animandum.
996 505 1086 549 Sed
1116 503 1301 548 omnino
1324 518 1562 548 necessum
1591 513 1676 559 est,
1702 514 1751 549 vt
1782 506 1906 563 prius

274 586 443 623 statum
467 581 865 637 contemplationis
887 581 1168 637 adipiscaris.

362 655 409 700 Si
440 655 487 699 in
517 656 654 706 missa
685 673 741 703 ex
770 659 935 702 affectu
969 659 1148 710 offeras,
1173 657 1342 701 senties
1374 659 1586 711 fructum,
1613 673 1751 715 quum
1785 659 1908 703 dices

273 733 319 775 in
338 734 491 777 corde:
517 733 677 787 «Ecce,
697 734 907 787 Domine,
928 734 1070 776 filium
1090 741 1218 777 tuum
1237 734 1451 788 offero,in
1468 749 1558 790 quo
1575 735 1657 778 tibi
1674 737 1792 780 bene
1812 736 1909 792 pla-

274 818 392 863 cet»;
406 810 535 866 quasi
552 810 721 856 sentias
738 810 995 855 necessario
1014 812 1162 853 Deum
1181 810 1412 855 exaudire.
1431 812 1496 854 Ita
1513 811 1739 868 intelliges
1751 811 1798 854 in
1816 811 1910 869 spi-

276 886 366 929 ritu
390 888 541 931 valere
564 886 835 931 sacrificium
859 887 1025 931 missae
1052 900 1109 930 ex
1137 901 1273 943 opere
1301 895 1502 944 operato:
1529 903 1634 931 nam
1655 903 1796 944 quum
1820 889 1910 932 hoc

278 978 370 1007 non
393 964 533 1009 sentit
554 965 782 1017 sacerdos,
808 963 1103 1007 nihilominus
1125 963 1170 1006 in
1199 979 1395 1020 persona
1421 964 1642 1009 ecclesiae
1669 964 1732 1008 ita
1760 967 1907 1009 offert.

368 1040 708 1098 Contemplatio
729 1040 934 1084 sublimis
957 1040 1031 1083 illa
1049 1048 1133 1094 est,
1156 1040 1230 1085 vbi
1250 1041 1311 1084 ita
1329 1049 1541 1097 operatur
1562 1041 1818 1086 intellectus
1839 1042 1911 1085 vel

279 1118 455 1175 recipit,
480 1124 589 1171 etc.‚
614 1125 663 1160 vt
686 1117 798 1160 nihil
820 1117 986 1161 habeat
1007 1118 1064 1161 ad
1086 1132 1269 1161 sensum
1298 1118 1370 1161 vel
1407 1119 1519 1161 haec
1546 1118 1759 1162 inferiora
1786 1133 1912 1162 corn-

276 1210 432 1248 mune,
456 1194 577 1238 vnde
608 1195 771 1237 mirum
800 1193 846 1236 in
885 1195 1067 1236 modum
1097 1196 1210 1238 haec
1243 1193 1455 1238 inferiora
1485 1194 1800 1252 negliguntur,
1827 1194 1912 1238 nisi

278 1286 357 1328 per
377 1278 673 1328 praeceptum
695 1271 879 1315 Domini
903 1271 1122 1328 obligatio
1147 1273 1348 1315 accedat.

366 1348 537 1392 Potens
559 1348 708 1405 gratia
730 1355 776 1391 et
799 1347 1018 1390 auxilium
1042 1362 1194 1392 coram
1223 1351 1323 1393 Deo
1351 1355 1419 1393 est
1448 1350 1629 1392 occulta
1660 1347 1908 1400 tribulatio,
1954 1391 1959 1399 ,

279 1425 377 1469 siue
398 1425 657 1478 infirmitas,
683 1425 766 1468 soli
789 1426 887 1468 Deo
910 1432 955 1467 et
980 1425 1060 1468 tibi
1085 1425 1285 1482 cognita,
1310 1440 1414 1468 curn
1438 1425 1639 1482 patentia
1667 1433 1711 1469 et
1733 1424 1912 1468 humili-

278 1510 373 1547 tate
394 1509 646 1559 acceptata:
669 1503 783 1546 haec
808 1510 876 1546 est
906 1516 1071 1558 magna
1093 1501 1341 1545 satisfactio
1370 1510 1673 1559 peccatorum.

319 1602 322 1606 ·
368 1578 637 1624 Intercessio
665 1581 726 1625 D.
758 1579 947 1636 Joannis
983 1579 1295 1636 euangelistae
1324 1579 1533 1622 conciliat
1564 1579 1712 1623 cordis
1740 1579 1913 1635 purita-

280 1663 388 1709 tem,
413 1663 463 1698 vt
485 1655 530 1699 in
555 1670 610 1711 eo
625 1657 761 1714 Jesus
784 1656 925 1712 possit
947 1655 1139 1699 dulciter
1162 1655 1383 1700 habitare.

368 1733 427 1785 32
457 1733 724 1777 Adorantur
747 1732 892 1775 sancti
915 1739 959 1776 et
989 1739 1191 1785 orantur,
1217 1740 1267 1775 vt
1297 1733 1581 1777 intercedant
1602 1747 1684 1789 pro
1705 1732 1836 1776 nobis
1857 1733 1914 1775 ad

280 1812 446 1854 Deum.
471 1806 627 1852 Primo
649 1809 749 1853 loco
773 1810 925 1861 adora,
951 1810 1101 1861 lauda,
1128 1824 1346 1854 uenerare
1369 1818 1566 1854 sanctos:
1588 1825 1665 1853 ora
1682 1816 1915 1866 praeterea

278 1894 329 1929 vt
352 1887 650 1931 intercedant:
679 1885 746 1941 3.⁰
776 1900 880 1928 cum
910 1886 995 1928 illis
1025 1887 1190 1929 accede
1219 1887 1275 1929 ad
1303 1889 1468 1938 Deum,
1494 1886 1674 1930 illorum
1702 1886 1912 1942 precibus

280 1965 441 2007 fretus.
672 2023 677 2028 ς

369 2041 529 2085 Gratia
550 2039 720 2084 Christi
743 2040 857 2083 salui
889 2047 995 2083 sunt
1025 2040 1169 2084 sancti
1200 2054 1374 2093 omnes3
1406 2041 1485 2084 sed
1514 2039 1560 2082 in
1598 2041 1915 2097 cooperatione

279 2126 542 2162 sanctorum
571 2132 676 2160 cum
710 2118 858 2173 gratia
895 2117 1107 2173 concepit
1137 2117 1319 2172 quidam
1350 2116 1478 2172 quasi
1507 2118 1660 2162 lumen
1687 2118 1916 2173 quoddam

280 2194 667 2251 speciosissimum
687 2201 734 2238 et
763 2208 855 2236 rem
897 2195 1123 2249 quandam
1153 2194 1412 2250 gloriosam,
1439 2194 1483 2236 in
1522 2194 1668 2250 gratia
1697 2201 1849 2239 tamen
1871 2201 1916 2237 et

283 2285 363 2329 per
390 2271 600 2329 gratiam.
644 2272 701 2314 Et
733 2270 844 2313 illud
882 2271 925 2312 in
966 2271 1135 2313 sanctis
1173 2272 1411 2332 laudamus
1448 2278 1586 2326 atque
1621 2273 1914 2324 honoramus,

281 2348 411 2404 quasi
434 2347 616 2405 insigne
633 2348 802 2390 donum
828 2347 914 2391 Dei
938 2347 983 2390 in
1006 2347 1130 2403 ipsis.

374 2425 580 2469 Libertas
602 2423 743 2467 nostri
767 2424 952 2475 arbitrii,
990 2423 1136 2480 gratia
1166 2425 1406 2468 reformata
1436 2431 1480 2468 et
1509 2424 1682 2477 induta,
1716 2432 1786 2468 est
1812 2425 1917 2467 illu-

283 2502 504 2546 strissima
521 2508 657 2557 atque
667 2501 997 2557 potentissima,
1012 2500 1286 2544 admirabilis
1304 2508 1438 2556 atque
1456 2500 1780 2554 desiderabilis,
1792 2516 1916 2544 men-

286 2586 375 2622 tem
405 2585 596 2630 recreat,
637 2591 715 2620 cor
752 2577 1006 2629 confirmat,
1044 2576 1229 2628 animat,
1266 2576 1565 2620 humilitatem
1599 2577 1825 2620 conciliat.
1866 2576 1915 2621 Si

283 2657 373 2698 hoc
395 2654 442 2697 in
472 2661 517 2698 te
544 2652 687 2696 sentis
716 2652 903 2702 donum,
930 2653 987 2694 da
1017 2655 1200 2708 operam
1232 2659 1281 2694 vt
1308 2651 1355 2694 in
1385 2660 1428 2696 te
1455 2666 1650 2695 vacuum
1676 2667 1771 2716 ⁴non
1799 2652 1912 2698 sit..-

373 2729 770 2787 Quidamrsolebat,
792 2728 994 2782 quotidie
1018 2728 1305 2784 peculiariter
1333 2728 1527 2784 aliquem
1557 2736 1763 2772 sanctum
1802 2728 1916 2772 deli-

283 2822 411 2865 gere,
431 2807 563 2860 cuius
584 2806 844 2862 imploraret
866 2806 1183 2860 patrocinium:
1204 2813 1250 2848 et
1273 2820 1412 2861 quum
1436 2813 1559 2850 recte
1581 2814 1626 2848 et
1649 2820 1752 2849 cum
1781 2814 1799 2831 ²
1820 2806 1916 2849 fru-

283 2893 362 2928 ctu
384 2885 425 2928 ei
447 2883 750 2940 contingeret,
775 2881 820 2924 in
843 2881 915 2925 die
940 2889 1089 2925 tamen
1115 2889 1402 2938 pentecostes
1427 2896 1516 2924 non
1541 2882 1687 2937 potuit
1709 2882 1915 2926 inuenire

357 3062 374 3079 a
423 3061 545 3096 quum
565 3061 637 3087 ms,
