2098 3470
313 276 383 322 482
787 276 943 313 Pia-rius
969 276 1213 312 Hfflaomfflx
1239 275 1391 311 NADAL

266 376 459 420 instituti
476 376 624 420 vnostri
646 377 799 429 finem,
825 392 877 421 ac
899 377 1065 434 agendi
1088 377 1323 429 rationem,
1349 377 1673 433 persuademus
1694 376 1831 422 nobis
1848 378 1895 422 in

266 453 481 508 Domino,
506 454 564 497 ad
586 453 727 511 ipsius
747 454 895 497 maius
917 453 1151 497 seruitium
1173 461 1217 496 et
1238 453 1417 498 laudem
1439 467 1531 496 non
1553 453 1779 510 expedire.

358 529 451 586 Qui
473 531 530 573 ad
551 532 639 574 hoc
661 530 972 584 admittentur,
1000 537 1049 573 vt
1071 530 1115 572 in
1134 530 1269 572 rebus
1290 528 1598 586 spiritualibus
1619 529 1893 575 Societatem

267 607 495 660 iuuarent,
521 607 850 651 considerando
883 607 991 662 quid
1021 605 1276 649 huiusmodi
1303 610 1388 652 345
1417 605 1714 650 ministerium
1746 606 1895 662 requi-

267 690 350 736 rat,
376 691 425 726 vt
448 683 625 727 animae
646 684 950 741 proximorum
978 667 1209 734 iuuentur,
1235 682 1532 737 sequentibus
1559 682 1692 726 donis
1712 682 1797 728 Dei
1820 697 1893 726 or-

267 760 363 803 nari
387 775 465 805 eos
488 757 676 806 necesse
697 769 781 804 est:
1068 804 1072 807 .

357 839 496 894 Quod
521 839 579 881 ad
601 837 880 884 intellectum
903 838 1079 890 attinet,
1105 837 1310 881 doctrina
1330 851 1454 889 sana,
1477 837 1548 881 vel
1567 836 1821 893 aptitudine
1837 838 1895 880 ad

266 929 364 957 erun
388 914 724 969 addiscendam,
748 922 793 958 et
815 915 859 957 in
884 915 1019 957 rebus
1048 913 1237 970 agendis
1265 912 1552 967 discretione,
1577 913 1648 955 vel
1679 919 1801 957 certe
1822 912 1889 956 in-

265 993 367 1035 dole
389 991 499 1034 boni
521 991 676 1034 iudicii
697 992 754 1035 ad
776 1007 874 1035 eam
898 991 1235 1046 acquirendam.

355 1069 494 1123 Quod
516 1069 573 1110 ad
594 1068 874 1120 memoriam,
895 1067 1146 1124 aptitudine
1163 1067 1220 1110 ad
1236 1065 1592 1122 percipiendum,
1616 1073 1662 1109 et
1683 1073 1895 1123 percepta

267 1144 569 1189 retinendum.

354 1222 491 1278 Quod
514 1223 571 1265 ad
591 1222 889 1274 voluntatem,
911 1227 959 1262 vt
981 1220 1222 1264 vniuersae
1237 1219 1418 1263 virtutis
1435 1226 1481 1263 et
1496 1220 1784 1276 perfectionis
1800 1221 1894 1278 spi-

265 1298 441 1342 ritualis
464 1298 655 1342 studiosi
693 1298 798 1350 sint,
830 1297 986 1353 quieti,
1011 1303 1288 1351 constantes,
1314 1296 1487 1340 strenui
1515 1296 1562 1339 in
1590 1296 1660 1349 iis,
1691 1311 1808 1353 quae
1837 1299 1894 1341 ad

264 1375 470 1418 diuinum
500 1374 736 1420 seruitium
768 1374 1115 1430 aggrediuntur,
1141 1373 1308 1428 quique
1336 1373 1433 1416 zelo
1461 1373 1651 1416 accincti
1688 1373 1778 1417 sint
1813 1389 1895 1431 pro

265 1452 516 1495 animarum
547 1452 714 1504 salute,
746 1459 791 1496 et
820 1466 872 1495 ea
900 1451 956 1494 de
983 1465 1119 1494 causa
1149 1451 1206 1493 ad
1234 1457 1436 1493 nostrum
1475 1449 1728 1493 institutum
1758 1451 1895 1508 (quod

266 1530 323 1572 ad
346 1528 445 1572 illas
463 1529 687 1572 iuuandas
709 1536 754 1573 et
776 1528 1080 1584 disponendas
1103 1528 1159 1570 ad
1177 1527 1320 1570 vltimi
1337 1535 1355 1552 ³
1370 1527 1441 1570 sui
1457 1526 1561 1570 finis
1576 1527 1633 1570 de
1655 1514 1792 1570 manu
1809 1528 1896 1571 Dei

264 1605 484 1650 creatoris
521 1605 663 1649 nostri
700 1620 752 1649 ac
790 1604 971 1648 Domini
1009 1603 1375 1649 consecutionem
1413 1611 1536 1648 recta
1568 1603 1775 1660 intendit)
1805 1604 1894 1648 sint

267 1682 432 1726 affecti.
1215 1684 1218 1688 ’

353 1759 404 1802 In
427 1758 730 1803 exterioribus
752 1759 1010 1814 exoptanda
1033 1765 1101 1802 est
1122 1757 1343 1801 sermonis
1361 1758 1570 1811 facultas,
1591 1757 1647 1800 ad
1664 1758 1893 1814 agendum

265 1851 370 1879 cum
392 1836 607 1893 proximis
628 1835 980 1892 pernecessaria;
1016 1835 1189 1891 species
1211 1836 1418 1885 honesta,
1444 1848 1560 1890 quae
1582 1833 1894 1879 aedificatione

267 1914 383 1957 solet
406 1928 506 1958 esse
528 1913 597 1965 iis,
624 1913 894 1968 quibuscum
913 1912 1079 1969 agitur.

352 1995 438 2037 ³46
476 1991 604 2033 Bona
626 1990 841 2033 valetudo
865 2003 916 2032 ac
939 1989 1072 2041 vires,
1098 1988 1265 2044 quibus
1290 1990 1409 2033 ferre
1430 1988 1572 2045 possit
1593 1988 1788 2032 instituti
1809 2003 1890 2032 no-

265 2066 346 2110 stri
368 2067 560 2111 labores.

352 2144 511 2195 Aetas,
538 2155 655 2198 quae
677 2143 734 2186 ad
756 2157 824 2194 ea,
850 2156 966 2197 quae
988 2142 1108 2186 dicta
1135 2150 1258 2195 sunt,
1289 2141 1548 2196 conueniat,
1574 2156 1690 2198 quae
1712 2141 1892 2198 quidem

267 2229 318 2263 vt
340 2219 639 2263 admittantur
663 2219 719 2262 ad
743 2218 1054 2275 probationem
1077 2219 1296 2263 excedere
1317 2219 1452 2262 debet
1479 2231 1531 2272 14
1553 2233 1737 2271 annum,
1762 2225 1812 2261 vt
1837 2220 1895 2261 ad

264 2296 591 2353 professionem
614 2310 724 2339 vero
749 2307 820 2350 25.

351 2375 486 2417 Dona
509 2379 712 2425 externa,
738 2372 1000 2426 nobilitatis,
1026 2371 1303 2425 diuitiarum,
1327 2372 1670 2416 existimationis
1698 2378 1744 2417 et
1771 2371 1892 2415 simi-

263 2450 338 2504 lia,
366 2457 417 2492 vt
446 2463 538 2492 non
566 2448 676 2492 satis
712 2456 835 2500 sunt,
861 2449 898 2492 si
935 2451 1099 2493 desunt
1136 2449 1237 2502 alia,
1270 2449 1347 2502 ita,
1378 2463 1481 2492 curn
1510 2455 1768 2505 suppetent,
1800 2463 1890 2492 non

265 2533 402 2571 erunt
425 2525 696 2571 necessaria.

351 2604 592 2658 Quatenus
631 2609 782 2645 tamen
819 2602 874 2645 ad
909 2602 1268 2646 aedificationem
1297 2603 1486 2655 faciunt,
1510 2602 1707 2647 reddunt
1744 2601 1892 2658 magis

262 2680 450 2723 idoneos
472 2686 521 2721 vt
544 2678 857 2731 admittantur,
884 2679 960 2734 qui
984 2679 1080 2723 sine
1102 2680 1210 2736 ipsis
1237 2680 1404 2739 alioqui
1432 2685 1584 2724 essent
1612 2677 1762 2722 idonei
1785 2692 1891 2734 pro-

262 2763 362 2812 pter
384 2757 515 2801 dotes
535 2755 646 2799 alias
675 2755 944 2811 praedictas,
970 2756 1015 2798 in
1045 2756 1210 2811 quibus
1236 2770 1326 2811 quo
1353 2755 1499 2812 magis
1525 2754 1888 2811 praecelluerint,

261 2833 339 2889 qui
361 2832 538 2876 admitti
561 2831 767 2889 cupiunt,
791 2847 846 2876 eo
869 2832 1013 2889 magis
1037 2833 1120 2877 erit
1145 2833 1366 2890 [quisque]
1391 2834 1449 2876 ad
1468 2835 1586 2876 hanc
1615 2830 1889 2877 Societatem

260 2917 392 2966 aptus
415 2910 471 2952 ad
494 2908 580 2952 Dei
603 2908 772 2952 domini
795 2909 937 2952 nostri
960 2909 1164 2965 gloriam.
1193 2911 1299 2966 Quo
1331 2924 1440 2954 vero
1464 2908 1614 2952 minus
1642 2907 1727 2953 erit
1748 2907 1794 2950 in
1816 2898 1887 2961 eo,

261 2985 386 3042 quod'
404 2986 613 3040 excellat,
639 3000 696 3031 eo
718 2985 868 3030 minus
890 2986 975 3029 erit
1003 2986 1208 3030 idoneus.

330 3091 349 3108 a
374 3080 562 3115 ‘ultimum
582 3091 653 3116 ms.
