2098 3470
816 214 1158 250 Lxsrnucnonns
1175 233 1193 238 -
1204 212 1248 247 61
1734 211 1805 258 553

213 315 502 374 praecedenti
529 316 608 359 fiat
635 315 818 359 collatio
844 315 903 359 de
930 313 1006 358 illa
1041 313 1245 364 materia,
1269 320 1318 356 et
1352 311 1606 371 interroget
1643 314 1852 370 superior

152 439 155 442 Α
213 393 362 437 varios
381 395 542 438 Patres
562 408 616 437 ac
638 394 801 437 fratres
823 391 932 448 quid
947 390 995 434 in
1015 405 1070 434 ea
1090 405 1141 434 re
1161 388 1377 441 sentiant,
1398 389 1507 445 quid
1529 389 1691 434 sciant:
1713 391 1851 435 addet

214 483 322 514 vero
341 469 438 525 ipse
466 470 503 513 si
531 470 640 525 quid
671 468 919 512 occurrerit
950 483 1007 512 ex
1039 474 1259 523 tempore.
1292 465 1521 522 Deinceps
1548 468 1848 523 sequentibus

214 546 353 590 sextis
382 547 520 599 feriis,
545 547 650 591 licet
678 546 880 599 incertis,
910 543 1147 588 intermitti
1176 550 1391 600 poterunt
1420 544 1776 596 exhortationes,
1803 553 1849 589 et

212 622 313 666 loco
332 622 509 666 illarum
531 623 688 668 haberi
709 622 974 666 collationes
992 622 1051 666 de
1071 620 1142 672 iis,
1167 634 1285 675 quae
1306 619 1476 663 fuerint
1499 627 1705 663 tractata.
1735 623 1848 664 Pos—

212 707 315 743 sent
349 700 484 743 etiam
513 700 576 743 ita
602 700 701 744 fieri
728 699 1066 744 exhortationes
1098 697 1327 742 interdum
1354 703 1404 738 vt
1432 697 1597 741 durent
1635 713 1714 754 per
1751 713 1850 742 me·

213 777 332 820 diam
354 778 511 820 horam
540 784 734 829 tantum,
759 784 805 820 et
828 778 967 820 altera
988 774 1136 820 media
1163 774 1261 818 fieri
1283 783 1440 830 posset
1467 774 1648 817 collatio
1670 789 1844 829 eorum,

214 866 332 908 quae
352 852 473 896 dicta
494 861 646 898 erunt.

299 930 491 974 Materia
511 930 881 974 exhortationum
897 944 954 973 ex
975 929 1204 985 praesenti
1226 927 1408 984 collegii
1430 928 1702 972 necessitate
1719 936 1846 984 pete·

210 1013 300 1059 tur,
331 1014 380 1049 vt
399 1007 507 1050 inde
528 1009 704 1050 fructus
726 1006 1017 1063 percipiatur,
1041 1006 1149 1051 licet
1176 1008 1264 1049 hoc
1294 1005 1534 1062 continget
1562 1020 1662 1048 esse
1691 1013 1846 1049 extra·

213 1082 507 1127 ordinarium.

279 1160 541 1205 vOrdinarie
568 1175 677 1203 vero
714 1161 770 1204 de
807 1160 1017 1203 instituto
1054 1159 1295 1205 Societatis
1331 1161 1433 1203 Iesu
1471 1159 1758 1211 tractabitur,
1790 1160 1846 1203 de

209 1236 631 1289 constitutionibus,
663 1238 721 1282 de
746 1238 1019 1290 obedientia,
1043 1238 1102 1281 de
1133 1237 1327 1293 regulis,
1352 1237 1410 1279 de
1440 1237 1747 1294 abnegatione
1776 1237 1847 1279 sui

209 1320 255 1358 et
274 1313 638 1366 mortificatione,
664 1314 886 1366 oratione,
911 1313 1182 1366 humilitate,
1207 1313 1496 1370 simplicitate
1517 1320 1563 1356 et
1584 1313 1684 1356 aliis
1706 1313 1848 1356 virtu-

207 1390 345 1442 tibus,
365 1398 412 1435 et
426 1392 484 1434 de
500 1390 571 1442 iis,
592 1405 709 1446 quae
725 1392 873 1447 magis
894 1390 988 1435 504
1005 1390 1166 1435 iuuerit
1186 1391 1244 1433 ad
1266 1398 1472 1433 nostrum
1496 1390 1773 1442 institutum3
1800 1400 1846 1433 et

207 1467 287 1512 fiat
306 1475 412 1512 ante
434 1481 641 1522 coenam,
666 1475 711 1512 et
733 1469 866 1512 duret
887 1483 966 1524 per
993 1483 1127 1512 vnam
1151 1468 1309 1510 horam
1338 1468 1412 1512 vel
1444 1468 1640 1512 circiter.
1675 1467 1844 1511 Omnia

206 1559 315 1589 vero
335 1544 399 1588 ita
415 1544 643 1596 dicantur,
663 1552 710 1587 vt
729 1560 784 1588 ex
802 1544 1076 1601 proprietate
1093 1552 1274 1589 nostrae
1292 1544 1544 1588 vocationis
1567 1552 1612 1589 et
1630 1552 1846 1601 acceptae

206 1620 395 1678 gratiae.
422 1622 640 1677 Spectent
673 1629 824 1664 autem
853 1623 911 1665 ad
938 1622 1274 1678 promouendos
1311 1629 1357 1664 et
1394 1621 1739 1665 inflammandos
1762 1636 1822 1664 no

205 1705 402 1742 strorum
425 1699 599 1741 animos
621 1699 677 1742 ad
699 1699 1024 1755 perfectionem
1046 1699 1285 1752 virtutum,
1317 1714 1517 1743 amorem
1547 1699 1667 1751 finis,
1694 1700 1844 1744 effica-

205 1775 324 1818 ciam
346 1775 599 1819 ministerii.
626 1776 759 1819 Fiant
781 1790 890 1820 vero
918 1775 1256 1820 exhortationes
1278 1777 1522 1819 admodum
1546 1775 1842 1828 familiariter,

204 1853 378 1908 absque
394 1853 518 1896 omni
540 1852 831 1897 affectatione
853 1852 1091 1906 sermonis,
1112 1854 1288 1908 absque
1304 1853 1496 1897 curiosis
1517 1852 1843 1910 speculationi-

168 1987 171 1989 >
202 1929 306 1982 bus,
330 1929 376 1972 in
391 1930 678 1995 ,synceritate
700 1930 850 1974 cordis
872 1937 920 1973 et
941 1930 1249 1986 simplicitate,
1268 1931 1452 1974 deuote.
1869 1920 1874 1923 ’

293 2007 342 2049 In
364 2006 684 2050 collationibus
705 2006 813 2050 item
838 2007 1151 2063 spiritualibus
1172 2007 1327 2051 dicant
1350 2009 1513 2052 fratres
1542 2007 1588 2050 in
1610 2007 1733 2050 omni
1754 2009 1841 2050 hu-

205 2082 394 2128 militate
416 2091 462 2128 et
483 2083 788 2139 simplicitate,
807 2098 902 2127 non
926 2098 1047 2140 quae
1067 2084 1367 2140 speculatiue,
1388 2085 1469 2129 sed
1487 2099 1603 2140 quae
1623 2084 1839 2140 practice;

202 2173 296 2203 non
316 2174 433 2217 quae
455 2160 748 2215 scholastice,
772 2161 853 2204 sed
881 2175 998 2216 quae
1015 2162 1182 2205 deuote
1205 2161 1514 2218 conceperint;
1539 2176 1631 2204 non
1654 2161 1840 2204 aliorum

201 2236 322 2281 dicta
337 2237 588 2291 recitando,
613 2238 695 2281 sed
716 2252 800 2281 sua
815 2253 951 2282 sensa
968 2239 1223 2292 referendo;
1243 2246 1476 2295 exponant
1494 2253 1611 2294 quae
1628 2238 1841 2294 spiritua-

202 2312 305 2358 liter
325 2321 372 2358 et
394 2314 594 2370 practice
614 2313 894 2371 intelligunt:
926 2315 1121 2358 aliorum
1144 2315 1279 2359 etiam
1297 2315 1420 2359 dicta
1437 2322 1649 2372 poterunt
1671 2315 1837 2366 dicere,

202 2389 241 2434 si
261 2405 447 2434 sensum
469 2391 749 2447 spiritualem
771 2393 829 2435 de
856 2391 943 2435 illis
971 2392 1264 2449 conceperint
1286 2392 1373 2437 505
1401 2393 1614 2449 aliquem,
1640 2399 1836 2447 praeter—

202 2480 336 2522 quam
360 2467 439 2522 qui
461 2467 612 2511 dictus
634 2467 709 2511 sit.

289 2545 454 2587 Modus
476 2544 728 2587 collationis
750 2559 868 2587 vnus
889 2559 990 2589 esse
1012 2545 1193 2601 poterit:
1213 2553 1263 2588 vt
1281 2553 1432 2602 roget,
1454 2545 1531 2600 qui
1555 2544 1838 2587 exhortatio·

201 2633 305 2663 nem
327 2621 551 2674 habuerit,
576 2629 625 2664 vt
648 2621 769 2665 dicat
790 2622 1105 2677 vnusquisque
1127 2621 1238 2678 quid
1265 2622 1350 2666 sibi
1383 2622 1544 2666 melius
1567 2621 1713 2663 visum
1737 2622 1839 2662 fue-

191 2695 260 2761 Ἶι’ἱῐ
278 2710 336 2740 ex
357 2697 444 2749 his,
470 2712 588 2752 quae
612 2698 659 2741 in
681 2698 1074 2742 exhortationibus
1095 2699 1305 2744 audierit.
1332 2699 1464 2742 Alius
1488 2699 1664 2741 modus:
1690 2704 1739 2738 vt
1766 2696 1837 2738 in-

202 2778 493 2830 terrogentur
515 2776 675 2819 Patres
712 2790 764 2818 ac
790 2777 953 2819 fratres
990 2776 1047 2818 de
1069 2776 1207 2820 variis
1226 2778 1381 2828 rebus,
1422 2790 1537 2830 quae
1561 2774 1838 2818 videbuntur

201 2849 299 2893 fore
326 2850 481 2904 vtiles;
512 2852 590 2907 qui
618 2860 856 2908 postquam
887 2852 1217 2908 responderint,
1249 2854 1384 2896 addet
1416 2867 1532 2906 quae
1560 2850 1838 2894 videbuntur

201 2922 256 2978 is,
281 2926 359 2981 qui
380 2927 610 2971 collationi
631 2928 894 2984 praefuerit.
950 2925 956 2930 ’

290 3004 463 3047 Poterit
499 3004 634 3048 etiam
671 3005 914 3061 aliquando
949 3005 1106 3050 haberi
1129 3006 1310 3049 collatio
1347 3004 1638 3055 vniuersalis‚
1670 3003 1716 3045 in
1746 3016 1836 3058 qua
