2098 3470
327 276 394 313 130
798 277 951 313 PATms
978 278 1221 314 HmnoNYm
1247 279 1397 315 NAnAL

277 392 359 423 nes
381 386 550 434 posset,
576 393 630 422 eo
653 378 750 435 ipso
772 379 1044 423 auctoritate
1074 379 1322 435 apostolica
1349 381 1642 424 confirmatae
1678 396 1780 427 esse
1801 397 1911 427 cen-

276 462 500 499 serentur.
533 456 630 498 Has
659 463 810 499 tamen
833 456 895 500 ita
920 449 1075 509 edidit,
1109 471 1164 500 ex
1187 456 1375 500 consilio
1401 459 1587 500 Patrum
1610 465 1656 502 et
1678 459 1910 515 suffragiis

276 531 526 588 legittimis‚
568 539 616 574 vt
647 533 924 588 pedetentim
963 533 1327 586 obseruationem
1365 534 1572 590 accipere
1608 534 1787 580 iuberet
1815 536 1909 594 (qui

276 622 374 651 mos
396 616 465 653 est
487 623 539 652 ac
562 609 677 652 ratio
699 609 1047 653 introductionis
1070 625 1291 653 nouarum
1314 611 1500 667 legum).
1520 611 1666 655 Simul
1684 611 1746 655 ita
1763 613 1908 656 voluit

275 699 376 729 esse
396 685 541 729 editas
563 694 608 730 et
631 686 948 734 auctoritatem
970 688 1154 740 habere,
1180 694 1228 729 vt
1246 686 1401 730 vltima
1422 687 1510 730 illis
1532 702 1695 731 manus
1724 703 1814 732 non
1838 689 1908 732 di-

273 769 452 806 ceretur
474 762 694 815 adhibita,
721 763 827 819 quin
851 764 964 820 ipse,
991 765 1140 819 quoad
1157 763 1348 817 viueret,
1369 771 1414 808 et
1431 764 1635 809 Societas
1652 773 1670 791 ³
1691 776 1793 823 post
1807 765 1908 811 eius

270 838 461 893 obitum,
486 847 641 895 posset
658 839 827 896 aliquid
844 840 930 883 illis
953 841 1163 894 adiicere;
1189 841 1311 896 quod
1333 843 1540 884 consulte
1556 841 1737 886 videtur
1754 842 1801 885 in
1815 842 1906 903 pri-

264 915 356 968 ,mis
380 916 556 970 fecisse,
581 916 617 960 si
635 931 693 960 ex
717 932 866 961 rerum
891 925 1060 961 euentu
1082 924 1128 960 et
1155 918 1430 974 experientia
1459 917 1735 978 existimauit
1763 920 1906 963 multa

271 992 500 1049 designari
523 1008 670 1049 posse,
695 1008 811 1050 quae
834 1002 1090 1050 opportune
1112 1003 1157 1037 et
1179 1002 1364 1050 possent
1381 1003 1426 1038 et
1441 996 1663 1040 deberent
1679 996 1902 1039 constitu·
1961 1031 1965 1035 ,

271 1069 417 1114 tiones
437 1070 611 1115 iuuare.
635 1072 691 1113 Et
710 1073 798 1114 hoc
819 1071 1002 1127 quidem
1026 1079 1111 1124 est,
1137 1072 1259 1127 quod
1280 1071 1477 1115 diximus
1499 1087 1591 1115 non
1606 1062 1782 1117 ‘habere
1805 1088 1904 1117 ma-

267 1160 377 1189 num
398 1147 601 1191 Vltimam
624 1147 989 1207 constituti-ones,
1016 1148 1139 1192 aliud
1167 1147 1296 1202 nihi13
1322 1163 1427 1192 nam
1460 1163 1576 1204 quae
1604 1149 1755 1193 editae
1775 1158 1898 1202 sunt,

264 1225 387 1278 quod
409 1225 466 1267 ad
498 1232 786 1280 praesentem
809 1239 960 1268 rerum
994 1231 1164 1268 statum
1188 1225 1366 1278 attinet,
1391 1225 1446 1268 iis
1474 1225 1586 1268 nihil
1613 1225 1903 1270 auctoritatis

261 1299 589 1345 desideramus.
616 1293 862 1345 Caeterum
886 1316 1121 1358 speramus
1144 1302 1191 1346 in
1219 1302 1305 1346 X.⁰
1330 1304 1458 1360 Jesu,
1491 1302 1528 1346 si
1558 1302 1667 1358 quid
1691 1301 1750 1346 sit
1778 1303 1901 1359 quod

261 1391 344 1422 nos
374 1378 561 1439 fugerit,
586 1378 633 1421 id
670 1393 751 1434 pro
787 1377 1010 1434 sapientia
1046 1379 1329 1423 Sanctissimi
1364 1381 1419 1423 D.
1462 1380 1520 1423 N.
1556 1379 1896 1423 consultissime

262 1455 535 1498 illustratum
558 1455 627 1498 iri.
654 1457 762 1508 Iam,
783 1456 908 1511 quod
930 1456 1149 1499 nonnulla
1165 1455 1406 1499 videantur
1423 1458 1481 1500 N.
1502 1455 1704 1499 difficilia
1719 1454 1755 1508 ἱ),
1781 1463 1892 1507 etc.‚

263 1532 422 1577 eodem
446 1532 624 1586 attinet3
651 1532 765 1574 nihil
786 1532 907 1576 enim
929 1547 1018 1575 non
1043 1540 1112 1576 est
1133 1532 1181 1576 in
1196 1533 1306 1589 ipsis
1322 1533 1507 1578 difficile
1524 1532 1586 1575 illi
1604 1532 1793 1586 homini,
1817 1533 1897 1588 qui
1928 1531 1930 1533 ’

259 1609 404 1653 alieno
428 1609 513 1651 fuit
535 1610 686 1652 animo
707 1608 796 1652 iarn
819 1609 926 1653 inde
943 1624 969 1652 a
990 1609 1230 1666 principio,
1257 1597 1303 1654 et
1325 1610 1381 1652 ab
1399 1609 1624 1663 instituto,
1645 1616 1692 1654 et
1709 1607 1735 1652 a
1752 1623 1896 1666 gene-

259 1685 356 1738 rali,
382 1699 466 1728 nec
488 1687 582 1729 fere
605 1701 803 1742 vnquam
825 1687 910 1729 sub
934 1685 1191 1731 obedientia
1212 1685 1259 1729 in
1287 1686 1514 1730 Societate
1538 1685 1665 1739 vixit,
1698 1692 1743 1729 et
1773 1700 1897 1730 nunc

256 1763 452 1818 primum
475 1778 531 1807 ex
549 1762 708 1819 spiritu
731 1763 926 1818 quodam
949 1763 1170 1807 libertatis
1192 1764 1320 1806 laxae
1349 1764 1405 1806 ad
1434 1762 1643 1806 eximiam
1673 1762 1895 1809 obedien-

264 1839 353 1882 tiae
376 1839 595 1883 rationem
615 1839 725 1884 adit.
990 1898 993 1902 ,

348 1917 439 1959 Hic
460 1917 675 1959 desinunt
698 1916 805 1959 haec
827 1917 1114 1970 adversaria,
1138 1917 1198 1959 ad
1209 1917 1358 1973 finem
1379 1917 1493 1975 folii
1517 1927 1543 1971 3
1547 1927 1614 1970 3‘1e.

1044 2030 1117 2073 14

700 2113 752 2155 Ρ.
799 2112 1151 2181 ΗΙῌΗΟΝΥΜΙ
1192 2112 1463 2156 NATALIS

259 2213 524 2244 RESPONSIO
548 2215 610 2244 AD
631 2214 932 2245 ARGUMENTA
956 2214 1135 2252 QUIBUS
1166 2215 1210 2246 P.
1242 2213 1514 2244 BOBADILLA
1542 2213 1895 2246 CONTENDEBAT

643 2291 737 2321 SIBI
769 2290 988 2321 REGIMEN
1020 2291 1306 2322 SOCIETATIS
1334 2291 1511 2321 DEBERI

762 2380 922 2419 ROMAE,
950 2379 1148 2407 AUGUSTO
1172 2370 1220 2417 (?)
1249 2379 1338 2416 1557
1369 2374 1395 2411 ¹.

671 2461 925 2496 Adversaria
941 2459 1113 2495 actionis
1129 2459 1248 2507 infra
1266 2459 1473 2497 exhibitae.

1029 2545 1119 2587 Ihs.

345 2638 495 2681 Causa
514 2637 709 2694 agitatur
726 2652 829 2681 cum
846 2638 1019 2681 iustitia
1036 2645 1082 2681 et
1100 2637 1319 2681 charitate
1336 2651 1410 2689 an,
1422 2644 1602 2680 mortuo
1611 2637 1672 2681 D.
1692 2637 1890 2693 P.Igna-

324 2759 342 2775 a
391 2748 506 2784 Prius
526 2749 782 2794 Societatem·
800 2755 935 2797 postea
960 2750 1210 2786 emendatum
1237 2754 1280 2785 ut
1305 2761 1436 2796 supra.
1503 2750 1569 2777 —b
1596 2748 1662 2785 Bis
1682 2749 1756 2784 hoc
1774 2749 1884 2784 verb.

254 2806 444 2854 scriptum
463 2813 525 2844 est
543 2808 582 2844 in
601 2814 734 2855 autog.
1111 2810 1115 2813 ’

323 2908 333 2928 ¹
386 2909 444 2943 Ex
463 2910 691 2957 archetypo,
711 2922 782 2946 seu
800 2910 929 2957 potius
947 2905 1182 2946 adversariis
1201 2909 1463 2956 incompletis,
1482 2909 1522 2945 in
1539 2908 1675 2945 codice
1692 2909 1752 2945 De
1770 2909 1886 2944 rebus

249 2977 391 3014 congr.
408 2979 504 3015 gen.
525 2969 560 3003 I·
573 2970 616 3011 V,
637 2968 780 3016 triplici
806 2969 911 3022 tolie,
933 2969 1100 3015 38r-40r.
1130 2969 1268 3005 Manus
1296 2974 1357 3004 est
1386 2968 1534 3004 librarii
1562 2967 1777 3015 cujusdam,
1795 2979 1885 3004 cum

239 3025 402 3075 *Natalis
421 3027 760 3064 emendationibus
785 3028 1049 3075 autographis.
1069 3028 1170 3063 V‘ide
1187 3027 1291 3063 dicta
1315 3028 1355 3063 in
1378 3026 1630 3074 praecedenti
1658 3038 1886 3063 monumen·

252 3090 307 3131 to,
326 3091 459 3123 annot.
480 3095 514 3126 2,
710 3098 715 3102 ’
