<?xml version="1.0" encoding="UTF-8"?>
<!DOCTYPE html PUBLIC "-//W3C//DTD XHTML 1.0 Transitional//EN"
    "http://www.w3.org/TR/xhtml1/DTD/xhtml1-transitional.dtd">
<html xmlns="http://www.w3.org/1999/xhtml" xml:lang="en" lang="en">
 <head>
  <title>
</title>
<meta http-equiv="Content-Type" content="text/html;charset=utf-8" />
  <meta name='ocr-system' content='tesseract 3.04.00' />
  <meta name='ocr-capabilities' content='ocr_page ocr_carea ocr_par ocr_line ocrx_word'/>
</head>
<body>
  <div class='ocr_page' id='page_1' title='image "./epistolaephieron04nadauoft_0890.png"; bbox 0 0 2098 3470; ppageno 0'>
   <div class='ocr_carea' id='block_1_1' title="bbox 311 259 1279 305">
    <p class='ocr_par' dir='ltr' id='par_1_1' title="bbox 311 259 1279 305">
     <span class='ocr_line' id='line_1_1' title="bbox 311 259 1279 305; baseline 0.005 -9"><span class='ocrx_word' id='word_1_1' title='bbox 311 259 384 305; x_wconf 88' lang='lat'><strong>864</strong></span> <span class='ocrx_word' id='word_1_2' title='bbox 888 263 1026 300; x_wconf 72' lang='lat' dir='ltr'><strong>Episr.</strong></span> <span class='ocrx_word' id='word_1_3' title='bbox 1055 265 1098 301; x_wconf 91' lang='lat' dir='ltr'><strong>P.</strong></span> <span class='ocrx_word' id='word_1_4' title='bbox 1128 264 1279 301; x_wconf 77' lang='lat' dir='ltr'>NADAL</span> 
     </span>
    </p>
   </div>
   <div class='ocr_carea' id='block_1_2' title="bbox 255 366 1902 2962">
    <p class='ocr_par' dir='ltr' id='par_1_2' title="bbox 255 366 1901 1807">
     <span class='ocr_line' id='line_1_2' title="bbox 265 366 1901 424; baseline 0.006 -20"><span class='ocrx_word' id='word_1_5' title='bbox 265 377 554 420; x_wconf 87' lang='lat' dir='ltr'><strong>vsurpamus,</strong></span> <span class='ocrx_word' id='word_1_6' title='bbox 579 378 668 406; x_wconf 92' lang='lat' dir='ltr'><strong>non</strong></span> <span class='ocrx_word' id='word_1_7' title='bbox 698 378 815 418; x_wconf 88' lang='lat' dir='ltr'><strong>eam,</strong></span> <span class='ocrx_word' id='word_1_8' title='bbox 847 380 964 421; x_wconf 89' lang='lat' dir='ltr'><strong>quae</strong></span> <span class='ocrx_word' id='word_1_9' title='bbox 991 367 1160 409; x_wconf 89' lang='lat' dir='ltr'><strong>nudam</strong></span> <span class='ocrx_word' id='word_1_10' title='bbox 1183 366 1387 410; x_wconf 88' lang='lat' dir='ltr'><strong>continet</strong></span> <span class='ocrx_word' id='word_1_11' title='bbox 1414 368 1785 424; x_wconf 70' lang='lat' dir='ltr'><strong>speculationem,</strong></span> <span class='ocrx_word' id='word_1_12' title='bbox 1821 372 1901 414; x_wconf 90' lang='lat' dir='ltr'><strong>sed</strong></span> 
     </span>
     <span class='ocr_line' id='line_1_3' title="bbox 263 440 1899 502; baseline 0.004 -19"><span class='ocrx_word' id='word_1_13' title='bbox 263 454 380 494; x_wconf 90' lang='lat' dir='ltr'><strong>eam,</strong></span> <span class='ocrx_word' id='word_1_14' title='bbox 405 455 522 496; x_wconf 91' lang='lat' dir='ltr'><strong>quae</strong></span> <span class='ocrx_word' id='word_1_15' title='bbox 549 440 556 498; x_wconf 93' lang='grc' dir='ltr'>Ι</span> <span class='ocrx_word' id='word_1_16' title='bbox 584 441 798 486; x_wconf 90' lang='lat' dir='ltr'><strong>vnctione</strong></span> <span class='ocrx_word' id='word_1_17' title='bbox 821 442 1006 499; x_wconf 89' lang='lat' dir='ltr'><strong>spiritus</strong></span> <span class='ocrx_word' id='word_1_18' title='bbox 1029 458 1108 499; x_wconf 89' lang='lat' dir='ltr'><strong>per</strong></span> <span class='ocrx_word' id='word_1_19' title='bbox 1130 457 1315 487; x_wconf 88' lang='lat' dir='ltr'><strong>sensum</strong></span> <span class='ocrx_word' id='word_1_20' title='bbox 1337 443 1596 489; x_wconf 89' lang='lat' dir='ltr'><strong>interiorem</strong></span> <span class='ocrx_word' id='word_1_21' title='bbox 1618 446 1692 490; x_wconf 91' lang='lat' dir='ltr'><strong>vel</strong></span> <span class='ocrx_word' id='word_1_22' title='bbox 1714 454 1899 502; x_wconf 86' lang='lat' dir='ltr'><strong>gustum</strong></span> 
     </span>
     <span class='ocr_line' id='line_1_4' title="bbox 264 519 1900 578; baseline 0.004 -19"><span class='ocrx_word' id='word_1_23' title='bbox 264 525 424 560; x_wconf 91' lang='lat' dir='ltr'><strong>ornata</strong></span> <span class='ocrx_word' id='word_1_24' title='bbox 446 525 531 571; x_wconf 90' lang='lat' dir='ltr'><strong>est,</strong></span> <span class='ocrx_word' id='word_1_25' title='bbox 556 519 629 562; x_wconf 89' lang='lat' dir='ltr'><strong>vel</strong></span> <span class='ocrx_word' id='word_1_26' title='bbox 651 526 775 563; x_wconf 90' lang='lat' dir='ltr'><strong>certe</strong></span> <span class='ocrx_word' id='word_1_27' title='bbox 798 519 904 563; x_wconf 92' lang='lat' dir='ltr'><strong>boni</strong></span> <span class='ocrx_word' id='word_1_28' title='bbox 927 522 1118 564; x_wconf 88' lang='lat' dir='ltr'><strong>affectus</strong></span> <span class='ocrx_word' id='word_1_29' title='bbox 1141 534 1278 564; x_wconf 89' lang='lat' dir='ltr'><strong>sensu</strong></span> <span class='ocrx_word' id='word_1_30' title='bbox 1300 519 1467 576; x_wconf 87' lang='lat' dir='ltr'><strong>aliquo,</strong></span> <span class='ocrx_word' id='word_1_31' title='bbox 1489 536 1569 577; x_wconf 87' lang='lat' dir='ltr'><strong>pro</strong></span> <span class='ocrx_word' id='word_1_32' title='bbox 1586 537 1737 565; x_wconf 85' lang='lat' dir='ltr'><strong>rerum</strong></span> <span class='ocrx_word' id='word_1_33' title='bbox 1756 523 1900 578; x_wconf 90' lang='lat' dir='ltr'><strong>quali-</strong></span> 
     </span>
     <span class='ocr_line' id='line_1_5' title="bbox 263 595 1901 652; baseline 0.004 -16"><span class='ocrx_word' id='word_1_34' title='bbox 263 595 575 646; x_wconf 87' lang='lat' dir='ltr'><strong>tate,·vestita.</strong></span> <span class='ocrx_word' id='word_1_35' title='bbox 603 596 761 651; x_wconf 84' lang='lat' dir='ltr'><strong>Itaque</strong></span> <span class='ocrx_word' id='word_1_36' title='bbox 792 595 912 640; x_wconf 90' lang='lat' dir='ltr'><strong>circa</strong></span> <span class='ocrx_word' id='word_1_37' title='bbox 942 595 1206 650; x_wconf 88' lang='lat' dir='ltr'><strong>voluntatis,</strong></span> <span class='ocrx_word' id='word_1_38' title='bbox 1232 597 1304 639; x_wconf 90' lang='lat' dir='ltr'><strong>vel</strong></span> <span class='ocrx_word' id='word_1_39' title='bbox 1326 604 1474 650; x_wconf 89' lang='lat' dir='ltr'><strong>actus,</strong></span> <span class='ocrx_word' id='word_1_40' title='bbox 1500 599 1572 641; x_wconf 92' lang='lat' dir='ltr'><strong>vel</strong></span> <span class='ocrx_word' id='word_1_41' title='bbox 1594 613 1772 652; x_wconf 88' lang='lat' dir='ltr'><strong>sensus,</strong></span> <span class='ocrx_word' id='word_1_42' title='bbox 1797 614 1901 643; x_wconf 87' lang='lat' dir='ltr'><strong>ver-</strong></span> 
     </span>
     <span class='ocr_line' id='line_1_6' title="bbox 262 672 1896 730; baseline 0.004 -16"><span class='ocrx_word' id='word_1_43' title='bbox 262 685 417 714; x_wconf 81' lang='lat' dir='ltr'><strong>samur</strong></span> <span class='ocrx_word' id='word_1_44' title='bbox 451 672 721 728; x_wconf 83' lang='lat' dir='ltr'><strong>propensius</strong></span> <span class='ocrx_word' id='word_1_45' title='bbox 758 681 894 729; x_wconf 90' lang='lat' dir='ltr'><strong>atque</strong></span> <span class='ocrx_word' id='word_1_46' title='bbox 931 674 1166 725; x_wconf 90' lang='lat' dir='ltr'><strong>attentius,</strong></span> <span class='ocrx_word' id='word_1_47' title='bbox 1200 673 1448 730; x_wconf 88' lang='lat' dir='ltr'><strong>maiorique</strong></span> <span class='ocrx_word' id='word_1_48' title='bbox 1485 689 1588 718; x_wconf 91' lang='lat' dir='ltr'><strong>cum</strong></span> <span class='ocrx_word' id='word_1_49' title='bbox 1623 676 1896 730; x_wconf 88' lang='lat' dir='ltr'><strong>reuerentia,</strong></span> 
     </span>
     <span class='ocr_line' id='line_1_7' title="bbox 263 748 1900 807; baseline 0.003 -16"><span class='ocrx_word' id='word_1_50' title='bbox 263 762 399 803; x_wconf 91' lang='lat' dir='ltr'><strong>quam</strong></span> <span class='ocrx_word' id='word_1_51' title='bbox 422 748 542 792; x_wconf 90' lang='lat' dir='ltr'><strong>circa</strong></span> <span class='ocrx_word' id='word_1_52' title='bbox 564 749 665 805; x_wconf 91' lang='lat' dir='ltr'><strong>puri</strong></span> <span class='ocrx_word' id='word_1_53' title='bbox 693 749 951 794; x_wconf 87' lang='lat' dir='ltr'><strong>intellectus</strong></span> <span class='ocrx_word' id='word_1_54' title='bbox 974 750 1274 806; x_wconf 89' lang='lat' dir='ltr'><strong>operationes;</strong></span> <span class='ocrx_word' id='word_1_55' title='bbox 1299 751 1589 807; x_wconf 89' lang='lat' dir='ltr'><strong>solemusque</strong></span> <span class='ocrx_word' id='word_1_56' title='bbox 1617 752 1767 796; x_wconf 84' lang='lat' dir='ltr'>dicere</span> <span class='ocrx_word' id='word_1_57' title='bbox 1789 767 1900 796; x_wconf 78' lang='lat' dir='ltr'><strong>con-</strong></span> 
     </span>
     <span class='ocr_line' id='line_1_8' title="bbox 264 825 1900 885; baseline 0.004 -18"><span class='ocrx_word' id='word_1_58' title='bbox 264 825 556 882; x_wconf 88' lang='lat' dir='ltr'><strong>templatione</strong></span> <span class='ocrx_word' id='word_1_59' title='bbox 583 841 667 869; x_wconf 92' lang='lat' dir='ltr'><strong>nos</strong></span> <span class='ocrx_word' id='word_1_60' title='bbox 694 827 904 884; x_wconf 85' lang='lat' dir='ltr'><strong>amplecti</strong></span> <span class='ocrx_word' id='word_1_61' title='bbox 938 826 1196 883; x_wconf 81' lang='lat' dir='ltr'><strong>practicam,</strong></span> <span class='ocrx_word' id='word_1_62' title='bbox 1223 841 1314 871; x_wconf 89' lang='lat' dir='ltr'><strong>non</strong></span> <span class='ocrx_word' id='word_1_63' title='bbox 1337 828 1683 884; x_wconf 90' lang='lat' dir='ltr'><strong>speculatiuam,</strong></span> <span class='ocrx_word' id='word_1_64' title='bbox 1706 837 1751 872; x_wconf 92' lang='lat' dir='ltr'><strong>et</strong></span> <span class='ocrx_word' id='word_1_65' title='bbox 1781 844 1900 885; x_wconf 90' lang='lat' dir='ltr'><strong>quae</strong></span> 
     </span>
     <span class='ocr_line' id='line_1_9' title="bbox 263 904 1901 962; baseline 0.004 -17"><span class='ocrx_word' id='word_1_66' title='bbox 263 917 347 946; x_wconf 89' lang='lat' dir='ltr'><strong>nos</strong></span> <span class='ocrx_word' id='word_1_67' title='bbox 369 917 459 946; x_wconf 93' lang='lat' dir='ltr'><strong>non</strong></span> <span class='ocrx_word' id='word_1_68' title='bbox 482 904 644 948; x_wconf 90' lang='lat' dir='ltr'><strong>doceat</strong></span> <span class='ocrx_word' id='word_1_69' title='bbox 665 905 811 947; x_wconf 90' lang='lat' dir='ltr'><strong>solum</strong></span> <span class='ocrx_word' id='word_1_70' title='bbox 834 904 942 961; x_wconf 92' lang='lat' dir='ltr'><strong>quid</strong></span> <span class='ocrx_word' id='word_1_71' title='bbox 964 906 1195 961; x_wconf 88' lang='lat' dir='ltr'><strong>agendum</strong></span> <span class='ocrx_word' id='word_1_72' title='bbox 1218 905 1387 961; x_wconf 86' lang='lat' dir='ltr'><strong>quidue</strong></span> <span class='ocrx_word' id='word_1_73' title='bbox 1417 905 1686 962; x_wconf 89' lang='lat' dir='ltr'><strong>fugiendum</strong></span> <span class='ocrx_word' id='word_1_74' title='bbox 1715 906 1790 958; x_wconf 90' lang='lat' dir='ltr'><strong>sit,</strong></span> <span class='ocrx_word' id='word_1_75' title='bbox 1821 907 1901 951; x_wconf 91' lang='lat' dir='ltr'><strong>sed</strong></span> 
     </span>
     <span class='ocr_line' id='line_1_10' title="bbox 262 979 1899 1039; baseline 0.003 -17"><span class='ocrx_word' id='word_1_76' title='bbox 262 979 420 1024; x_wconf 90' lang='lat' dir='ltr'><strong>incitet</strong></span> <span class='ocrx_word' id='word_1_77' title='bbox 442 980 573 1023; x_wconf 89' lang='lat' dir='ltr'><strong>simul</strong></span> <span class='ocrx_word' id='word_1_78' title='bbox 598 995 653 1024; x_wconf 92' lang='lat' dir='ltr'><strong>ac</strong></span> <span class='ocrx_word' id='word_1_79' title='bbox 676 981 819 1035; x_wconf 91' lang='lat' dir='ltr'><strong>iuuet,</strong></span> <span class='ocrx_word' id='word_1_80' title='bbox 838 990 888 1025; x_wconf 90' lang='lat' dir='ltr'><strong>vt</strong></span> <span class='ocrx_word' id='word_1_81' title='bbox 911 997 958 1026; x_wconf 92' lang='lat' dir='ltr'><strong>re</strong></span> <span class='ocrx_word' id='word_1_82' title='bbox 979 982 1092 1038; x_wconf 89' lang='lat' dir='ltr'><strong>ipsa,</strong></span> <span class='ocrx_word' id='word_1_83' title='bbox 1112 996 1230 1037; x_wconf 91' lang='lat' dir='ltr'><strong>quae</strong></span> <span class='ocrx_word' id='word_1_84' title='bbox 1247 997 1354 1026; x_wconf 86' lang='lat' dir='ltr'><strong>vere</strong></span> <span class='ocrx_word' id='word_1_85' title='bbox 1375 981 1685 1039; x_wconf 89' lang='lat' dir='ltr'><strong>concepimus,</strong></span> <span class='ocrx_word' id='word_1_86' title='bbox 1705 990 1829 1027; x_wconf 89' lang='lat' dir='ltr'><strong>recte</strong></span> <span class='ocrx_word' id='word_1_87' title='bbox 1847 997 1899 1027; x_wconf 90' lang='lat' dir='ltr'><strong>ac</strong></span> 
     </span>
     <span class='ocr_line' id='line_1_11' title="bbox 262 1056 1898 1115; baseline 0.004 -16"><span class='ocrx_word' id='word_1_88' title='bbox 262 1056 333 1112; x_wconf 88' lang='lat' dir='ltr'><strong>pie</strong></span> <span class='ocrx_word' id='word_1_89' title='bbox 356 1071 596 1112; x_wconf 88' lang='lat' dir='ltr'><strong>operemur</strong></span> <span class='ocrx_word' id='word_1_90' title='bbox 617 1057 661 1101; x_wconf 90' lang='lat' dir='ltr'><strong>in</strong></span> <span class='ocrx_word' id='word_1_91' title='bbox 686 1059 804 1115; x_wconf 91' lang='lat' dir='ltr'><strong>Xpo.</strong></span> <span class='ocrx_word' id='word_1_92' title='bbox 832 1060 933 1102; x_wconf 87' lang='lat' dir='ltr'><strong>Hoc</strong></span> <span class='ocrx_word' id='word_1_93' title='bbox 956 1058 1097 1115; x_wconf 89' lang='lat' dir='ltr'><strong>igitur</strong></span> <span class='ocrx_word' id='word_1_94' title='bbox 1119 1059 1221 1102; x_wconf 94' lang='lat' dir='ltr'><strong>loco</strong></span> <span class='ocrx_word' id='word_1_95' title='bbox 1242 1058 1552 1103; x_wconf 86' lang='lat' dir='ltr'><strong>desideramus</strong></span> <span class='ocrx_word' id='word_1_96' title='bbox 1575 1060 1898 1115; x_wconf 88' lang='lat' dir='ltr'><strong>vndecumque</strong></span> 
     </span>
     <span class='ocr_line' id='line_1_12' title="bbox 261 1133 1900 1192; baseline 0.002 -16"><span class='ocrx_word' id='word_1_97' title='bbox 261 1147 460 1178; x_wconf 89' lang='lat' dir='ltr'><strong>amorem</strong></span> <span class='ocrx_word' id='word_1_98' title='bbox 483 1133 689 1178; x_wconf 89' lang='lat' dir='ltr'><strong>diuinum</strong></span> <span class='ocrx_word' id='word_1_99' title='bbox 712 1135 990 1192; x_wconf 81' lang='lat' dir='ltr'><strong>inuestigare</strong></span> <span class='ocrx_word' id='word_1_100' title='bbox 1014 1135 1210 1180; x_wconf 91' lang='lat' dir='ltr'><strong>feruenti</strong></span> <span class='ocrx_word' id='word_1_101' title='bbox 1233 1136 1429 1190; x_wconf 91' lang='lat' dir='ltr'><strong>quadam</strong></span> <span class='ocrx_word' id='word_1_102' title='bbox 1451 1135 1685 1188; x_wconf 79' lang='lat' dir='ltr'><strong>auiditate,</strong></span> <span class='ocrx_word' id='word_1_103' title='bbox 1703 1151 1795 1180; x_wconf 90' lang='lat' dir='ltr'><strong>non</strong></span> <span class='ocrx_word' id='word_1_104' title='bbox 1823 1151 1900 1179; x_wconf 90' lang='lat' dir='ltr'><strong>so-</strong></span> 
     </span>
     <span class='ocr_line' id='line_1_13' title="bbox 261 1211 1899 1269; baseline 0.002 -16"><span class='ocrx_word' id='word_1_105' title='bbox 261 1211 355 1254; x_wconf 91' lang='lat' dir='ltr'><strong>lum</strong></span> <span class='ocrx_word' id='word_1_106' title='bbox 378 1218 426 1253; x_wconf 91' lang='lat' dir='ltr'><strong>vt</strong></span> <span class='ocrx_word' id='word_1_107' title='bbox 448 1211 494 1254; x_wconf 94' lang='lat' dir='ltr'><strong>in</strong></span> <span class='ocrx_word' id='word_1_108' title='bbox 516 1211 594 1255; x_wconf 93' lang='lat' dir='ltr'><strong>illo</strong></span> <span class='ocrx_word' id='word_1_109' title='bbox 611 1211 916 1267; x_wconf 89' lang='lat' dir='ltr'><strong>quiescamus,</strong></span> <span class='ocrx_word' id='word_1_110' title='bbox 942 1214 1021 1256; x_wconf 92' lang='lat' dir='ltr'><strong>sed</strong></span> <span class='ocrx_word' id='word_1_111' title='bbox 1044 1218 1127 1260; x_wconf 86' lang='grc'><strong>233</strong></span> <span class='ocrx_word' id='word_1_112' title='bbox 1149 1219 1199 1255; x_wconf 91' lang='lat' dir='ltr'><strong>vt</strong></span> <span class='ocrx_word' id='word_1_113' title='bbox 1217 1214 1274 1256; x_wconf 90' lang='lat' dir='ltr'><strong>ad</strong></span> <span class='ocrx_word' id='word_1_114' title='bbox 1291 1227 1443 1269; x_wconf 89' lang='lat' dir='ltr'><strong>opera,</strong></span> <span class='ocrx_word' id='word_1_115' title='bbox 1465 1228 1544 1269; x_wconf 91' lang='lat' dir='ltr'><strong>per</strong></span> <span class='ocrx_word' id='word_1_116' title='bbox 1566 1213 1713 1269; x_wconf 90' lang='lat' dir='ltr'><strong>ipsum</strong></span> <span class='ocrx_word' id='word_1_117' title='bbox 1732 1213 1899 1257; x_wconf 89' lang='lat' dir='ltr'><strong>confir-</strong></span> 
     </span>
     <span class='ocr_line' id='line_1_14' title="bbox 261 1287 1899 1346; baseline 0.002 -17"><span class='ocrx_word' id='word_1_118' title='bbox 261 1287 371 1330; x_wconf 87' lang='lat' dir='ltr'><strong>mati</strong></span> <span class='ocrx_word' id='word_1_119' title='bbox 403 1302 456 1331; x_wconf 92' lang='lat' dir='ltr'><strong>ac</strong></span> <span class='ocrx_word' id='word_1_120' title='bbox 486 1295 712 1344; x_wconf 91' lang='lat' dir='ltr'><strong>potentes,</strong></span> <span class='ocrx_word' id='word_1_121' title='bbox 748 1289 1088 1346; x_wconf 81' lang='lat' dir='ltr'><strong>aggrediamur3</strong></span> <span class='ocrx_word' id='word_1_122' title='bbox 1119 1289 1531 1346; x_wconf 87' lang='lat' dir='ltr'><strong>quibus&#39;operibus</strong></span> <span class='ocrx_word' id='word_1_123' title='bbox 1561 1297 1607 1333; x_wconf 91' lang='lat' dir='ltr'><strong>et</strong></span> <span class='ocrx_word' id='word_1_124' title='bbox 1640 1298 1822 1333; x_wconf 90' lang='lat' dir='ltr'><strong>nostrae</strong></span> <span class='ocrx_word' id='word_1_125' title='bbox 1853 1298 1899 1333; x_wconf 91' lang='lat' dir='ltr'><strong>et</strong></span> 
     </span>
     <span class='ocr_line' id='line_1_15' title="bbox 260 1365 1898 1426; baseline 0.001 -18"><span class='ocrx_word' id='word_1_126' title='bbox 260 1365 451 1420; x_wconf 85' lang='lat' dir='ltr'><strong>proximi</strong></span> <span class='ocrx_word' id='word_1_127' title='bbox 489 1367 682 1426; x_wconf 88' lang='lat' dir='ltr'><strong>salutem</strong></span> <span class='ocrx_word' id='word_1_128' title='bbox 721 1381 773 1410; x_wconf 87' lang='lat' dir='ltr'><strong>ac</strong></span> <span class='ocrx_word' id='word_1_129' title='bbox 811 1366 1138 1423; x_wconf 83' lang='lat' dir='ltr'><strong>perfectionem</strong></span> <span class='ocrx_word' id='word_1_130' title='bbox 1176 1380 1474 1423; x_wconf 89' lang='lat' dir='ltr'><strong>procuremus</strong></span> <span class='ocrx_word' id='word_1_131' title='bbox 1510 1366 1747 1412; x_wconf 86' lang='lat' dir='ltr'><strong>intentius.</strong></span> <span class='ocrx_word' id='word_1_132' title='bbox 1795 1368 1898 1411; x_wconf 91' lang='lat' dir='ltr'><strong>Hoc</strong></span> 
     </span>
     <span class='ocr_line' id='line_1_16' title="bbox 262 1442 1899 1509; baseline 0.001 -25"><span class='ocrx_word' id='word_1_133' title='bbox 262 1442 414 1497; x_wconf 88' lang='lat' dir='ltr'><strong>itaque</strong></span> <span class='ocrx_word' id='word_1_134' title='bbox 430 1442 622 1509; x_wconf 60' lang='lat' dir='ltr'><strong>facimus</strong></span> <span class='ocrx_word' id='word_1_135' title='bbox 639 1458 696 1487; x_wconf 85' lang='lat' dir='ltr'><strong>ex</strong></span> <span class='ocrx_word' id='word_1_136' title='bbox 713 1442 1079 1486; x_wconf 87' lang='lat' dir='ltr'><strong>consideratione</strong></span> <span class='ocrx_word' id='word_1_137' title='bbox 1098 1443 1426 1487; x_wconf 88' lang='lat' dir='ltr'><strong>beneficiorum</strong></span> <span class='ocrx_word' id='word_1_138' title='bbox 1445 1443 1548 1496; x_wconf 93' lang='lat' dir='ltr'><strong>Dei,</strong></span> <span class='ocrx_word' id='word_1_139' title='bbox 1570 1457 1685 1498; x_wconf 87' lang='lat' dir='ltr'><strong>quae</strong></span> <span class='ocrx_word' id='word_1_140' title='bbox 1703 1457 1785 1486; x_wconf 89' lang='lat' dir='ltr'><strong>sua</strong></span> <span class='ocrx_word' id='word_1_141' title='bbox 1802 1458 1899 1486; x_wconf 86' lang='lat' dir='ltr'><strong>ma·</strong></span> 
     </span>
     <span class='ocr_line' id='line_1_17' title="bbox 261 1518 1899 1578; baseline 0.001 -16"><span class='ocrx_word' id='word_1_142' title='bbox 261 1518 503 1575; x_wconf 89' lang='lat' dir='ltr'><strong>gnitudine</strong></span> <span class='ocrx_word' id='word_1_143' title='bbox 521 1533 574 1563; x_wconf 90' lang='lat' dir='ltr'><strong>ac</strong></span> <span class='ocrx_word' id='word_1_144' title='bbox 586 1519 844 1573; x_wconf 91' lang='lat' dir='ltr'><strong>diuinitate,</strong></span> <span class='ocrx_word' id='word_1_145' title='bbox 860 1527 955 1562; x_wconf 89' lang='lat' dir='ltr'><strong>tum</strong></span> <span class='ocrx_word' id='word_1_146' title='bbox 973 1534 1027 1562; x_wconf 88' lang='lat' dir='ltr'><strong>ex</strong></span> <span class='ocrx_word' id='word_1_147' title='bbox 1046 1527 1198 1563; x_wconf 92' lang='lat' dir='ltr'><strong>nostra</strong></span> <span class='ocrx_word' id='word_1_148' title='bbox 1217 1520 1506 1577; x_wconf 84' lang='lat' dir='ltr'><strong>indignitate,</strong></span> <span class='ocrx_word' id='word_1_149' title='bbox 1522 1522 1735 1578; x_wconf 24' lang='lat' dir='ltr'><strong>affectu-m</strong></span> <span class='ocrx_word' id='word_1_150' title='bbox 1753 1520 1800 1562; x_wconf 91' lang='lat' dir='ltr'><strong>in</strong></span> <span class='ocrx_word' id='word_1_151' title='bbox 1817 1535 1899 1564; x_wconf 87' lang='lat' dir='ltr'><strong>nos</strong></span> 
     </span>
     <span class='ocr_line' id='line_1_18' title="bbox 260 1585 1898 1653; baseline 0.002 -15"><span class='ocrx_word' id='word_1_152' title='bbox 260 1596 425 1639; x_wconf 90' lang='lat' dir='ltr'><strong>amoris</strong></span> <span class='ocrx_word' id='word_1_153' title='bbox 455 1585 655 1642; x_wconf 78' lang='lat' dir='ltr'><strong>excitent</strong></span> <span class='ocrx_word' id='word_1_154' title='bbox 684 1604 730 1640; x_wconf 91' lang='lat' dir='ltr'><strong>et</strong></span> <span class='ocrx_word' id='word_1_155' title='bbox 758 1598 814 1640; x_wconf 91' lang='lat' dir='ltr'><strong>ad</strong></span> <span class='ocrx_word' id='word_1_156' title='bbox 844 1597 1118 1642; x_wconf 90' lang='lat' dir='ltr'><strong>desiderium</strong></span> <span class='ocrx_word' id='word_1_157' title='bbox 1149 1597 1292 1640; x_wconf 91' lang='lat' dir='ltr'><strong>diuini</strong></span> <span class='ocrx_word' id='word_1_158' title='bbox 1325 1597 1499 1641; x_wconf 87' lang='lat' dir='ltr'><strong>seruitii</strong></span> <span class='ocrx_word' id='word_1_159' title='bbox 1521 1596 1758 1653; x_wconf 89' lang='lat' dir='ltr'><strong>iustigent.</strong></span> <span class='ocrx_word' id='word_1_160' title='bbox 1795 1597 1898 1641; x_wconf 85' lang='lat' dir='ltr'><strong>Alia</strong></span> 
     </span>
     <span class='ocr_line' id='line_1_19' title="bbox 255 1673 1898 1730; baseline 0.002 -14"><span class='ocrx_word' id='word_1_161' title='bbox 255 1673 443 1728; x_wconf 66' lang='lat' dir='ltr'><strong>&#39;quidem</strong></span> <span class='ocrx_word' id='word_1_162' title='bbox 466 1673 641 1726; x_wconf 89' lang='lat' dir='ltr'><strong>omitto,</strong></span> <span class='ocrx_word' id='word_1_163' title='bbox 667 1688 784 1730; x_wconf 88' lang='lat' dir='ltr'><strong>quae</strong></span> <span class='ocrx_word' id='word_1_164' title='bbox 806 1676 964 1718; x_wconf 88' lang='lat' dir='ltr'><strong>eadem</strong></span> <span class='ocrx_word' id='word_1_165' title='bbox 983 1674 1366 1730; x_wconf 85' lang='lat' dir='ltr'><strong>contemplatione</strong></span> <span class='ocrx_word' id='word_1_166' title='bbox 1393 1676 1624 1719; x_wconf 91' lang='lat' dir='ltr'><strong>docemus.</strong></span> <span class='ocrx_word' id='word_1_167' title='bbox 1646 1674 1716 1719; x_wconf 93' lang='lat' dir='ltr'><strong>De</strong></span> <span class='ocrx_word' id='word_1_168' title='bbox 1744 1675 1898 1719; x_wconf 86' lang='lat' dir='ltr'><strong>labore</strong></span> 
     </span>
     <span class='ocr_line' id='line_1_20' title="bbox 260 1765 501 1807; baseline 0 -13"><span class='ocrx_word' id='word_1_169' title='bbox 260 1765 501 1807; x_wconf 84' lang='lat' dir='ltr'><strong>exponam.</strong></span> 
     </span>
    </p>

    <p class='ocr_par' dir='ltr' id='par_1_3' title="bbox 255 1827 1902 2962">
     <span class='ocr_line' id='line_1_21' title="bbox 348 1827 1902 1873; baseline 0.001 -3"><span class='ocrx_word' id='word_1_170' title='bbox 348 1827 399 1870; x_wconf 93' lang='lat' dir='ltr'><strong>In</strong></span> <span class='ocrx_word' id='word_1_171' title='bbox 430 1829 732 1872; x_wconf 88' lang='lat' dir='ltr'><strong>fundamento</strong></span> <span class='ocrx_word' id='word_1_172' title='bbox 770 1828 1091 1873; x_wconf 83' lang='lat' dir='ltr'><strong>exercitiorum</strong></span> <span class='ocrx_word' id='word_1_173' title='bbox 1121 1828 1470 1873; x_wconf 88' lang='lat' dir='ltr'><strong>commeministi</strong></span> <span class='ocrx_word' id='word_1_174' title='bbox 1508 1828 1648 1873; x_wconf 88' lang='lat' dir='ltr'><strong>fuisse</strong></span> <span class='ocrx_word' id='word_1_175' title='bbox 1675 1828 1902 1872; x_wconf 80' lang='lat' dir='ltr'><strong>constitu·</strong></span> 
     </span>
     <span class='ocr_line' id='line_1_22' title="bbox 261 1905 1893 1962; baseline 0.001 -15"><span class='ocrx_word' id='word_1_176' title='bbox 261 1912 374 1958; x_wconf 89' lang='lat' dir='ltr'><strong>tum,</strong></span> <span class='ocrx_word' id='word_1_177' title='bbox 399 1919 516 1960; x_wconf 91' lang='lat' dir='ltr'><strong>quae</strong></span> <span class='ocrx_word' id='word_1_178' title='bbox 539 1905 625 1949; x_wconf 87' lang='lat' dir='ltr'><strong>sita</strong></span> <span class='ocrx_word' id='word_1_179' title='bbox 656 1912 761 1949; x_wconf 91' lang='lat' dir='ltr'><strong>sunt</strong></span> <span class='ocrx_word' id='word_1_180' title='bbox 793 1920 929 1962; x_wconf 92' lang='lat' dir='ltr'><strong>super</strong></span> <span class='ocrx_word' id='word_1_181' title='bbox 968 1913 1150 1955; x_wconf 78' lang='lat' dir='ltr'><strong>terram,</strong></span> <span class='ocrx_word' id='word_1_182' title='bbox 1190 1905 1385 1949; x_wconf 90' lang='lat' dir='ltr'><strong>hominis</strong></span> <span class='ocrx_word' id='word_1_183' title='bbox 1422 1920 1560 1949; x_wconf 91' lang='lat' dir='ltr'><strong>causa</strong></span> <span class='ocrx_word' id='word_1_184' title='bbox 1590 1919 1692 1949; x_wconf 91' lang='lat' dir='ltr'><strong>esse</strong></span> <span class='ocrx_word' id='word_1_185' title='bbox 1729 1913 1893 1949; x_wconf 87' lang='lat' dir='ltr'><strong>creata.</strong></span> 
     </span>
     <span class='ocr_line' id='line_1_23' title="bbox 259 1982 1898 2027; baseline 0 -2"><span class='ocrx_word' id='word_1_186' title='bbox 259 1982 350 2025; x_wconf 90' lang='lat' dir='ltr'><strong>Hic</strong></span> <span class='ocrx_word' id='word_1_187' title='bbox 374 1982 466 2026; x_wconf 92' lang='lat' dir='ltr'><strong>duo</strong></span> <span class='ocrx_word' id='word_1_188' title='bbox 503 1982 924 2026; x_wconf 90' lang='lat' dir='ltr'><strong>animaduertimus:</strong></span> <span class='ocrx_word' id='word_1_189' title='bbox 966 1983 1051 2027; x_wconf 93' lang='lat' dir='ltr'><strong>Dei</strong></span> <span class='ocrx_word' id='word_1_190' title='bbox 1089 1983 1304 2027; x_wconf 87' lang='lat' dir='ltr'><strong>virtutem</strong></span> <span class='ocrx_word' id='word_1_191' title='bbox 1328 1983 1374 2025; x_wconf 94' lang='lat' dir='ltr'><strong>in</strong></span> <span class='ocrx_word' id='word_1_192' title='bbox 1411 1992 1642 2027; x_wconf 88' lang='lat' dir='ltr'><strong>creaturas</strong></span> <span class='ocrx_word' id='word_1_193' title='bbox 1680 1996 1898 2026; x_wconf 87' lang='lat' dir='ltr'><strong>emanan-</strong></span> 
     </span>
     <span class='ocr_line' id='line_1_24' title="bbox 259 2058 1895 2117; baseline 0.001 -16"><span class='ocrx_word' id='word_1_194' title='bbox 259 2067 367 2111; x_wconf 90' lang='lat' dir='ltr'><strong>tem,</strong></span> <span class='ocrx_word' id='word_1_195' title='bbox 398 2058 406 2117; x_wconf 62' lang='grc' dir='ltr'>ᾖ</span> <span class='ocrx_word' id='word_1_196' title='bbox 434 2059 769 2116; x_wconf 89' lang='lat' dir='ltr'><strong>multiphariam</strong></span> <span class='ocrx_word' id='word_1_197' title='bbox 799 2060 1043 2102; x_wconf 87' lang='lat' dir='ltr'><strong>donantem</strong></span> <span class='ocrx_word' id='word_1_198' title='bbox 1075 2059 1163 2103; x_wconf 91' lang='lat' dir='ltr'><strong>illis</strong></span> <span class='ocrx_word' id='word_1_199' title='bbox 1189 2061 1310 2103; x_wconf 89' lang='lat' dir='ltr'><strong>vnde</strong></span> <span class='ocrx_word' id='word_1_200' title='bbox 1337 2060 1444 2112; x_wconf 90' lang='lat' dir='ltr'><strong>sint,</strong></span> <span class='ocrx_word' id='word_1_201' title='bbox 1476 2067 1766 2116; x_wconf 85' lang='lat' dir='ltr'><strong>vegetentur,</strong></span> <span class='ocrx_word' id='word_1_202' title='bbox 1791 2074 1895 2104; x_wconf 89' lang='lat' dir='ltr'><strong>sen-</strong></span> 
     </span>
     <span class='ocr_line' id='line_1_25' title="bbox 258 2136 1897 2193; baseline -0.001 -14"><span class='ocrx_word' id='word_1_203' title='bbox 258 2137 390 2191; x_wconf 92' lang='lat' dir='ltr'><strong>tiant,</strong></span> <span class='ocrx_word' id='word_1_204' title='bbox 415 2136 690 2192; x_wconf 87' lang='lat' dir='ltr'><strong>intelligant.</strong></span> <span class='ocrx_word' id='word_1_205' title='bbox 717 2138 846 2180; x_wconf 90' lang='lat' dir='ltr'><strong>Haec</strong></span> <span class='ocrx_word' id='word_1_206' title='bbox 878 2138 942 2180; x_wconf 87' lang='lat'><strong>2.⁰</strong></span> <span class='ocrx_word' id='word_1_207' title='bbox 973 2144 1145 2193; x_wconf 89' lang='lat' dir='ltr'><strong>puncto</strong></span> <span class='ocrx_word' id='word_1_208' title='bbox 1174 2136 1385 2180; x_wconf 91' lang='lat' dir='ltr'><strong>iubemus</strong></span> <span class='ocrx_word' id='word_1_209' title='bbox 1412 2136 1724 2193; x_wconf 88' lang='lat' dir='ltr'><strong>contemplari,</strong></span> <span class='ocrx_word' id='word_1_210' title='bbox 1755 2137 1897 2179; x_wconf 88' lang='lat' dir='ltr'><strong>solam</strong></span> 
     </span>
     <span class='ocr_line' id='line_1_26' title="bbox 257 2211 1895 2269; baseline -0.001 -14"><span class='ocrx_word' id='word_1_211' title='bbox 257 2212 431 2258; x_wconf 87' lang='lat' dir='ltr'><strong>scilicet</strong></span> <span class='ocrx_word' id='word_1_212' title='bbox 452 2212 539 2256; x_wconf 89' lang='lat' dir='ltr'><strong>Dei</strong></span> <span class='ocrx_word' id='word_1_213' title='bbox 563 2212 796 2265; x_wconf 84' lang='lat' dir='ltr'><strong>uirtutem,</strong></span> <span class='ocrx_word' id='word_1_214' title='bbox 822 2212 1170 2269; x_wconf 87' lang='lat' dir='ltr'><strong>benignitatem,</strong></span> <span class='ocrx_word' id='word_1_215' title='bbox 1197 2227 1412 2265; x_wconf 89' lang='lat' dir='ltr'><strong>amorem,</strong></span> <span class='ocrx_word' id='word_1_216' title='bbox 1438 2212 1595 2255; x_wconf 89' lang='lat' dir='ltr'><strong>diuino</strong></span> <span class='ocrx_word' id='word_1_217' title='bbox 1617 2213 1812 2268; x_wconf 91' lang='lat' dir='ltr'><strong>quodam</strong></span> <span class='ocrx_word' id='word_1_218' title='bbox 1830 2211 1895 2254; x_wconf 92' lang='lat' dir='ltr'><strong>in-</strong></span> 
     </span>
     <span class='ocr_line' id='line_1_27' title="bbox 258 2288 1892 2346; baseline -0.001 -13"><span class='ocrx_word' id='word_1_219' title='bbox 258 2290 412 2334; x_wconf 88' lang='lat' dir='ltr'><strong>finitae</strong></span> <span class='ocrx_word' id='word_1_220' title='bbox 428 2290 543 2333; x_wconf 89' lang='lat' dir='ltr'><strong>lucis</strong></span> <span class='ocrx_word' id='word_1_221' title='bbox 565 2289 691 2333; x_wconf 91' lang='lat' dir='ltr'><strong>radio</strong></span> <span class='ocrx_word' id='word_1_222' title='bbox 708 2289 754 2332; x_wconf 90' lang='lat' dir='ltr'><strong>in</strong></span> <span class='ocrx_word' id='word_1_223' title='bbox 778 2297 1012 2334; x_wconf 87' lang='lat' dir='ltr'><strong>creaturas</strong></span> <span class='ocrx_word' id='word_1_224' title='bbox 1035 2289 1375 2346; x_wconf 91' lang='lat' dir='ltr'><strong>pertingentem</strong></span> <span class='ocrx_word' id='word_1_225' title='bbox 1392 2297 1529 2345; x_wconf 89' lang='lat' dir='ltr'><strong>atque</strong></span> <span class='ocrx_word' id='word_1_226' title='bbox 1546 2288 1892 2343; x_wconf 77' lang='lat' dir='ltr'><strong>inhabitantem,</strong></span> 
     </span>
     <span class='ocr_line' id='line_1_28' title="bbox 256 2365 1895 2422; baseline -0.002 -12"><span class='ocrx_word' id='word_1_227' title='bbox 256 2368 443 2411; x_wconf 90' lang='lat' dir='ltr'><strong>modum</strong></span> <span class='ocrx_word' id='word_1_228' title='bbox 467 2375 634 2420; x_wconf 90' lang='lat' dir='ltr'><strong>tamen,</strong></span> <span class='ocrx_word' id='word_1_229' title='bbox 673 2381 764 2422; x_wconf 89' lang='lat' dir='ltr'><strong>quo</strong></span> <span class='ocrx_word' id='word_1_230' title='bbox 793 2366 840 2409; x_wconf 91' lang='lat' dir='ltr'><strong>in</strong></span> <span class='ocrx_word' id='word_1_231' title='bbox 878 2367 1098 2410; x_wconf 88' lang='lat' dir='ltr'><strong>creaturis</strong></span> <span class='ocrx_word' id='word_1_232' title='bbox 1135 2366 1351 2422; x_wconf 89' lang='lat' dir='ltr'><strong>recipitur</strong></span> <span class='ocrx_word' id='word_1_233' title='bbox 1382 2381 1434 2410; x_wconf 89' lang='lat' dir='ltr'><strong>ac</strong></span> <span class='ocrx_word' id='word_1_234' title='bbox 1462 2373 1727 2422; x_wconf 88' lang='lat' dir='ltr'><strong>perseuerat</strong></span> <span class='ocrx_word' id='word_1_235' title='bbox 1750 2365 1895 2408; x_wconf 83' lang='lat' dir='ltr'><strong>virtus</strong></span> 
     </span>
     <span class='ocr_line' id='line_1_29' title="bbox 255 2442 1894 2500; baseline -0.002 -13"><span class='ocrx_word' id='word_1_236' title='bbox 255 2445 330 2488; x_wconf 89' lang='lat' dir='ltr'><strong>illa</strong></span> <span class='ocrx_word' id='word_1_237' title='bbox 351 2444 522 2497; x_wconf 87' lang='lat' dir='ltr'><strong>diuina,</strong></span> <span class='ocrx_word' id='word_1_238' title='bbox 548 2443 594 2487; x_wconf 92' lang='lat' dir='ltr'><strong>id</strong></span> <span class='ocrx_word' id='word_1_239' title='bbox 617 2443 685 2498; x_wconf 87' lang='lat'><strong>3.⁰</strong></span> <span class='ocrx_word' id='word_1_240' title='bbox 718 2451 906 2499; x_wconf 91' lang='lat' dir='ltr'><strong>puncto,</strong></span> <span class='ocrx_word' id='word_1_241' title='bbox 942 2445 1035 2487; x_wconf 94' lang='lat' dir='ltr'><strong>hoc</strong></span> <span class='ocrx_word' id='word_1_242' title='bbox 1058 2451 1127 2488; x_wconf 88' lang='lat' dir='ltr'><strong>est</strong></span> <span class='ocrx_word' id='word_1_243' title='bbox 1164 2443 1393 2500; x_wconf 89' lang='lat' dir='ltr'><strong>praesenti</strong></span> <span class='ocrx_word' id='word_1_244' title='bbox 1425 2442 1735 2495; x_wconf 88' lang='lat' dir='ltr'><strong>meditatione,</strong></span> <span class='ocrx_word' id='word_1_245' title='bbox 1772 2455 1894 2485; x_wconf 89' lang='lat' dir='ltr'><strong>com-</strong></span> 
     </span>
     <span class='ocr_line' id='line_1_30' title="bbox 255 2518 1892 2578; baseline -0.001 -15"><span class='ocrx_word' id='word_1_246' title='bbox 255 2521 511 2578; x_wconf 87' lang='lat' dir='ltr'><strong>plectimur.</strong></span> <span class='ocrx_word' id='word_1_247' title='bbox 539 2523 672 2577; x_wconf 75' lang='lat' dir='ltr'><strong>Quae</strong></span> <span class='ocrx_word' id='word_1_248' title='bbox 700 2520 872 2564; x_wconf 89' lang='lat' dir='ltr'><strong>creauit</strong></span> <span class='ocrx_word' id='word_1_249' title='bbox 910 2522 1054 2574; x_wconf 91' lang='lat' dir='ltr'><strong>Deus,</strong></span> <span class='ocrx_word' id='word_1_250' title='bbox 1096 2535 1175 2577; x_wconf 91' lang='lat' dir='ltr'><strong>per</strong></span> <span class='ocrx_word' id='word_1_251' title='bbox 1197 2528 1350 2577; x_wconf 86' lang='lat' dir='ltr'><strong>partes</strong></span> <span class='ocrx_word' id='word_1_252' title='bbox 1389 2527 1519 2564; x_wconf 90' lang='lat' dir='ltr'><strong>erant</strong></span> <span class='ocrx_word' id='word_1_253' title='bbox 1541 2518 1724 2576; x_wconf 89' lang='lat' dir='ltr'><strong>quidem</strong></span> <span class='ocrx_word' id='word_1_254' title='bbox 1756 2520 1892 2572; x_wconf 83' lang='lat' dir='ltr'><strong>bona3</strong></span> 
     </span>
     <span class='ocr_line' id='line_1_31' title="bbox 255 2596 1895 2654; baseline -0.001 -13"><span class='ocrx_word' id='word_1_255' title='bbox 255 2600 336 2642; x_wconf 90' lang='lat' dir='ltr'><strong>sed</strong></span> <span class='ocrx_word' id='word_1_256' title='bbox 364 2598 576 2645; x_wconf 83' lang='lat' dir='ltr'><strong>vniuersa</strong></span> <span class='ocrx_word' id='word_1_257' title='bbox 603 2597 752 2650; x_wconf 90' lang='lat' dir='ltr'><strong>simul,</strong></span> <span class='ocrx_word' id='word_1_258' title='bbox 784 2598 904 2641; x_wconf 93' lang='lat' dir='ltr'><strong>bona</strong></span> <span class='ocrx_word' id='word_1_259' title='bbox 934 2599 1080 2642; x_wconf 89' lang='lat' dir='ltr'><strong>valde.</strong></span> <span class='ocrx_word' id='word_1_260' title='bbox 1119 2597 1325 2654; x_wconf 85' lang='lat' dir='ltr'><strong>Singulis</strong></span> <span class='ocrx_word' id='word_1_261' title='bbox 1353 2596 1473 2640; x_wconf 92' lang='lat' dir='ltr'><strong>enim</strong></span> <span class='ocrx_word' id='word_1_262' title='bbox 1501 2596 1720 2640; x_wconf 90' lang='lat' dir='ltr'><strong>creaturis</strong></span> <span class='ocrx_word' id='word_1_263' title='bbox 1747 2596 1895 2652; x_wconf 82' lang='lat' dir='ltr'><strong>perfe-</strong></span> 
     </span>
     <span class='ocr_line' id='line_1_32' title="bbox 255 2673 1893 2731; baseline -0.002 -14"><span class='ocrx_word' id='word_1_264' title='bbox 255 2675 453 2720; x_wconf 85' lang='lat' dir='ltr'><strong>ctionem</strong></span> <span class='ocrx_word' id='word_1_265' title='bbox 476 2675 602 2718; x_wconf 92' lang='lat' dir='ltr'><strong>dedit</strong></span> <span class='ocrx_word' id='word_1_266' title='bbox 623 2674 667 2717; x_wconf 90' lang='lat' dir='ltr'><strong>in</strong></span> <span class='ocrx_word' id='word_1_267' title='bbox 691 2688 776 2718; x_wconf 89' lang='lat' dir='ltr'><strong>suo</strong></span> <span class='ocrx_word' id='word_1_268' title='bbox 797 2688 968 2731; x_wconf 87' lang='lat' dir='ltr'><strong>genere</strong></span> <span class='ocrx_word' id='word_1_269' title='bbox 990 2676 1134 2727; x_wconf 90' lang='lat' dir='ltr'><strong>Deus,</strong></span> <span class='ocrx_word' id='word_1_270' title='bbox 1160 2689 1276 2729; x_wconf 90' lang='lat' dir='ltr'><strong>quae</strong></span> <span class='ocrx_word' id='word_1_271' title='bbox 1293 2676 1497 2717; x_wconf 81' lang='lat' dir='ltr'><strong>facerent</strong></span> <span class='ocrx_word' id='word_1_272' title='bbox 1522 2673 1657 2717; x_wconf 89' lang='lat' dir='ltr'><strong>simul</strong></span> <span class='ocrx_word' id='word_1_273' title='bbox 1673 2686 1893 2716; x_wconf 89' lang='lat' dir='ltr'><strong>summam</strong></span> 
     </span>
     <span class='ocr_line' id='line_1_33' title="bbox 255 2749 1894 2808; baseline -0.003 -13"><span class='ocrx_word' id='word_1_274' title='bbox 255 2760 391 2808; x_wconf 89' lang='lat' dir='ltr'><strong>atque</strong></span> <span class='ocrx_word' id='word_1_275' title='bbox 413 2753 666 2795; x_wconf 89' lang='lat' dir='ltr'><strong>absolutam</strong></span> <span class='ocrx_word' id='word_1_276' title='bbox 704 2759 939 2796; x_wconf 88' lang='lat' dir='ltr'><strong>creaturae</strong></span> <span class='ocrx_word' id='word_1_277' title='bbox 977 2751 1118 2794; x_wconf 92' lang='lat' dir='ltr'><strong>totius</strong></span> <span class='ocrx_word' id='word_1_278' title='bbox 1153 2750 1496 2807; x_wconf 91' lang='lat' dir='ltr'><strong>perfectionem.</strong></span> <span class='ocrx_word' id='word_1_279' title='bbox 1528 2751 1686 2804; x_wconf 86' lang='lat' dir='ltr'><strong>Itaque</strong></span> <span class='ocrx_word' id='word_1_280' title='bbox 1709 2749 1748 2792; x_wconf 90' lang='lat' dir='ltr'><strong>si</strong></span> <span class='ocrx_word' id='word_1_281' title='bbox 1769 2756 1787 2774; x_wconf 78' lang='lat'>³</span> <span class='ocrx_word' id='word_1_282' title='bbox 1812 2750 1894 2791; x_wconf 91' lang='lat' dir='ltr'><strong>has</strong></span> 
     </span>
     <span class='ocr_line' id='line_1_34' title="bbox 255 2826 1888 2884; baseline -0.002 -12"><span class='ocrx_word' id='word_1_283' title='bbox 255 2829 482 2874; x_wconf 88' lang='lat' dir='ltr'><strong>bonitates</strong></span> <span class='ocrx_word' id='word_1_284' title='bbox 503 2843 662 2872; x_wconf 90' lang='lat' dir='ltr'><strong>omnes</strong></span> <span class='ocrx_word' id='word_1_285' title='bbox 684 2829 741 2871; x_wconf 86' lang='lat' dir='ltr'><strong>ad</strong></span> <span class='ocrx_word' id='word_1_286' title='bbox 763 2828 849 2872; x_wconf 93' lang='lat' dir='ltr'><strong>Dei</strong></span> <span class='ocrx_word' id='word_1_287' title='bbox 872 2827 1121 2871; x_wconf 87' lang='lat' dir='ltr'><strong>bonitatem</strong></span> <span class='ocrx_word' id='word_1_288' title='bbox 1151 2835 1198 2871; x_wconf 91' lang='lat' dir='ltr'><strong>et</strong></span> <span class='ocrx_word' id='word_1_289' title='bbox 1226 2827 1556 2884; x_wconf 88' lang='lat' dir='ltr'><strong>perfectionem</strong></span> <span class='ocrx_word' id='word_1_290' title='bbox 1585 2826 1888 2876; x_wconf 89' lang='lat' dir='ltr'><strong>conferamus,</strong></span> 
     </span>
     <span class='ocr_line' id='line_1_35' title="bbox 255 2901 1895 2962; baseline -0.004 -13"><span class='ocrx_word' id='word_1_291' title='bbox 255 2906 364 2962; x_wconf 88' lang='lat' dir='ltr'><strong>quid</strong></span> <span class='ocrx_word' id='word_1_292' title='bbox 387 2914 509 2959; x_wconf 91' lang='lat' dir='ltr'><strong>sunt,</strong></span> <span class='ocrx_word' id='word_1_293' title='bbox 529 2905 616 2947; x_wconf 86' lang='lat'><strong>234</strong></span> <span class='ocrx_word' id='word_1_294' title='bbox 634 2905 803 2961; x_wconf 83' lang='lat' dir='ltr'><strong>quidue</strong></span> <span class='ocrx_word' id='word_1_295' title='bbox 825 2904 932 2948; x_wconf 90' lang='lat' dir='ltr'><strong>boni</strong></span> <span class='ocrx_word' id='word_1_296' title='bbox 957 2905 1026 2948; x_wconf 88' lang='lat' dir='ltr'><strong>vel</strong></span> <span class='ocrx_word' id='word_1_297' title='bbox 1043 2904 1341 2961; x_wconf 84' lang='lat' dir='ltr'><strong>perfectionis</strong></span> <span class='ocrx_word' id='word_1_298' title='bbox 1363 2905 1491 2947; x_wconf 89' lang='lat' dir='ltr'><strong>sunt?</strong></span> <span class='ocrx_word' id='word_1_299' title='bbox 1510 2905 1652 2947; x_wconf 88' lang='lat' dir='ltr'><strong>Porro</strong></span> <span class='ocrx_word' id='word_1_300' title='bbox 1669 2902 1789 2946; x_wconf 90' lang='lat' dir='ltr'><strong>illam</strong></span> <span class='ocrx_word' id='word_1_301' title='bbox 1813 2901 1895 2943; x_wconf 80' lang='lat' dir='ltr'><strong>bo-</strong></span> 
     </span>
    </p>
   </div>
   <div class='ocr_carea' id='block_1_3' title="bbox 260 3012 523 3019">
    <p class='ocr_par' dir='ltr' id='par_1_4' title="bbox 260 3012 523 3019">
     <span class='ocr_line' id='line_1_36' title="bbox 260 3012 523 3019; baseline 0 0"><span class='ocrx_word' id='word_1_302' title='bbox 260 3012 523 3019; x_wconf 95' lang='lat' dir='ltr'><strong> </strong></span> 
     </span>
    </p>
   </div>
   <div class='ocr_carea' id='block_1_4' title="bbox 325 3070 1292 3119">
    <p class='ocr_par' dir='ltr' id='par_1_5' title="bbox 325 3070 1292 3119">
     <span class='ocr_line' id='line_1_37' title="bbox 325 3070 1292 3119; baseline -0.004 -10"><span class='ocrx_word' id='word_1_303' title='bbox 325 3085 342 3101; x_wconf 79' lang='lat' dir='ltr'><strong>a</strong></span> <span class='ocrx_word' id='word_1_304' title='bbox 380 3075 489 3109; x_wconf 85' lang='lat' dir='ltr'><strong>Haec</strong></span> <span class='ocrx_word' id='word_1_305' title='bbox 507 3072 697 3119; x_wconf 83' lang='lat' dir='ltr'><strong>particula</strong></span> <span class='ocrx_word' id='word_1_306' title='bbox 715 3071 878 3107; x_wconf 85' lang='lat' dir='ltr'><strong>inferius</strong></span> <span class='ocrx_word' id='word_1_307' title='bbox 897 3071 1093 3118; x_wconf 88' lang='lat' dir='ltr'><strong>superflue</strong></span> <span class='ocrx_word' id='word_1_308' title='bbox 1113 3070 1292 3107; x_wconf 87' lang='lat' dir='ltr'><strong>iteratur.</strong></span> 
     </span>
    </p>
   </div>
   <div class='ocr_carea' id='block_1_5' title="bbox 1985 321 2098 3470">
    <p class='ocr_par' dir='ltr' id='par_1_6' title="bbox 1985 321 2098 3470">
     <span class='ocr_line' id='line_1_38' title="bbox 1985 321 2098 3470; baseline 0 0"><span class='ocrx_word' id='word_1_309' title='bbox 1985 321 2098 3470; x_wconf 95' lang='lat' dir='ltr'><strong> </strong></span> 
     </span>
    </p>
   </div>
  </div>
 </body>
</html>
