2098 3470
318 249 388 286 218
792 252 945 289 Pla-rius
970 253 1213 290 HmRONYMx
1239 254 1391 290 NADAL

1048 408 1128 450 :3⁶2

1036 535 1131 590 jhs.

747 627 1121 672 INSTRUCTIO
1161 627 1430 674 NATALIS

271 734 405 773 QUAM
445 735 657 765 VIENNAE
695 736 861 775 DEDIT,
903 736 999 774 QUA
1038 737 1274 767 ATTINGIT
1313 738 1690 776 QUEMADMODUM
1729 740 1903 772 NOSTRI

366 812 465 842 CUM
499 804 793 844 HAERETICIS
827 814 887 844 ET
921 814 1227 857 CO'NUERSARI
1262 815 1487 846 DEBEANT
1521 817 1581 846 ET
1614 816 1773 847 AGERE
1798 805 1808 824 ¹

361 894 575 936 Habeant
604 894 779 947 Patres,
811 894 919 938 item
953 895 1030 950 qui
1063 895 1401 949 contionantur,
1437 898 1514 940 uel
1541 897 1711 953 aliquid
1735 897 1905 942 iudicio

271 977 483 1026 possunt,
510 970 754 1014 concilium
780 971 1091 1024 tridentinum,
1119 972 1300 1016 ultimas
1321 973 1639 1017 exercitiorum
1663 975 1845 1031 regulas
1867 976 1902 1028 ²,

270 1054 504 1102 praeterea
526 1047 762 1104 epistolam
785 1049 928 1092 nostri
953 1048 1076 1092 Petri
1099 1048 1234 1092 Fabri
1257 1051 1288 1093 ³.
1322 1051 1658 1095 Commendent
1687 1065 1736 1095 se
1763 1052 1904 1095 deuo·

271 1123 442 1167 tissime
472 1125 571 1167 Deo
599 1124 898 1181 omnipotenti
927 1126 974 1168 in
1002 1125 1236 1169 sacrificiis
1273 1133 1318 1170 et
1354 1127 1650 1180 orationibus,
1687 1134 1736 1170 ut
1772 1127 1818 1170 in
1856 1141 1905 1171 re

271 1200 542 1257 grauissima
564 1208 609 1245 et
631 1216 825 1255 summa,
851 1217 943 1245 non
961 1203 1107 1245 solum
1131 1210 1182 1245 ut
1203 1202 1522 1260 integerrimos
1544 1218 1593 1247 se
1611 1211 1655 1248 et
1672 1204 1899 1260 synceris-

270 1277 407 1320 simos
444 1277 491 1320 in
527 1278 617 1322 fide
654 1285 791 1334 atque
828 1278 1087 1323 obedientia
1129 1280 1348 1324 ecclesiae
1384 1294 1436 1324 ac
1473 1268 1594 1323 sedis
1630 1280 1904 1336 apostolicae

271 1354 546 1408 custodiant,
572 1355 653 1399 sed
675 1362 727 1398 ut
748 1356 941 1412 gratiam
964 1364 1010 1399 et
1032 1357 1271 1400 efficatiam
1299 1365 1533 1413 praeterea
1560 1357 1645 1400 sibi
1673 1357 1902 1414 gratifice-

270 1438 358 1483 tur,
384 1446 473 1487 qua
502 1431 721 1477 adiuuent
749 1441 794 1477 et
822 1433 1083 1486 catholicos,
1111 1441 1160 1476 ut
1188 1433 1531 1477 incontaminati
1554 1441 1901 1486 conseruentur,

268 1516 314 1552 et
336 1508 413 1564 qui
437 1516 599 1552 nutant
628 1516 673 1553 et
701 1509 747 1552 in
777 1509 977 1566 periculo
1008 1518 1264 1563 uersantur,
1299 1517 1348 1554 ut
1377 1511 1718 1563 confirmentur,
1749 1518 1795 1555 et
1827 1509 1903 1566 qui

268 1586 356 1629 iam
378 1586 504 1629 dubii
533 1595 656 1639 sunt,
682 1586 982 1640 instruantur,
1015 1596 1061 1631 et
1089 1587 1166 1643 qui
1189 1595 1341 1643 aperte
1367 1587 1583 1631 haeretici
1613 1595 1735 1640 sunt,
1767 1594 1819 1630 ut
1847 1588 1903 1630 ad

268 1663 403 1706 fidem
434 1670 479 1707 et
507 1663 719 1707 unionem
751 1663 1036 1707 obedientiae
1068 1665 1360 1717 reducantur,
1397 1665 1470 1708 uel
1502 1664 1806 1720 impediantur
1845 1678 1905 1708 ne

267 1747 417 1796 serpat
434 1755 590 1784 eorum
609 1740 871 1796 peruicatia,
893 1749 940 1784 ut
957 1749 974 1766 ³
991 1755 1152 1785 cancer
1172 1742 1204 1794 ⁴,
1223 1742 1296 1786 uel
1314 1741 1517 1798 legitime
1535 1745 1833 1785 coerceantur
1851 1754 1903 1783 ac

268 1816 568 1873 castigentur:
593 1817 719 1870 item,
746 1833 803 1861 ne
832 1817 932 1859 libri
962 1832 1118 1862 eorum
1143 1819 1215 1862 uel
1247 1819 1504 1862 uendantur
1533 1818 1606 1861 uel
1628 1818 1901 1871 habeantur,

269 1900 314 1937 et
337 1900 388 1936 ut
411 1894 549 1937 semel
571 1893 764 1946 dicatur,
790 1901 840 1936 ut
862 1894 1155 1951 integerrime
1176 1902 1313 1950 atque
1335 1893 1699 1938 constantissime
1715 1894 1828 1937 fides
1850 1907 1905 1937 ac

271 1970 533 2014 obedientia
555 1970 772 2015 ecclesiae
794 1978 840 2014 et
863 1971 983 2015 sedis
1001 1971 1275 2028 apostolicae
1291 1978 1607 2024 conseruetur,
1627 1985 1680 2014 ac
1696 1985 1795 2024 suo,
1815 1972 1903 2013 hoc

270 2054 356 2100 est,
382 2047 539 2090 diuino
562 2047 748 2100 lumine,
774 2049 1007 2104 effulgeat.

359 2125 560 2168 Vtantur
582 2124 891 2178 deuotissime,
924 2140 977 2168 ac
1005 2125 1071 2168 uti
1103 2125 1216 2169 alios
1244 2126 1437 2168 doceant
1468 2125 1519 2181 (si
1548 2124 1658 2168 alias
1687 2123 1904 2180 unquam)

340 2283 357 2300 a
406 2273 480 2309 Ms.
499 2276 548 2309 et.

340 2410 351 2430 ¹
402 2411 460 2445 Ex
479 2411 701 2457 apographo
715 2421 876 2455 coaeVO‚
892 2410 931 2445 in
946 2409 1080 2445 codice
1094 2411 1286 2448 Instruct.
1303 2411 1337 2452 1,
1353 2421 1423 2445 sex
1438 2409 1556 2454 foliis,
1579 2407 1728 2454 127-131
1746 2405 1904 2452 (13-17).

267 2468 524 2504 Vindobonae
542 2470 641 2504 hanc
660 2468 957 2504 instructionem
975 2480 996 2504 a
1014 2469 1144 2504 Natali
1161 2468 1291 2504 datam
1310 2467 1447 2514 fuisse,
1463 2479 1512 2503 ex
1532 2467 1654 2514 ipsius
1674 2466 1787 2501 titulo
1805 2465 1906 2501 erui-

267 2533 343 2564 tur.
360 2529 421 2563 De
439 2534 615 2576 tempore
633 2539 710 2564 non
728 2533 895 2574 constat,
912 2540 1000 2563 nam
1015 2527 1271 2563 Vindobonae
1287 2533 1346 2563 ter
1360 2527 1538 2562 Natalem
1554 2526 1796 2561 diversatum
1811 2523 1906 2560 fuis-

267 2598 311 2622 se
330 2599 378 2622 ex
397 2587 521 2635 ipsius
539 2587 682 2623 litteris
700 2587 860 2633 scimus,
879 2587 991 2622 annis
1016 2587 1168 2622 seilicet
1189 2594 1293 2632 1555,
1315 2587 1404 2631 1562
1431 2591 1470 2621 et
1491 2585 1594 2630 1566.

338 2647 381 2682 In
399 2658 567 2694 quanam
593 2658 687 2682 vero
712 2658 761 2682 ex
785 2646 892 2682 hisee
918 2646 1043 2682 tribus
1073 2645 1370 2682 lustrationibus
1400 2657 1446 2681 ea
1476 2644 1623 2680 monita
1648 2644 1736 2680 data
1760 2643 1906 2679 fuerint

269 2705 508 2751 ignoramus.

338 2767 352 2787 2
403 2765 447 2800 Id
465 2770 540 2810 est,
569 2764 654 2800 illas
678 2765 848 2810 regulas,
873 2764 1015 2811 quibus
1040 2765 1103 2799 hic
1127 2764 1265 2799 titulus
1291 2762 1508 2799 incribitur:
1537 2763 1735 2808 «Regulae
1759 2761 1908 2808 aliquot

271 2824 503 2871 servandae,
523 2829 566 2860 ut
582 2836 672 2860 cum
691 2823 903 2859 orthodoxa
922 2824 1098 2859 Ecclesia
1115 2823 1371 2859 sentiamus.»

340 2883 354 2903 ⁵
404 2882 594 2930 Epistola,
614 2882 813 2926 videlicet,
828 2882 877 2917 de
892 2882 1042 2918 ratione
1056 2881 1225 2917 tenenda
1240 2882 1279 2917 in
1292 2880 1562 2917 conversando
1575 2892 1664 2916 cum
1679 2878 1908 2922 haereticis,

267 2941 316 2975 ad
335 2953 402 2977 eos
421 2954 470 2976 ex
496 2941 692 2977 erroribus
719 2941 768 2977 ad
791 2941 999 2977 veritatem
1024 2940 1285 2977 adducendos.
1319 2942 1421 2976 Data
1447 2940 1520 2975 fuit
1552 2939 1702 2984 Lainio,
1733 2937 1903 2984 Matrito,

264 2999 329 3035 die
347 3009 369 3045 7
388 3001 516 3037 Martii
537 3001 641 3046 1546.
657 3000 719 3040 Cf.
743 3000 889 3036 cartas
902 3012 927 3046 y
942 3004 1048 3036 οἰνος
1061 3001 1222 3037 escritos
1235 3001 1299 3036 del
1318 3001 1367 3035 Β.
1389 3001 1438 3035 Ρ.
1460 3000 1592 3035 Pedro
1611 2998 1758 3040 Fabro,
1772 2998 1802 3043 Ι,
1819 3004 1906 3043 295.

339 3062 354 3082 ⁴
405 3069 426 3095 2
443 3061 552 3103 Tm„
574 3061 624 3104 Il,
642 3068 697 3105 17.

2075 2344 2098 2701 .ῖ>1-“’Λ·,·ῆ’.1.η4.ἑ,ᾑ·υ<,,
2078 2295 2098 2310 ὲ.
2088 2243 2098 2252 ,ἡ
2085 2146 2098 2214 r

2062 2992 2081 3008 ἦ
2068 2967 2075 2974 ’
2075 2931 2079 2935 ”
2067 2907 2074 2923 '⁴
2064 2872 2087 2897 '⁴2⁴'
2067 2832 2088 2866 ἢ*
2071 2797 2090 2826 ‘Cf-⁴
2072 2778 2091 2792 'i
2067 2754 2092 2772 ’ἒ
2072 2710 2094 2748 «ι’-,4
2074 2688 2083 2702 ⁴
