2098 3470
300 235 371 273 554
770 230 926 267 PATms
953 231 1196 268 Humolwm
1222 232 1373 268 NADAL

249 344 341 372 non
364 330 420 372 de
443 345 490 373 re
528 338 650 374 certa
687 331 984 389 interrogatio
1021 334 1113 384 fiat,
1154 334 1235 377 sed
1270 333 1315 376 in
1339 333 1600 379 Vniuersum
1640 342 1687 377 vt
1713 336 1884 391 aliquid

250 407 442 450 afferant
468 409 625 452 Patres
652 415 697 452 et
722 409 898 462 fratre-s,
935 424 1049 465 quae
1078 409 1163 452 sibi
1192 410 1469 454 videbuntur
1500 426 1600 456 esse
1636 412 1806 468 optima
1827 414 1882 457 ad

258 484 456 526 fructum
479 484 757 540 spiritualem
781 485 826 528 in
850 494 1003 529 nostra
1025 486 1278 544 vocatione.

814 619 876 648 DE
900 618 1321 649 RECREATIONIBUS

337 715 519 772 Triplex
551 715 595 759 in
628 717 831 773 collegiis
869 716 1134 759 conceditur
1166 717 1399 760 recreatio:
1437 732 1526 762 una
1558 733 1584 761 a
1616 719 1806 775 prandio
1837 726 1884 763 et

245 805 392 836 coena
421 793 506 838 506
529 808 610 850 per
637 809 773 837 vnam
801 803 819 820 ²
847 796 1022 846 horam;
1055 793 1142 836 alia
1171 793 1363 850 singulis
1389 795 1685 838 hebdomadis
1713 795 1885 851 aliquot

244 869 368 912 horis
395 877 440 913 et
468 878 572 916 ante
601 878 645 916 et
675 880 775 927 post
808 871 1061 927 prandium.
1096 872 1151 913 Et
1183 873 1267 915 hae
1297 871 1477 926 quidem
1508 879 1614 915 sunt
1635 872 1878 926 ordinarie;

243 946 374 990 tertia
397 955 465 990 est
487 948 855 1000 extraordinaria,
882 962 997 1003 quae
1019 949 1152 990 datur
1175 954 1355 1004 propter
1374 948 1688 993 necessitatem
1707 950 1778 994 vel
1795 949 1881 993 vti-

243 1024 415 1067 litatem
439 1033 565 1068 extra
588 1026 789 1069 ordinem
813 1032 1142 1080 emergentem.

331 1100 418 1145 Die
439 1101 634 1154 veneris,
658 1116 763 1145 cum
786 1117 876 1144 non
899 1102 949 1144 fit
972 1116 1128 1153 coena,
1155 1101 1390 1156 recreatio,
1415 1115 1532 1157 quae
1560 1117 1591 1145 a.
1615 1116 1758 1146 coena
1785 1103 1883 1147 fieri

242 1178 372 1231 solet,
397 1178 482 1222 erit
504 1178 763 1222 dimidiatae
786 1181 936 1230 horae,
958 1178 1034 1233 qui
1053 1178 1215 1221 modus
1233 1178 1367 1222 etiam
1385 1179 1702 1222 obseruabitur
1718 1179 1880 1224 diebus

243 1254 417 1299 ieiunii.

330 1331 674 1376 Substituantur
697 1332 986 1376 recreationis
1009 1340 1211 1387 tempore
1233 1322 1493 1387 frequenter
1511 1332 1664 1388 aliqui,
1687 1347 1881 1388 quorum

239 1422 376 1465 opera
397 1409 459 1451 illi
482 1410 777 1453 subleuentur
800 1409 1092 1462 sufficienter,
1118 1409 1195 1464 qui
1212 1423 1397 1452 suorum
1415 1409 1665 1453 officiorum
1684 1409 1876 1464 ratione,

239 1485 499 1530 ministeriis
521 1501 752 1541 nunquam
774 1486 1059 1539 intermissis,
1086 1486 1280 1542 collegio
1303 1485 1567 1539 inseruient,
1593 1487 1750 1542 quales
1772 1494 1878 1531 sunt

239 1562 526 1606 coadiutores
549 1564 833 1619 temporales,
859 1571 907 1605 vt
929 1571 974 1605 et
997 1562 1081 1618 ipsi
1104 1562 1371 1607 recreationi
1393 1563 1622 1608 intersint.

327 1641 607 1684 Recreentur
629 1641 789 1684 fratres
811 1639 857 1682 in
879 1654 985 1693 vno,
1012 1640 1084 1682 vel
1106 1640 1285 1682 duobus
1305 1640 1431 1693 locis,
1456 1640 1494 1682 si
1518 1647 1671 1684 tantus
1699 1640 1757 1683 sit
1785 1656 1876 1685 nu—

238 1731 390 1760 merus
421 1716 626 1768 fratrum,
658 1724 792 1772 prout
821 1716 1118 1768 ordinabitur3
1150 1723 1195 1759 et
1223 1717 1312 1759 hoc
1334 1731 1425 1759 non
1448 1715 1505 1759 sit
1527 1716 1768 1771 incertum,
1795 1718 1876 1762 sed

238 1792 296 1835 sit
317 1800 470 1837 certus
492 1800 537 1838 et
559 1794 802 1849 deputatus
825 1794 970 1846 locus,
1002 1807 1091 1848 quo
1121 1792 1399 1837 conueniant
1429 1794 1587 1837 Patres
1617 1808 1669 1837 ac
1701 1795 1877 1847 fratres,

211 1921 214 1924 ι
239 1869 423 1913 nouitiis
444 1871 679 1913 dumtaxat
701 1877 745 1914 et
769 1870 1077 1926 superioribus
1101 1870 1190 1914 507
1213 1870 1429 1926 exceptis,
1456 1871 1536 1915 sed
1554 1870 1654 1913 uice
1673 1871 1880 1927 superio-

241 1962 343 1990 rum
367 1947 542 2003 syndici
565 1947 731 1990 occulti
753 1949 1064 1990 obseruabunt
1088 1947 1195 2003 quid
1219 1954 1383 2004 agatur
1401 1955 1446 1992 et
1464 1948 1877 2008 referent,ltametsi

237 2024 495 2080 superiores
516 2038 857 2079 nonnumquam
880 2024 1151 2068 recreationi
1174 2031 1390 2080 poterunt
1412 2023 1646 2068 interesse.

326 2103 376 2144 In
399 2101 826 2145 conuersationibus
848 2109 1007 2144 curent
1029 2101 1300 2157 superiores,
1333 2108 1381 2143 vt
1410 2101 1494 2164 illi,
1521 2101 1598 2157 qui
1630 2102 1875 2157 profecisse

237 2179 464 2230 videntur,
490 2185 628 2235 agant
650 2192 754 2221 cum
777 2177 846 2230 iis,
872 2193 985 2234 quos
1007 2178 1355 2222 conuersatione
1377 2178 1534 2221 iuuare
1556 2178 1747 2234 possint;
1774 2185 1819 2221 et
1836 2179 1877 2222 si

237 2262 396 2309 essent,
411 2254 548 2310 aliqui
570 2255 687 2299 inter
709 2255 885 2309 fratres,
916 2255 992 2311 qui
1021 2270 1112 2298 non
1140 2255 1406 2299 iuuarentur
1436 2262 1493 2299 ex
1525 2254 1878 2298 conuersatione

239 2333 512 2388 aliquorum,
536 2332 767 2389 expediret
796 2332 881 2375 illis
909 2334 1015 2376 dare
1044 2333 1347 2388 chirographa
1375 2339 1566 2384 secreta,
1600 2332 1748 2387 qualia
1777 2331 1877 2375 dari

237 2411 385 2455 solent
406 2409 606 2463 nouitiis,
626 2411 683 2452 ad
700 2410 1016 2453 necessitatem
1033 2417 1317 2465 praesentem
1335 2410 1692 2454 accommodata.
1713 2408 1763 2453 Si
1784 2423 1877 2452 non

238 2488 468 2532 sufficeret
491 2485 753 2539 admonitio,
774 2485 1095 2541 poenitentiam
1118 2485 1253 2528 etiam
1277 2493 1496 2529 secretam
1520 2484 1784 2529 confessarii
1803 2484 1874 2529 his

237 2572 428 2620 possunt
465 2564 590 2617 dare,
632 2571 727 2606 tum
763 2563 899 2606 etiam
937 2563 1209 2619 superiores,
1246 2562 1283 2606 si
1321 2577 1413 2605 non
1450 2570 1688 2606 seruarent
1725 2561 1876 2605 chiro-

239 2643 484 2699 graphum.
770 2694 775 2702 ι

326 2719 499 2763 Nouitii
521 2719 755 2762 habebunt
781 2717 974 2773 separati
997 2718 1052 2760 ab
1076 2716 1173 2759 aliis
1190 2731 1318 2759 suam
1338 2710 1749 2768 recreationem,'vt
1767 2714 1875 2758 alibi

237 2796 424 2839 dicitur.

327 2875 390 2918 Vt
411 2875 544 2918 detur
565 2872 715 2929 aliqua
736 2871 863 2928 quies
885 2878 931 2916 et
952 2870 1169 2914 auxilium
1192 2870 1262 2923 iis,
1292 2869 1370 2925 qui
1398 2877 1679 2926 occupantur
1707 2869 1754 2912 in
1786 2868 1869 2911 mi‘

237 2950 434 2994 nisteriis
450 2949 776 3007 spiritualibus,
796 2948 905 2992 vtile
922 2947 1023 3002 erit,
1043 2948 1081 2991 si
1097 2946 1261 3003 quouis
1278 2961 1397 2990 anno
1414 2946 1459 2989 hi
1481 2960 1655 2999 omneS,
1680 2945 1874 2990 diuersis

309 3056 327 3073 a
376 3058 456 3081 vna
477 3056 550 3082 mS.
