2098 3470
786 255 1218 294 Ins-rnucrxonEs-—ot
1701 253 1771 300 513

278 400 354 442 413
598 408 661 438 DE
689 401 930 438 GENERALI
960 405 1142 436 ORmNE
1171 404 1397 436 comazon

280 515 394 557 Post
420 512 609 570 primam
637 527 863 564 mensam,
892 526 983 555 vna
1009 512 1124 554 hora
1148 510 1284 555 detur
1303 509 1445 565 quieti
1467 510 1679 565 colloquii
1702 510 1820 554 inte·

190 605 291 648 gra,
321 591 379 633 ad
406 589 538 642 cuius
566 589 703 634 finem
736 590 942 646 pulsetur
967 586 1186 644 receptui.
1218 586 1323 630 Alia
1349 588 1460 630 hora
1495 586 1660 642 quietis
1685 587 1821 630 datur

184 668 273 724 'pro
294 667 496 712 secunda
517 681 690 719 mensa,
715 666 773 710 ad
793 664 925 709 cuius
946 664 1082 710 etiam
1094 664 1231 707 finem
1253 664 1475 720 pulsanda
1491 663 1576 708 erit
1598 664 1821 707 manualis

192 744 477 800 campanula.

279 820 502 864 Absoluta
523 819 693 876 quiete,
720 819 940 876 recipiant
959 833 1010 863 se
1030 818 1077 860 in
1099 833 1182 861 sua
1211 817 1422 861 cubicula
1447 825 1493 861 et
1520 817 1616 860 suis
1647 804 1820 873 tempo-

193 898 320 941 ribus
341 898 520 941 scholas
542 897 722 940 adeant.
1230 895 1232 897 ’

281 975 420 1030 Quod
435 973 552 1017 inter
568 973 766 1029 quietem
784 979 884 1029 post
898 986 1086 1016 coenam
1097 979 1143 1015 et
1154 986 1347 1016 examen
1365 971 1570 1016 intererit
1588 971 1820 1028 temporis,

193 1051 330 1095 debet
351 1050 513 1094 studiis
533 1049 748 1106 impendi.

282 1128 474 1180 Diebus,
504 1127 670 1183 quibus
698 1141 783 1170 nec
810 1125 979 1183 legitur
1001 1141 1085 1170 nec
1115 1125 1439 1171 recreationem
1468 1133 1615 1182 agunt
1643 1126 1821 1178 fratres,

194 1212 340 1248 totum
358 1211 552 1261 tempus,
573 1205 694 1261 quod
712 1218 803 1247 non
821 1203 1074 1247 insumetur
1089 1203 1136 1245 in
1154 1203 1386 1246 auditione
1403 1203 1583 1256 missae,
1604 1203 1822 1255 oratione,

193 1281 431 1326 audiendis
446 1280 743 1324 concionibus
764 1288 811 1325 et
830 1279 1102 1324 lectionibus
1119 1279 1275 1334 sacris,
1294 1279 1477 1324 dabitur
1494 1280 1656 1324 studiis
1672 1280 1826 1323 litera-

194 1373 311 1402 rum:
335 1372 422 1402 nec
444 1365 596 1402 tamen
618 1357 860 1413 quicquam
884 1357 1098 1414 temporis
1119 1357 1191 1400 vel
1212 1357 1359 1401 somni
1380 1358 1452 1401 vel
1475 1357 1640 1413 quietis
1657 1357 1827 1400 vtrius-

196 1449 286 1492 que
308 1435 443 1479 detur
463 1434 640 1478 studiis.

283 1510 659 1563 DieJecreationi
681 1511 923 1563 destinato,
947 1510 994 1553 id
1015 1518 1084 1555 est
1105 1525 1209 1554 cum
1232 1512 1407 1554 nullum
1437 1513 1601 1555 festum
1629 1511 1828 1555 occurrit

195 1589 243 1632 in
262 1589 564 1641 hebdomada,
589 1589 712 1644 quod
733 1588 1009 1631 seruandum
1031 1587 1106 1642 sit,
1130 1595 1294 1632 exeant
1315 1595 1391 1635 414
1413 1587 1574 1633 Patres
1599 1596 1645 1632 et
1668 1591 1829 1632 fratres

195 1665 243 1708 in
259 1679 443 1722 campos
463 1666 536 1709 vel
557 1665 603 1707 in
625 1667 808 1708 hortum
830 1666 901 1709 vel
926 1664 1120 1718 vineam,
1145 1664 1181 1708 si
1203 1680 1307 1709 eum
1331 1667 1481 1709 locum
1503 1666 1713 1710 habuerit
1736 1667 1829 1709 col-

195 1742 383 1799 legium3
408 1743 479 1786 vel
502 1741 638 1786 etiam
656 1749 871 1785 maneant
886 1741 1024 1794 domi,
1044 1741 1082 1784 si
1100 1741 1163 1785 ita
1180 1749 1358 1799 tempus
1374 1742 1544 1800 exigat,
1564 1743 1691 1786 iuxta
1706 1745 1829 1799 quod

196 1826 344 1862 rector
363 1818 584 1872 censebit,
608 1826 654 1862 et
677 1826 958 1870 recreentur,
989 1826 1039 1861 vt
1066 1819 1203 1865 moris
1230 1828 1315 1862 est.
1344 1820 1659 1877 Egredientes,
1680 1821 1832 1864 mittat

195 1910 275 1940 eos
296 1902 444 1940 rector
463 1896 535 1938 vel
558 1895 762 1940 minister
783 1895 915 1938 binos
936 1896 1008 1938 vel
1037 1903 1190 1940 ternos
1216 1910 1297 1953 per
1324 1896 1579 1950 interualla,
1612 1913 1668 1942 ne
1696 1898 1831 1941 simul

195 1987 355 2017 omnes
375 1972 604 2025 incedant,
629 1971 784 2015 habita
805 1971 941 2016 etiarn
965 1972 1138 2016 ratione
1161 1980 1209 2015 vt
1231 1973 1364 2017 simul
1392 1974 1498 2027 sint,
1531 1975 1608 2030 qui
1635 1990 1684 2018 se
1712 1975 1830 2018 invi-

197 2064 298 2094 cem
319 2049 538 2093 adiuuare
560 2049 750 2105 possint.

284 2125 370 2171 Die
393 2126 523 2178 festo,
548 2126 626 2181 qui
647 2126 765 2169 intra
785 2126 1114 2169 hebdomadam
1130 2126 1354 2180 inciderit,
1374 2136 1420 2172 et
1437 2130 1535 2173 vice
1551 2130 1640 2174 diei
1658 2145 1832 2174 recrea-

199 2202 351 2254 tionis,
370 2202 448 2258 qui
465 2202 620 2247 haberi
636 2204 766 2255 solet,
787 2202 999 2258 quoniam
1017 2217 1149 2246 mane
1166 2204 1343 2257 concio,
1364 2220 1390 2248 a
1411 2207 1600 2262 prandio
1618 2222 1834 2264 vesperae

201 2287 382 2324 nostrae
397 2287 576 2323 nostros
592 2279 876 2333 detinebunt,
897 2294 1054 2335 parum
1074 2282 1285 2337 temporis
1302 2283 1522 2338 supererit
1539 2285 1596 2326 ad
1614 2285 1834 2328 deambu-

201 2357 404 2410 landum3
428 2356 674 2400 videndum
696 2364 845 2400 tamen
868 2365 938 2400 est
959 2364 1009 2399 vt
1031 2357 1178 2413 aliqua
1200 2357 1287 2402 illis
1308 2360 1530 2404 recreatio
1552 2362 1686 2405 detur
1714 2362 1837 2404 intus

202 2433 276 2478 vel
291 2433 418 2487 foris,
442 2435 592 2489 quoad
608 2433 707 2477 eius
722 2434 820 2478 fieri
838 2433 1017 2489 poterit,
1039 2434 1111 2477 vel
1127 2435 1312 2479 omnino
1328 2436 1442 2480 alius
1464 2438 1723 2494 assignetur
1739 2438 1838 2482 dies

204 2510 508 2562 recreationis,
533 2511 692 2555 saltem
714 2526 742 2554 a
762 2510 967 2567 prandio,
993 2518 1039 2554 et
1059 2511 1105 2554 id
1126 2511 1306 2567 quidem
1330 2514 1370 2556 si
1391 2514 1552 2557 vnicus
1574 2515 1670 2558 dies
1694 2517 1837 2558 festus

205 2587 454 2632 occurrerit
474 2586 519 2629 in
537 2587 835 2631 hebdomade.
857 2589 973 2631 Nam
990 2587 1028 2630 si
1044 2588 1152 2642 duo,
1172 2603 1263 2633 non
1281 2589 1366 2634 erit
1383 2592 1684 2635 necessarium
1704 2592 1836 2634 aliam

208 2663 533 2709 recreatiOnem
554 2663 666 2717 dari,
692 2678 860 2720 paruae
880 2663 1000 2708 enirn
1022 2665 1139 2708 duae
1160 2680 1186 2709 e
1207 2667 1409 2722 vesperis
1431 2675 1499 2710 sat
1521 2677 1654 2711 erunt
1677 2677 1708 2711 ³.

297 2745 372 2789 415
408 2739 711 2784 Vacationum
750 2748 952 2796 tempore
985 2742 1122 2784 rebus
1157 2742 1335 2786 duabus
1372 2743 1456 2787 erit
1494 2745 1837 2798 attendendum,

211 2818 438 2862 nimirum:
462 2817 684 2874 profectui
706 2817 942 2874 spirituali,
968 2825 1014 2861 et
1035 2818 1318 2872 recreationi,
1345 2834 1396 2863 ac
1421 2821 1748 2876 recuperationi
1771 2821 1842 2863 vi-

211 2895 327 2939 rium
349 2893 667 2950 corporalium.
690 2895 867 2949 Itaque,
894 2893 971 2949 qui
999 2894 1290 2951 spiritualiter
1319 2896 1604 2952 indigebunt,
1637 2898 1706 2940 his
1729 2897 1844 2940 ratio

285 3071 304 3089 a
351 3070 373 3106 7
393 3062 463 3096 ult.
485 3062 604 3096 verba
623 3059 754 3095 addita
772 3060 980 3106 posterius,

395 3125 510 3154 Εινιετ.
531 3126 568 3154 P.
590 3125 724 3160 ΝΑυΑι,
744 3126 828 3154 τοιι.Δ
840 3124 904 3154 IV.
1635 3128 1670 3155 34
