2098 3470
779 204 1214 244 Insruucnousss-‹sr
1697 202 1763 249 581

174 316 319 365 atque
339 308 631 365 expugnatis,
655 307 880 353 mansueti
901 320 955 350 ac
976 305 1123 366 pacati
1145 305 1303 357 simus,
1338 311 1434 348 tum
1463 305 1510 347 in
1538 305 1684 357 nobis,
1715 312 1812 348 tum

181 399 293 442 erga
314 385 443 430 alioS.
467 386 534 428 Ita
554 385 649 436 fiet,
674 393 724 427 vt
746 385 923 429 animus
939 390 1095 426 noster
1108 381 1367 426 dominetur
1384 381 1575 426 terrenis
1591 396 1643 425 ac
1665 381 1812 425 noxiis

143 470 146 472 “
180 462 409 514 omnibus,
433 469 570 517 atque
590 461 865 518 imperfectis
885 459 1257 518 cogitationibus,
1287 474 1372 503 nec
1394 458 1482 502 illis
1505 473 1552 502 se
1580 459 1807 510 subiiciat,

181 539 263 583 sed
285 546 448 583 terram
471 538 726 582 viuentium
747 538 990 594 possideat.

271 614 426 658 «Beati
449 614 527 670 qui
547 615 726 670 lugent,
751 614 963 670 quoniam
986 613 1071 670 ipsi
1092 614 1495 657 consolabuntur.»
1532 613 1635 655 Non
1664 613 1808 655 solum

178 699 368 749 peccata
389 699 543 735 nostra
564 692 821 747 lugeamus,
846 693 1023 743 fratres,
1048 691 1129 735 sed
1145 698 1192 734 et
1213 689 1537 746 proximorum,
1563 689 1687 732 iuxta
1709 689 1811 732 finis

178 768 324 812 nostri
346 768 582 822 rationem;
607 769 715 812 hinc
736 769 856 812 enim
878 774 1185 823 consequetur
1205 766 1452 823 spiritualis
1468 766 1732 818 consolatio,
1758 781 1811 809 ac

172 845 395 902 gaudium
417 845 464 888 in
485 846 659 902 Spiritu
681 853 856 891 sanem.

269 922 425 966 «Beati
447 923 525 977 qui
546 923 753 971 esuriunt
774 930 821 967 et
842 922 1000 966 sitiunt
1021 921 1263 974 iusticiam,
1288 921 1501 976 quoniam
1523 921 1608 976 ipsi
1630 930 1809 964 satura-

174 999 387 1044 buntur.»
413 1000 616 1044 Salutem
639 1008 686 1043 et
706 1000 1030 1056 perfectionem
1052 998 1187 1042 simul
1208 1006 1255 1043 et
1277 1005 1481 1041 nostram
1509 1006 1555 1040 et
1578 998 1809 1054 proximo-

172 1089 295 1127 rum,
319 1076 376 1119 ad
400 1075 613 1120 maiorem
636 1076 722 1120 Dei
744 1076 934 1133 gloriam
955 1076 1019 1118 ita
1040 1082 1324 1132 appetamus,
1346 1089 1399 1118 ac
1416 1075 1454 1118 si
1477 1075 1608 1118 cibus
1630 1075 1668 1118 is
1690 1082 1811 1119 esset

173 1159 331 1195 noster
352 1159 399 1195 et
418 1160 570 1208 potus,
596 1168 686 1196 non
710 1154 854 1196 solum
876 1152 1138 1209 spiritualis,
1163 1152 1243 1195 sed
1265 1152 1511 1208 corporalis
1533 1152 1685 1205 etiam,
1718 1166 1810 1208 quo

173 1228 276 1272 loco
295 1235 343 1272 et
364 1243 465 1273 esse
486 1230 622 1273 debet
642 1238 780 1285 atque
807 1229 1070 1273 existimari:
1101 1237 1255 1274 noster
1276 1233 1346 1277 571
1369 1229 1444 1272 hic
1470 1229 1531 1273 sit
1555 1229 1702 1282 cibus,
1728 1244 1808 1272 no-

170 1312 267 1351 ster
287 1314 440 1363 potus,
467 1313 623 1350 nostra
645 1307 754 1349 vita:
779 1307 923 1363 pariet
942 1309 1054 1351 haec
1081 1307 1254 1351 esuries
1285 1306 1332 1349 in
1364 1306 1510 1359 nobis,
1546 1308 1660 1351 haec
1692 1307 1806 1361 sitis,

168 1382 420 1438 spiritualis
441 1383 532 1426 cibi
553 1390 598 1426 et
620 1391 757 1440 potus
780 1383 1072 1428 refectionem
1095 1398 1148 1427 ac
1168 1382 1371 1428 diuinam
1393 1384 1696 1428 saturitatem.

265 1460 420 1504 «Beati
442 1460 775 1514 misericordes,
800 1461 1014 1516 quoniam
1036 1460 1121 1517 ipsi
1144 1460 1499 1504 misericordiam
1523 1476 1807 1517 consequen-

168 1543 292 1580 tur‚»
317 1538 416 1580 Nec
439 1537 512 1581 his
532 1537 675 1580 simus
703 1538 905 1582 contenti
933 1537 1183 1590 desideriis,
1214 1539 1295 1581 sed
1323 1538 1399 1581 illa
1427 1539 1718 1582 conferamus
1750 1538 1807 1581 ad

172 1613 506 1658 misericordiae
526 1614 718 1659 eximiae
748 1615 929 1658 virtutis
965 1614 1250 1668 exercitium;
1283 1631 1370 1660 nec
1397 1617 1632 1659 doleamus
1659 1617 1807 1659 solum

168 1691 229 1736 de
250 1690 380 1734 malis
401 1705 454 1734 ac
476 1692 676 1747 peccatis
699 1691 863 1734 nostris
884 1706 936 1735 ac
959 1691 1168 1748 proximi,
1191 1693 1272 1736 sed
1294 1692 1430 1737 etiarn
1458 1694 1516 1736 de
1537 1691 1610 1736 his
1638 1694 1808 1737 habea-

164 1781 271 1812 mus
312 1768 672 1824 compassionem
711 1767 915 1811 intimam
958 1775 1095 1823 atque
1136 1769 1366 1812 efficacem
1380 1804 1390 1823 ,
1435 1780 1554 1825 quae
1595 1769 1808 1813 videlicet

168 1845 318 1896 faciat,
343 1852 408 1897 vt,
440 1860 532 1888 non
562 1846 708 1888 solum
736 1860 818 1902 pro
841 1845 1058 1902 proximis
1086 1845 1252 1890 nostris
1280 1861 1478 1899 oremus,
1504 1861 1660 1890 eorum
1689 1848 1807 1890 mala

162 1921 383 1974 miserati,
408 1923 488 1966 sed
510 1937 594 1979 pro
616 1937 774 1967 eorum
797 1922 995 1979 peccatis
1016 1930 1062 1967 et
1085 1923 1170 1967 alia
1199 1924 1476 1980 penitentiae
1507 1938 1643 1981 opera
1666 1924 1806 1968 facia-

164 2013 285 2052 mus,
326 2006 373 2042 et
409 2000 651 2051 bonorum,
691 1999 822 2055 siqua
858 2008 966 2042 sunt
1002 1999 1048 2042 in
1085 2000 1220 2044 nobis
1256 2001 1303 2043 in
1336 2001 1537 2054 Christo,
1576 2002 1805 2058 proximos

164 2074 385 2118 faciamus
407 2075 665 2131 participes.
692 2075 792 2120 Fiet
813 2078 869 2118 ha
878 2077 935 2119 ud
958 2076 1096 2120 dubie
1112 2083 1162 2119 vt
1178 2091 1205 2120 a
1222 2077 1407 2121 Christo
1417 2079 1529 2135 Jesu
1547 2078 1805 2122 misericor—

161 2146 284 2195 diam
307 2165 658 2207 consequamur,
682 2162 728 2195 et
755 2153 1008 2196 sentiamus
1036 2168 1220 2197 manum
1249 2154 1433 2198 Domini
1462 2155 1727 2199 adiutricem
1758 2156 1803 2198 in

162 2228 588 2285 opportunitatibus
608 2230 653 2273 in
676 2229 967 2274 necessitate.

254 2310 340 2354 572
374 2306 531 2351 «Beati
569 2307 741 2349 mundo
777 2307 930 2359 corde,
972 2307 1186 2362 quoniam
1224 2308 1309 2364 ipsi
1346 2310 1495 2352 Deum
1534 2310 1797 2354 videbunt.»

160 2383 443 2427 Studeamus
465 2397 544 2426 cor
565 2385 787 2426 mundum
810 2385 995 2436 habere,
1027 2399 1119 2429 non
1150 2386 1296 2428 solum
1328 2401 1354 2429 a
1382 2387 1516 2442 culpa
1548 2387 1686 2439 omni,
1722 2388 1801 2430 sed

158 2457 300 2502 etiam
322 2459 380 2502 ab
401 2459 524 2502 omni
545 2459 903 2516 imperfectione,
929 2469 975 2504 et
997 2461 1200 2505 actiones
1221 2470 1400 2506 nostras
1417 2477 1592 2516 omnes3
1619 2471 1664 2507 et
1685 2478 1798 2506 con-

162 2535 403 2580 tendamus
439 2550 617 2592 semper
653 2537 951 2582 intentionem
995 2538 1132 2581 animi
1174 2539 1316 2582 nostri
1358 2540 1416 2583 ad
1458 2540 1672 2582 maiorem
1712 2540 1797 2584 Dei

157 2611 352 2668 gloriam
374 2620 420 2656 et
440 2615 676 2666 honorem,
702 2613 1092 2671 plurimarumque
1115 2615 1369 2660 animarum
1398 2617 1589 2659 salutem
1620 2624 1665 2659 et
1693 2630 1797 2672 per-

163 2689 404 2734 fectionem
427 2689 639 2746 dirigere.
666 2690 766 2734 Fiet
794 2698 843 2733 vt
865 2693 992 2735 Deus
1020 2691 1371 2735 clementissime
1399 2693 1530 2736 nobis
1551 2692 1620 2735 sui
1650 2692 1795 2735 nomi—

158 2763 232 2807 nis
253 2779 307 2808 ac
328 2765 580 2809 diuinitatis
602 2767 912 2823 cognitionem
935 2767 1213 2824 singularem
1236 2769 1535 2825 gratificetur.

253 2841 408 2885 «Beati
430 2842 622 2898 pacifici,
647 2843 863 2898 quoniam
885 2844 965 2886 filii
994 2844 1080 2887 Dei
1112 2846 1444 2888 vocabuntur.»
1482 2847 1551 2889 Ne
1584 2845 1794 2901 negliga-

56 2925 90 2949 a
155 2930 261 2960 mus
298 2917 599 2974 singularem,
640 2933 781 2974 quam,
809 2920 1069 2975 accepimus
1101 2935 1126 2963 a
1158 2923 1281 2973 Deo,
1320 2921 1575 2964 vocationis
1611 2929 1794 2966 nostrae

154 2992 368 3050 gratiam3
393 3009 550 3037 sumus
572 2995 693 3039 enim
717 2995 881 3048 vocati,
899 2997 994 3049 ,Dei
1015 2997 1235 3053 singulari
1257 2998 1555 3054 benignitate,
1582 3005 1629 3040 vt
1652 2997 1795 3041 simus
