2098 3470
267 274 337 320 324
739 275 893 311 PATms
919 275 1160 311 HmRONYm
1186 274 1337 310 NADAL

219 383 322 419 ceat
345 377 533 419 Romam
557 375 754 429 mittere,
780 376 858 432 qui
879 375 1090 421 mittendi
1107 375 1322 419 dicuntur
1339 391 1394 420 ex
1412 376 1587 421 ratione
1605 376 1724 420 illius
1742 391 1855 420 con—

222 453 484 496 tributionis
505 454 562 497 ad
584 453 771 498 alendos
792 453 1006 506 nouitios,
1033 468 1148 509 quae
1172 455 1361 496 Romam
1391 453 1526 498 missa
1555 461 1639 498 est.

310 531 422 574 Item
445 530 671 574 scribatur
692 531 750 573 de
772 532 825 574 Ρ.
851 532 887 574 F
889 532 975 574 ahe
997 531 1220 575 mittendo
1249 531 1531 587 Herbipolim
1562 547 1619 575 ex
1642 532 1850 576 Polonia.

311 608 421 650 Item
444 608 501 650 de
522 607 658 650 docto
679 607 966 664 philosopho,
991 608 1068 663 qui
1092 607 1234 663 possit
1262 609 1537 663 respondere
1560 616 1606 651 et
1630 608 1745 652 tueri
1767 623 1851 652 au-

223 683 483 727 thoritatem
501 691 776 727 nostrorum.
797 686 1034 742 Theologo
1052 687 1168 728 bene
1185 685 1376 727 fundato
1395 694 1516 729 esset
1534 700 1667 742 opus,
1679 693 1724 742 et
1739 700 1852 729 con-

222 761 386 805 sultius
405 769 529 805 esset
550 762 666 804 duos
687 761 803 804 mitti
827 762 1119 818 philosophos
1141 769 1187 805 et
1211 762 1450 818 theologos
1472 763 1531 805 ob
1555 762 1851 807 consuetudi-

222 853 326 882 nem
350 837 592 882 Societatis
614 838 915 891 retinendam,
936 848 981 882 et
999 854 1056 882 ne
1074 838 1219 882 nostri
1241 838 1286 880 in
1310 846 1623 894 contemptum
1646 838 1848 882 veniant.

225 915 293 970 3.⁰
315 930 374 959 ne
395 929 512 971 opus
533 915 591 958 sit
614 916 811 972 pendere
832 930 888 958 ex
911 915 1152 967 adiunctis,
1178 922 1223 958 et
1245 916 1392 959 varias
1414 917 1471 959 ab
1494 915 1582 958 illis
1611 916 1859 959 difficulta-¹

226 1000 294 1035 tes
316 992 485 1045 subire,
510 992 589 1048 qui
610 992 721 1036 satis
744 992 928 1046 morosi,
954 1000 1000 1035 et
1023 992 1069 1034 in
1092 992 1366 1048 disputando
1403 993 1598 1046 molesti,
1625 993 1756 1036 nobis
1785 993 1852 1036 vi-

225 1070 392 1112 dentur
415 1070 573 1112 futuri.

313 1148 490 1191 Interea
516 1147 625 1190 dum
652 1148 926 1204 profitentur
949 1150 1001 1190 P.
1030 1149 1195 1190 Torres
1221 1149 1231 1168 ¹
1263 1147 1500 1204 epistolam
1529 1148 1585 1190 ad
1613 1146 1780 1190 Timot.
1814 1159 1855 1199 Ι,

225 1232 271 1268 et
308 1226 361 1267 P.
404 1224 510 1267 Pisa
547 1224 781 1269 materiam
819 1226 875 1267 de
903 1233 1192 1268 sacramento
1226 1224 1527 1269 eucharistiae
1565 1230 1611 1267 et
1645 1223 1855 1280 vbiquei-

227 1308 334 1354 tate,
356 1308 512 1358 posset
533 1301 699 1358 attingi
721 1301 765 1344 in
785 1302 1065 1357 praefatione
1088 1301 1412 1357 augustiniana
1434 1302 1449 1321 ²
1473 1300 1627 1344 breuis
1645 1300 1859 1344 tractatio

227 1386 386 1422 contra
414 1378 578 1421 librum
613 1378 933 1435 tubingensem
964 1380 977 1399 ³
1002 1386 1046 1421 et
1075 1378 1310 1422 Smidelini
1339 1379 1372 1431 ⁴,
1398 1392 1489 1421 non
1518 1378 1664 1421 solum
1696 1377 1742 1420 in
1772 1392 1856 1434 ge-

227 1471 351 1507 nere,
371 1456 468 1507 sed,
493 1455 531 1498 si
553 1455 650 1498 fieri
673 1463 841 1511 posset,
863 1456 1227 1511 respondendum
1251 1463 1371 1500 esset
1393 1456 1449 1498 ad
1471 1456 1562 1498 duo
1582 1456 1653 1498 uel
1676 1454 1761 1498 tria
1783 1469 1856 1497 ar-

226 1540 446 1589 gumenta
467 1532 733 1585 difficiliora,
759 1540 803 1575 et
825 1547 949 1575 nunc
973 1533 1081 1576 satis
1104 1547 1203 1576 esse
1225 1548 1304 1588 per
1326 1532 1641 1589 Augustinum
1672 1546 1864 1588 respon-—

226 1610 350 1662 dere,
383 1617 430 1654 et
455 1611 543 1653 hoc
571 1609 699 1653 breui
724 1609 1008 1665 compendio:
1033 1609 1294 1653 huiusmodi
1323 1609 1710 1666 importunitatem
1733 1610 1858 1652 calu-

228 1686 514 1739 mniantium,
555 1693 601 1730 et
635 1686 870 1730 stultitiam
910 1687 1098 1729 istorum
1136 1686 1287 1742 potius
1324 1687 1700 1730 contemnendam
1738 1700 1863 1739 esse„

228 1763 346 1807 sicut
368 1763 470 1820 pius
490 1763 761 1820 peregrinus
783 1779 874 1807 non
897 1772 1025 1806 curat
1048 1764 1236 1807 latratus
1259 1779 1423 1807 canum
1446 1763 1776 1807 insultantium.

318 1841 559 1884 Consultet
580 1840 869 1897 prouincialis
891 1856 994 1883 cum
1017 1841 1204 1884 delectis
1227 1841 1496 1896 quibusdam
1515 1841 1572 1885 de
1589 1840 1762 1884 ratione
1779 1854 1861 1882 va-

228 1918 458 1962 cationum
482 1917 528 1960 in
551 1917 759 1973 collegiis
780 1917 1054 1961 Germaniae
1082 1918 1365 1962 vniformiter
1385 1918 1686 1970 obseruanda;
1713 1916 1782 1961 2.⁰
1804 1917 1868 1959 de
1912 1951 1914 1953 >

227 1994 469 2048 conuiuiis,
494 2009 553 2038 an
575 2001 620 2038 et
643 2009 735 2050 quo
757 2002 890 2050 pacto
913 1994 987 2037 illa
1015 1995 1212 2039 debeant
1241 1995 1379 2047 adire,
1412 1995 1486 2037 uel
1514 1994 1560 2037 in
1590 1993 1678 2037 illis
1705 2008 1755 2038 se
1777 2007 1861 2049 ge-

229 2085 328 2116 rere
350 2072 494 2115 nostri
516 2079 549 2115 ².

315 2149 392 2194 Sic
421 2148 677 2205 corrigatur
697 2147 935 2192 instructio
958 2148 975 2174 b
1003 2148 1285 2205 dilingensis.
1313 2148 1406 2204 Qui
1435 2149 1491 2192 ad
1518 2147 1862 2192 vniuersitatem

227 2225 435 2278 veniunt,
478 2227 707 2270 moderate
743 2225 894 2282 potius
929 2227 1034 2281 (non
1063 2226 1368 2282 indulgenter)
1408 2240 1542 2281 quam
1581 2239 1741 2269 seuere
1770 2231 1864 2267 tra-

227 2310 427 2348 ctentur.
474 2328 476 2331 v

317 2379 585 2437 Ingolstadii
602 2380 911 2435 quaerendum
929 2395 985 2424 ex
1007 2387 1182 2424 rectore
1199 2381 1321 2435 quod
1338 2394 1428 2423 non
1446 2379 1556 2422 satis
1579 2378 1866 2422 meminimus

231 2473 371 2514 quare
394 2456 618 2513 accipiant
646 2471 786 2499 vnum
814 2458 1035 2501 florenum
1059 2472 1140 2513 pro
1170 2458 1338 2500 famulo
1374 2456 1706 2509 conuictorum,
1731 2462 1776 2500 et
1798 2462 1865 2498 ta-

233 2550 337 2579 men
360 2549 454 2578 non
479 2535 602 2577 alant
637 2548 759 2578 eum.
799 2535 909 2578 Item
933 2547 1014 2576 cur
1052 2533 1252 2589 quinque
1279 2533 1436 2577 floreni
1473 2540 1579 2576 sunt
1601 2547 1684 2590 pro
1707 2532 1865 2577 eodem

304 2682 322 2699 a
348 2672 391 2706 In
410 2671 587 2717 margine
606 2669 764 2706 Polanci
783 2681 910 2707 manu:
950 2671 1164 2705 Videamus
1182 2671 1287 2716 quod
1303 2669 1369 2705 illi
1397 2671 1588 2706 sentiant.
1664 2671 1730 2697 —b
1755 2669 1871 2704 Prius

235 2742 382 2773 cauom
399 2729 491 2765 dein
511 2729 663 2765 Natalis
682 2740 796 2764 manu
815 2728 1078 2775 emendatum,
1099 2734 1142 2764 ut
1160 2740 1288 2775 supra.

309 2848 321 2870 ¹
373 2849 416 2884 P.
443 2848 711 2894 Hieronymus
728 2847 886 2892 Torres,
905 2848 1028 2882 lector
1047 2821 1282 2893 theologiae.
1308 2847 1369 2884 Cf.
1396 2847 1524 2893 Epist.
1553 2848 1602 2882 P.
1628 2847 1779 2888 Nadal,
1800 2846 1870 2886 ΙΙΙ,

235 2907 322 2988 29ὃέ
372 2965 435 3001 Cf.
459 2966 589 3012 Epist.
610 2966 659 3001 P.
679 2964 832 3008 Nadal,
851 2965 920 3009 111,
940 2967 999 3010 213
1016 2970 1055 3000 et
1074 2976 1205 3011 supra,
1223 2976 1339 3011 pagg.
1361 2965 1446 3011 260,
1465 2965 1548 3000 261.

307 3027 321 3046 ⁵
372 3027 432 3060 De
451 3026 525 3061 hoe
544 3025 646 3061 libro
663 3023 714 3061 cf.
740 3025 871 3071 Epist.
893 3024 942 3059 P.
962 3023 1114 3066 Nadal‚
1135 3025 1202 3068 111,
1221 3032 1303 3069 772.

307 3086 323 3106 ⁴¹
373 3084 434 3121 Cf.
457 3084 591 3132 Epist.
617 3085 665 3120 Ρ.
685 3083 838 3126 Ναάαἰ,
858 3084 924 3130 ΙΙΙ,
946 3091 1003 3130 25,
1026 3085 1084 3119 26.
