<?xml version="1.0" encoding="UTF-8"?>
<!DOCTYPE html PUBLIC "-//W3C//DTD XHTML 1.0 Transitional//EN"
    "http://www.w3.org/TR/xhtml1/DTD/xhtml1-transitional.dtd">
<html xmlns="http://www.w3.org/1999/xhtml" xml:lang="en" lang="en">
 <head>
  <title>
</title>
<meta http-equiv="Content-Type" content="text/html;charset=utf-8" />
  <meta name='ocr-system' content='tesseract 3.04.00' />
  <meta name='ocr-capabilities' content='ocr_page ocr_carea ocr_par ocr_line ocrx_word'/>
</head>
<body>
  <div class='ocr_page' id='page_1' title='image "./epistolaephieron04nadauoft_0453.png"; bbox 0 0 2098 3470; ppageno 0'>
   <div class='ocr_carea' id='block_1_1' title="bbox 831 211 1821 256">
    <p class='ocr_par' dir='ltr' id='par_1_1' title="bbox 831 211 1821 256">
     <span class='ocr_line' id='line_1_1' title="bbox 831 211 1821 256; baseline -0.008 -6"><span class='ocrx_word' id='word_1_1' title='bbox 831 211 1260 250; x_wconf 73' lang='lat' dir='ltr'>Ins‘rnuc‘nomzs—fii</span> <span class='ocrx_word' id='word_1_2' title='bbox 1749 218 1821 256; x_wconf 85' lang='lat'>427</span> 
     </span>
    </p>
   </div>
   <div class='ocr_carea' id='block_1_2' title="bbox 229 312 1901 367">
    <p class='ocr_par' dir='ltr' id='par_1_2' title="bbox 229 312 1901 367">
     <span class='ocr_line' id='line_1_2' title="bbox 229 312 1901 367; baseline -0.003 -8"><span class='ocrx_word' id='word_1_3' title='bbox 229 314 610 360; x_wconf 86' lang='lat' dir='ltr'>aedificationem.</span> <span class='ocrx_word' id='word_1_4' title='bbox 636 316 851 360; x_wconf 88' lang='lat' dir='ltr'>Enitatur</span> <span class='ocrx_word' id='word_1_5' title='bbox 870 322 1040 367; x_wconf 88' lang='lat' dir='ltr'>autem,</span> <span class='ocrx_word' id='word_1_6' title='bbox 1066 321 1115 357; x_wconf 92' lang='lat' dir='ltr'>vt</span> <span class='ocrx_word' id='word_1_7' title='bbox 1135 314 1183 357; x_wconf 91' lang='lat' dir='ltr'>in</span> <span class='ocrx_word' id='word_1_8' title='bbox 1206 313 1328 357; x_wconf 92' lang='lat' dir='ltr'>omni</span> <span class='ocrx_word' id='word_1_9' title='bbox 1345 327 1430 357; x_wconf 90' lang='lat' dir='ltr'>suo</span> <span class='ocrx_word' id='word_1_10' title='bbox 1448 313 1700 357; x_wconf 84' lang='lat' dir='ltr'>ministerio</span> <span class='ocrx_word' id='word_1_11' title='bbox 1716 312 1867 357; x_wconf 90' lang='lat' dir='ltr'>Deum</span> <span class='ocrx_word' id='word_1_12' title='bbox 1895 326 1901 331; x_wconf 81' lang='lat'><em>·</em></span> 
     </span>
    </p>
   </div>
   <div class='ocr_carea' id='block_1_3' title="bbox 178 391 1056 457">
    <p class='ocr_par' dir='ltr' id='par_1_3' title="bbox 178 391 1056 457">
     <span class='ocr_line' id='line_1_3' title="bbox 178 391 1056 457; baseline 0.001 -23"><span class='ocrx_word' id='word_1_13' title='bbox 178 448 184 457; x_wconf 63' lang='lat'>,</span> <span class='ocrx_word' id='word_1_14' title='bbox 231 391 438 437; x_wconf 88' lang='lat' dir='ltr'>inueniat</span> <span class='ocrx_word' id='word_1_15' title='bbox 459 392 556 436; x_wconf 86' lang='lat' dir='ltr'>vtili</span> <span class='ocrx_word' id='word_1_16' title='bbox 577 393 728 449; x_wconf 89' lang='lat' dir='ltr'>aliqua</span> <span class='ocrx_word' id='word_1_17' title='bbox 749 391 1056 438; x_wconf 86' lang='lat' dir='ltr'><strong>meditatione.</strong></span> 
     </span>
    </p>
   </div>
   <div class='ocr_carea' id='block_1_4' title="bbox 0 1990 88 3470">
    <p class='ocr_par' dir='ltr' id='par_1_4' title="bbox 0 1990 88 3470">
     <span class='ocr_line' id='line_1_4' title="bbox 0 1990 88 3470; baseline 0 0"><span class='ocrx_word' id='word_1_18' title='bbox 0 1990 88 3470; x_wconf 95' lang='lat' dir='ltr'> </span> 
     </span>
    </p>
   </div>
   <div class='ocr_carea' id='block_1_5' title="bbox 229 467 1867 1525">
    <p class='ocr_par' dir='ltr' id='par_1_5' title="bbox 231 467 1866 680">
     <span class='ocr_line' id='line_1_5' title="bbox 321 467 1866 527; baseline -0.002 -15"><span class='ocrx_word' id='word_1_19' title='bbox 321 469 595 514; x_wconf 88' lang='lat' dir='ltr'>Vniuersum</span> <span class='ocrx_word' id='word_1_20' title='bbox 618 470 862 527; x_wconf 85' lang='lat' dir='ltr'>collegium</span> <span class='ocrx_word' id='word_1_21' title='bbox 883 470 1023 513; x_wconf 91' lang='lat' dir='ltr'>corde</span> <span class='ocrx_word' id='word_1_22' title='bbox 1039 475 1192 526; x_wconf 81' lang='lat' dir='ltr'><strong>gestet</strong></span> <span class='ocrx_word' id='word_1_23' title='bbox 1218 468 1264 511; x_wconf 89' lang='lat' dir='ltr'>in</span> <span class='ocrx_word' id='word_1_24' title='bbox 1292 467 1544 511; x_wconf 80' lang='lat' dir='ltr'>visceribus</span> <span class='ocrx_word' id='word_1_25' title='bbox 1567 467 1799 510; x_wconf 80' lang='lat' dir='ltr'>charitatis</span> <span class='ocrx_word' id='word_1_26' title='bbox 1819 467 1866 509; x_wconf 84' lang='lat' dir='ltr'>in</span> 
     </span>
     <span class='ocr_line' id='line_1_6' title="bbox 234 546 1864 603; baseline -0.002 -13"><span class='ocrx_word' id='word_1_27' title='bbox 234 546 434 599; x_wconf 88' lang='lat' dir='ltr'>Christo,</span> <span class='ocrx_word' id='word_1_28' title='bbox 460 547 663 603; x_wconf 85' lang='lat' dir='ltr'>illudque</span> <span class='ocrx_word' id='word_1_29' title='bbox 690 547 735 590; x_wconf 92' lang='lat' dir='ltr'>in</span> <span class='ocrx_word' id='word_1_30' title='bbox 764 546 969 591; x_wconf 90' lang='lat' dir='ltr'>oratione</span> <span class='ocrx_word' id='word_1_31' title='bbox 996 554 1133 601; x_wconf 88' lang='lat' dir='ltr'>atque</span> <span class='ocrx_word' id='word_1_32' title='bbox 1160 546 1328 590; x_wconf 88' lang='lat' dir='ltr'>vnione</span> <span class='ocrx_word' id='word_1_33' title='bbox 1358 559 1464 588; x_wconf 91' lang='lat' dir='ltr'>cum</span> <span class='ocrx_word' id='word_1_34' title='bbox 1493 547 1590 588; x_wconf 92' lang='lat' dir='ltr'>Deo</span> <span class='ocrx_word' id='word_1_35' title='bbox 1619 551 1864 595; x_wconf 88' lang='lat' dir='ltr'>sustentet;</span> 
     </span>
     <span class='ocr_line' id='line_1_7' title="bbox 231 622 1520 680; baseline -0.001 -15"><span class='ocrx_word' id='word_1_36' title='bbox 231 622 278 665; x_wconf 91' lang='lat' dir='ltr'>in</span> <span class='ocrx_word' id='word_1_37' title='bbox 301 638 392 679; x_wconf 88' lang='lat' dir='ltr'>qua</span> <span class='ocrx_word' id='word_1_38' title='bbox 414 623 596 679; x_wconf 87' lang='lat' dir='ltr'>quidem</span> <span class='ocrx_word' id='word_1_39' title='bbox 619 625 783 669; x_wconf 88' lang='lat' dir='ltr'>offerre</span> <span class='ocrx_word' id='word_1_40' title='bbox 803 624 916 666; x_wconf 87' lang='lat' dir='ltr'>illud</span> <span class='ocrx_word' id='word_1_41' title='bbox 937 632 1075 680; x_wconf 90' lang='lat' dir='ltr'>atque</span> <span class='ocrx_word' id='word_1_42' title='bbox 1096 623 1225 666; x_wconf 87' lang='lat' dir='ltr'>vnire</span> <span class='ocrx_word' id='word_1_43' title='bbox 1245 625 1346 667; x_wconf 90' lang='lat' dir='ltr'>Deo</span> <span class='ocrx_word' id='word_1_44' title='bbox 1367 622 1520 665; x_wconf 90' lang='lat' dir='ltr'>debet.</span> 
     </span>
    </p>

    <p class='ocr_par' dir='ltr' id='par_1_6' title="bbox 230 694 1867 1063">
     <span class='ocr_line' id='line_1_8' title="bbox 321 694 1864 758; baseline -0.001 -15"><span class='ocrx_word' id='word_1_45' title='bbox 321 694 491 744; x_wconf 80' lang='lat' dir='ltr'>Tr&#39;adat</span> <span class='ocrx_word' id='word_1_46' title='bbox 511 715 562 745; x_wconf 88' lang='lat' dir='ltr'>se</span> <span class='ocrx_word' id='word_1_47' title='bbox 584 707 729 744; x_wconf 89' lang='lat' dir='ltr'>totum</span> <span class='ocrx_word' id='word_1_48' title='bbox 752 700 1074 758; x_wconf 85' lang='lat' dir='ltr'>gubernationi</span> <span class='ocrx_word' id='word_1_49' title='bbox 1095 699 1295 756; x_wconf 85' lang='lat' dir='ltr'>collegii,</span> <span class='ocrx_word' id='word_1_50' title='bbox 1319 699 1589 754; x_wconf 89' lang='lat' dir='ltr'>nullumque</span> <span class='ocrx_word' id='word_1_51' title='bbox 1607 707 1785 754; x_wconf 89' lang='lat' dir='ltr'>tempus</span> <span class='ocrx_word' id='word_1_52' title='bbox 1802 701 1864 742; x_wconf 88' lang='lat' dir='ltr'>al-</span> 
     </span>
     <span class='ocr_line' id='line_1_9' title="bbox 233 775 1864 833; baseline -0.001 -14"><span class='ocrx_word' id='word_1_53' title='bbox 233 776 317 819; x_wconf 87' lang='lat' dir='ltr'>teri</span> <span class='ocrx_word' id='word_1_54' title='bbox 340 775 413 821; x_wconf 86' lang='grc'>153</span> <span class='ocrx_word' id='word_1_55' title='bbox 436 777 723 833; x_wconf 82' lang='lat' dir='ltr'>occupationi</span> <span class='ocrx_word' id='word_1_56' title='bbox 745 777 930 829; x_wconf 90' lang='lat' dir='ltr'>tribuat,</span> <span class='ocrx_word' id='word_1_57' title='bbox 955 778 1079 832; x_wconf 89' lang='lat' dir='ltr'>quod</span> <span class='ocrx_word' id='word_1_58' title='bbox 1100 776 1158 819; x_wconf 90' lang='lat' dir='ltr'>sit</span> <span class='ocrx_word' id='word_1_59' title='bbox 1185 776 1250 818; x_wconf 89' lang='lat' dir='ltr'>illi</span> <span class='ocrx_word' id='word_1_60' title='bbox 1278 776 1603 827; x_wconf 87' lang='lat' dir='ltr'>necessarium,</span> <span class='ocrx_word' id='word_1_61' title='bbox 1637 783 1714 817; x_wconf 89' lang='lat' dir='ltr'>aut</span> <span class='ocrx_word' id='word_1_62' title='bbox 1744 777 1864 818; x_wconf 88' lang='lat' dir='ltr'>vnde</span> 
     </span>
     <span class='ocr_line' id='line_1_10' title="bbox 231 852 1867 911; baseline 0 -16"><span class='ocrx_word' id='word_1_63' title='bbox 231 853 552 898; x_wconf 84' lang='lat' dir='ltr'>detrimentum</span> <span class='ocrx_word' id='word_1_64' title='bbox 574 854 771 911; x_wconf 89' lang='lat' dir='ltr'>patiatur</span> <span class='ocrx_word' id='word_1_65' title='bbox 792 854 862 897; x_wconf 92' lang='lat' dir='ltr'>sui</span> <span class='ocrx_word' id='word_1_66' title='bbox 886 854 1027 897; x_wconf 87' lang='lat' dir='ltr'>officii</span> <span class='ocrx_word' id='word_1_67' title='bbox 1046 853 1334 910; x_wconf 81' lang='lat' dir='ltr'>gubernatio,</span> <span class='ocrx_word' id='word_1_68' title='bbox 1354 853 1436 897; x_wconf 86' lang='lat' dir='ltr'>sed</span> <span class='ocrx_word' id='word_1_69' title='bbox 1451 852 1605 909; x_wconf 87' lang='lat' dir='ltr'>potius</span> <span class='ocrx_word' id='word_1_70' title='bbox 1622 859 1751 896; x_wconf 89' lang='lat' dir='ltr'>curet</span> <span class='ocrx_word' id='word_1_71' title='bbox 1768 852 1867 908; x_wconf 88' lang='lat' dir='ltr'>ipse</span> 
     </span>
     <span class='ocr_line' id='line_1_11' title="bbox 231 929 1860 987; baseline -0.001 -14"><span class='ocrx_word' id='word_1_72' title='bbox 231 943 332 974; x_wconf 88' lang='lat' dir='ltr'>sese</span> <span class='ocrx_word' id='word_1_73' title='bbox 353 931 410 974; x_wconf 88' lang='lat' dir='ltr'>ad</span> <span class='ocrx_word' id='word_1_74' title='bbox 433 932 553 974; x_wconf 90' lang='lat' dir='ltr'>hanc</span> <span class='ocrx_word' id='word_1_75' title='bbox 573 931 751 974; x_wconf 89' lang='lat' dir='ltr'>vnicam</span> <span class='ocrx_word' id='word_1_76' title='bbox 774 945 930 974; x_wconf 91' lang='lat' dir='ltr'>curam</span> <span class='ocrx_word' id='word_1_77' title='bbox 953 931 1186 987; x_wconf 88' lang='lat' dir='ltr'>colligere;</span> <span class='ocrx_word' id='word_1_78' title='bbox 1212 945 1304 973; x_wconf 92' lang='lat' dir='ltr'>non</span> <span class='ocrx_word' id='word_1_79' title='bbox 1325 929 1446 974; x_wconf 91' lang='lat' dir='ltr'>enim</span> <span class='ocrx_word' id='word_1_80' title='bbox 1470 929 1603 972; x_wconf 87' lang='lat' dir='ltr'>facile</span> <span class='ocrx_word' id='word_1_81' title='bbox 1627 929 1735 971; x_wconf 84' lang='lat' dir='ltr'>huic</span> <span class='ocrx_word' id='word_1_82' title='bbox 1759 944 1860 972; x_wconf 89' lang='lat' dir='ltr'>mu-</span> 
     </span>
     <span class='ocr_line' id='line_1_12' title="bbox 230 1005 1740 1063; baseline -0.001 -14"><span class='ocrx_word' id='word_1_83' title='bbox 230 1006 330 1049; x_wconf 87' lang='lat' dir='ltr'>neri</span> <span class='ocrx_word' id='word_1_84' title='bbox 351 1007 730 1063; x_wconf 83' lang='lat' dir='ltr'>superintendens</span> <span class='ocrx_word' id='word_1_85' title='bbox 751 1008 975 1052; x_wconf 90' lang='lat' dir='ltr'>vtiliorem</span> <span class='ocrx_word' id='word_1_86' title='bbox 998 1007 1129 1050; x_wconf 88' lang='lat' dir='ltr'>aliam</span> <span class='ocrx_word' id='word_1_87' title='bbox 1152 1006 1495 1063; x_wconf 84' lang='lat' dir='ltr'>occupationem</span> <span class='ocrx_word' id='word_1_88' title='bbox 1518 1005 1740 1050; x_wconf 90' lang='lat' dir='ltr'>inueniet.</span> 
     </span>
    </p>

    <p class='ocr_par' dir='ltr' id='par_1_7' title="bbox 229 1083 1863 1372">
     <span class='ocr_line' id='line_1_13' title="bbox 319 1083 1861 1142; baseline -0.001 -15"><span class='ocrx_word' id='word_1_89' title='bbox 319 1085 423 1127; x_wconf 92' lang='lat' dir='ltr'>Non</span> <span class='ocrx_word' id='word_1_90' title='bbox 445 1085 595 1128; x_wconf 80' lang='lat' dir='ltr'>solum&#39;</span> <span class='ocrx_word' id='word_1_91' title='bbox 614 1084 961 1142; x_wconf 73' lang='lat' dir='ltr'>superintendat</span> <span class='ocrx_word' id='word_1_92' title='bbox 981 1084 1252 1140; x_wconf 89' lang='lat' dir='ltr'>inquirendo</span> <span class='ocrx_word' id='word_1_93' title='bbox 1272 1085 1330 1127; x_wconf 92' lang='lat' dir='ltr'>de</span> <span class='ocrx_word' id='word_1_94' title='bbox 1352 1085 1489 1128; x_wconf 91' lang='lat' dir='ltr'>rebus</span> <span class='ocrx_word' id='word_1_95' title='bbox 1512 1083 1636 1139; x_wconf 87' lang='lat' dir='ltr'>ipsis,</span> <span class='ocrx_word' id='word_1_96' title='bbox 1661 1084 1741 1126; x_wconf 85' lang='lat' dir='ltr'>sed</span> <span class='ocrx_word' id='word_1_97' title='bbox 1765 1083 1861 1139; x_wconf 88' lang='lat' dir='ltr'>ipse</span> 
     </span>
     <span class='ocr_line' id='line_1_14' title="bbox 230 1159 1862 1217; baseline -0.001 -14"><span class='ocrx_word' id='word_1_98' title='bbox 230 1174 314 1216; x_wconf 91' lang='lat' dir='ltr'>per</span> <span class='ocrx_word' id='word_1_99' title='bbox 334 1175 384 1204; x_wconf 91' lang='lat' dir='ltr'>se</span> <span class='ocrx_word' id='word_1_100' title='bbox 405 1161 572 1214; x_wconf 87' lang='lat' dir='ltr'>videat,</span> <span class='ocrx_word' id='word_1_101' title='bbox 597 1169 643 1206; x_wconf 91' lang='lat' dir='ltr'>et</span> <span class='ocrx_word' id='word_1_102' title='bbox 663 1163 877 1206; x_wconf 90' lang='lat' dir='ltr'>obseruet</span> <span class='ocrx_word' id='word_1_103' title='bbox 897 1162 992 1205; x_wconf 90' lang='lat' dir='ltr'>suis</span> <span class='ocrx_word' id='word_1_104' title='bbox 1020 1161 1315 1217; x_wconf 85' lang='lat' dir='ltr'>temporibus,</span> <span class='ocrx_word' id='word_1_105' title='bbox 1341 1159 1450 1216; x_wconf 92' lang='lat' dir='ltr'>quid</span> <span class='ocrx_word' id='word_1_106' title='bbox 1478 1160 1601 1203; x_wconf 85' lang='lat' dir='ltr'>omni</span> <span class='ocrx_word' id='word_1_107' title='bbox 1629 1159 1673 1201; x_wconf 91' lang='lat' dir='ltr'>in</span> <span class='ocrx_word' id='word_1_108' title='bbox 1709 1160 1862 1202; x_wconf 86' lang='lat' dir='ltr'>officio</span> 
     </span>
     <span class='ocr_line' id='line_1_15' title="bbox 229 1237 1863 1295; baseline -0.001 -15"><span class='ocrx_word' id='word_1_109' title='bbox 229 1244 276 1280; x_wconf 91' lang='lat' dir='ltr'>et</span> <span class='ocrx_word' id='word_1_110' title='bbox 303 1238 406 1281; x_wconf 92' lang='lat' dir='ltr'>loco</span> <span class='ocrx_word' id='word_1_111' title='bbox 434 1246 614 1295; x_wconf 86' lang='lat' dir='ltr'>agatur,</span> <span class='ocrx_word' id='word_1_112' title='bbox 646 1247 695 1281; x_wconf 89' lang='lat' dir='ltr'>vt</span> <span class='ocrx_word' id='word_1_113' title='bbox 722 1239 835 1282; x_wconf 89' lang='lat' dir='ltr'>sciat</span> <span class='ocrx_word' id='word_1_114' title='bbox 862 1239 1243 1294; x_wconf 89' lang='lat' dir='ltr'>quemadmodum</span> <span class='ocrx_word' id='word_1_115' title='bbox 1274 1253 1354 1295; x_wconf 92' lang='lat' dir='ltr'>pro</span> <span class='ocrx_word' id='word_1_116' title='bbox 1376 1253 1460 1281; x_wconf 94' lang='lat' dir='ltr'>suo</span> <span class='ocrx_word' id='word_1_117' title='bbox 1482 1253 1672 1282; x_wconf 92' lang='lat' dir='ltr'>munere</span> <span class='ocrx_word' id='word_1_118' title='bbox 1701 1237 1863 1280; x_wconf 86' lang='lat' dir='ltr'>melius</span> 
     </span>
     <span class='ocr_line' id='line_1_16' title="bbox 229 1314 1068 1372; baseline 0.001 -15"><span class='ocrx_word' id='word_1_119' title='bbox 229 1314 367 1358; x_wconf 87' lang='lat' dir='ltr'>rebus</span> <span class='ocrx_word' id='word_1_120' title='bbox 387 1314 581 1372; x_wconf 84' lang='lat' dir='ltr'>singulis</span> <span class='ocrx_word' id='word_1_121' title='bbox 603 1315 967 1372; x_wconf 90' lang='lat' dir='ltr'>prospiciendum</span> <span class='ocrx_word' id='word_1_122' title='bbox 995 1315 1068 1359; x_wconf 89' lang='lat' dir='ltr'>sit.</span> 
     </span>
    </p>

    <p class='ocr_par' dir='ltr' id='par_1_8' title="bbox 229 1391 1860 1525">
     <span class='ocr_line' id='line_1_17' title="bbox 319 1391 1860 1451; baseline -0.001 -16"><span class='ocrx_word' id='word_1_123' title='bbox 319 1392 451 1448; x_wconf 78' lang='lat' dir='ltr'>Quae</span> <span class='ocrx_word' id='word_1_124' title='bbox 472 1392 699 1451; x_wconf 89' lang='lat' dir='ltr'>ordinarie</span> <span class='ocrx_word' id='word_1_125' title='bbox 719 1392 805 1436; x_wconf 91' lang='lat' dir='ltr'>sibi</span> <span class='ocrx_word' id='word_1_126' title='bbox 827 1393 1079 1437; x_wconf 89' lang='lat' dir='ltr'>reseruabit</span> <span class='ocrx_word' id='word_1_127' title='bbox 1100 1393 1498 1449; x_wconf 87' lang='lat' dir='ltr'>superintendens,</span> <span class='ocrx_word' id='word_1_128' title='bbox 1519 1391 1731 1434; x_wconf 84' lang='lat' dir='ltr'>videntur</span> <span class='ocrx_word' id='word_1_129' title='bbox 1747 1393 1860 1434; x_wconf 90' lang='lat' dir='ltr'>haec</span> 
     </span>
     <span class='ocr_line' id='line_1_18' title="bbox 229 1477 936 1525; baseline -0.001 -12"><span class='ocrx_word' id='word_1_130' title='bbox 229 1482 331 1513; x_wconf 79' lang='lat' dir='ltr'>esse</span> <span class='ocrx_word' id='word_1_131' title='bbox 351 1482 503 1524; x_wconf 84' lang='lat' dir='ltr'>posse,</span> <span class='ocrx_word' id='word_1_132' title='bbox 529 1483 646 1524; x_wconf 90' lang='lat' dir='ltr'>quae</span> <span class='ocrx_word' id='word_1_133' title='bbox 667 1477 936 1525; x_wconf 88' lang='lat' dir='ltr'>sequuntur.</span> 
     </span>
    </p>
   </div>
   <div class='ocr_carea' id='block_1_6' title="bbox 644 1589 1439 1645">
    <p class='ocr_par' dir='ltr' id='par_1_9' title="bbox 644 1589 1439 1645">
     <span class='ocr_line' id='line_1_19' title="bbox 644 1589 1439 1645; baseline 0.001 -15"><span class='ocrx_word' id='word_1_134' title='bbox 644 1589 736 1631; x_wconf 78' lang='lat' dir='ltr'>Res</span> <span class='ocrx_word' id='word_1_135' title='bbox 757 1593 1019 1632; x_wconf 80' lang='lat' dir='ltr'>reseruatae</span> <span class='ocrx_word' id='word_1_136' title='bbox 1039 1590 1439 1645; x_wconf 78' lang='lat' dir='ltr'>superintendenti.</span> 
     </span>
    </p>
   </div>
   <div class='ocr_carea' id='block_1_7' title="bbox 222 1700 1859 2835">
    <p class='ocr_par' dir='ltr' id='par_1_10' title="bbox 223 1700 1859 2607">
     <span class='ocr_line' id='line_1_20' title="bbox 315 1700 1858 1758; baseline 0.001 -15"><span class='ocrx_word' id='word_1_137' title='bbox 315 1700 553 1744; x_wconf 88' lang='lat' dir='ltr'>Rationem</span> <span class='ocrx_word' id='word_1_138' title='bbox 591 1701 897 1746; x_wconf 88' lang='lat' dir='ltr'>conscientiae</span> <span class='ocrx_word' id='word_1_139' title='bbox 929 1702 1120 1758; x_wconf 90' lang='lat' dir='ltr'>accipiet</span> <span class='ocrx_word' id='word_1_140' title='bbox 1151 1703 1292 1746; x_wconf 90' lang='lat' dir='ltr'>semel</span> <span class='ocrx_word' id='word_1_141' title='bbox 1328 1703 1376 1745; x_wconf 91' lang='lat' dir='ltr'>in</span> <span class='ocrx_word' id='word_1_142' title='bbox 1411 1716 1531 1747; x_wconf 90' lang='lat' dir='ltr'>anno</span> <span class='ocrx_word' id='word_1_143' title='bbox 1563 1702 1609 1744; x_wconf 89' lang='lat' dir='ltr'>in</span> <span class='ocrx_word' id='word_1_144' title='bbox 1642 1702 1858 1745; x_wconf 88' lang='lat' dir='ltr'>alterutra</span> 
     </span>
     <span class='ocr_line' id='line_1_21' title="bbox 225 1778 1859 1837; baseline 0.001 -17"><span class='ocrx_word' id='word_1_145' title='bbox 225 1783 440 1821; x_wconf 90' lang='lat' dir='ltr'>votorum</span> <span class='ocrx_word' id='word_1_146' title='bbox 464 1778 774 1822; x_wconf 91' lang='lat' dir='ltr'>renouatione:</span> <span class='ocrx_word' id='word_1_147' title='bbox 801 1786 911 1821; x_wconf 90' lang='lat' dir='ltr'>tunc</span> <span class='ocrx_word' id='word_1_148' title='bbox 932 1779 1053 1822; x_wconf 89' lang='lat' dir='ltr'>enim</span> <span class='ocrx_word' id='word_1_149' title='bbox 1070 1779 1272 1822; x_wconf 91' lang='lat' dir='ltr'>omnium</span> <span class='ocrx_word' id='word_1_150' title='bbox 1290 1781 1530 1837; x_wconf 85' lang='lat' dir='ltr'>generales</span> <span class='ocrx_word' id='word_1_151' title='bbox 1547 1779 1859 1823; x_wconf 87' lang='lat' dir='ltr'>confessiones</span> 
     </span>
     <span class='ocr_line' id='line_1_22' title="bbox 224 1853 1854 1912; baseline 0.001 -15"><span class='ocrx_word' id='word_1_152' title='bbox 224 1853 384 1899; x_wconf 90' lang='lat' dir='ltr'>audire</span> <span class='ocrx_word' id='word_1_153' title='bbox 403 1855 540 1900; x_wconf 89' lang='lat' dir='ltr'>debet</span> <span class='ocrx_word' id='word_1_154' title='bbox 566 1856 595 1907; x_wconf 85' lang='lat'>¹,</span> <span class='ocrx_word' id='word_1_155' title='bbox 616 1863 661 1900; x_wconf 92' lang='lat' dir='ltr'>et</span> <span class='ocrx_word' id='word_1_156' title='bbox 682 1855 729 1899; x_wconf 90' lang='lat' dir='ltr'>in</span> <span class='ocrx_word' id='word_1_157' title='bbox 751 1856 1040 1900; x_wconf 85' lang='lat' dir='ltr'>confessione</span> <span class='ocrx_word' id='word_1_158' title='bbox 1061 1857 1280 1900; x_wconf 90' lang='lat' dir='ltr'>rationem</span> <span class='ocrx_word' id='word_1_159' title='bbox 1303 1857 1611 1901; x_wconf 88' lang='lat' dir='ltr'>conscientiae</span> <span class='ocrx_word' id='word_1_160' title='bbox 1634 1856 1854 1912; x_wconf 82' lang='lat' dir='ltr'>accipere3</span> 
     </span>
     <span class='ocr_line' id='line_1_23' title="bbox 224 1930 1858 1990; baseline 0.002 -17"><span class='ocrx_word' id='word_1_161' title='bbox 224 1930 303 1974; x_wconf 90' lang='lat' dir='ltr'>vbi</span> <span class='ocrx_word' id='word_1_162' title='bbox 322 1946 432 1975; x_wconf 89' lang='lat' dir='ltr'>vero</span> <span class='ocrx_word' id='word_1_163' title='bbox 453 1931 538 1976; x_wconf 87' lang='lat' dir='ltr'>erit</span> <span class='ocrx_word' id='word_1_164' title='bbox 559 1932 700 1976; x_wconf 89' lang='lat' dir='ltr'>maior</span> <span class='ocrx_word' id='word_1_165' title='bbox 721 1933 795 1978; x_wconf 74' lang='lat'>154</span> <span class='ocrx_word' id='word_1_166' title='bbox 812 1933 1071 1986; x_wconf 88' lang='lat' dir='ltr'>multitudo,</span> <span class='ocrx_word' id='word_1_167' title='bbox 1092 1949 1226 1989; x_wconf 89' lang='lat' dir='ltr'>quam</span> <span class='ocrx_word' id='word_1_168' title='bbox 1248 1941 1298 1977; x_wconf 89' lang='lat' dir='ltr'>vt</span> <span class='ocrx_word' id='word_1_169' title='bbox 1319 1934 1521 1977; x_wconf 91' lang='lat' dir='ltr'>omnium</span> <span class='ocrx_word' id='word_1_170' title='bbox 1539 1933 1684 1990; x_wconf 90' lang='lat' dir='ltr'>possit</span> <span class='ocrx_word' id='word_1_171' title='bbox 1702 1932 1858 1976; x_wconf 85' lang='lat' dir='ltr'>audire</span> 
     </span>
     <span class='ocr_line' id='line_1_24' title="bbox 226 2008 1859 2068; baseline 0.001 -17"><span class='ocrx_word' id='word_1_172' title='bbox 226 2008 551 2061; x_wconf 87' lang='lat' dir='ltr'>confessiones,</span> <span class='ocrx_word' id='word_1_173' title='bbox 570 2009 741 2066; x_wconf 85' lang='lat' dir='ltr'>deliget</span> <span class='ocrx_word' id='word_1_174' title='bbox 758 2025 873 2066; x_wconf 92' lang='lat' dir='ltr'>quos</span> <span class='ocrx_word' id='word_1_175' title='bbox 889 2010 947 2054; x_wconf 90' lang='lat' dir='ltr'>sit</span> <span class='ocrx_word' id='word_1_176' title='bbox 965 2010 1222 2063; x_wconf 87' lang='lat' dir='ltr'>auditurus,</span> <span class='ocrx_word' id='word_1_177' title='bbox 1242 2011 1440 2068; x_wconf 87' lang='lat' dir='ltr'>reliquos</span> <span class='ocrx_word' id='word_1_178' title='bbox 1456 2012 1582 2054; x_wconf 91' lang='lat' dir='ltr'>dabit</span> <span class='ocrx_word' id='word_1_179' title='bbox 1600 2010 1761 2054; x_wconf 90' lang='lat' dir='ltr'>rectori</span> <span class='ocrx_word' id='word_1_180' title='bbox 1780 2019 1859 2053; x_wconf 86' lang='lat' dir='ltr'>aut</span> 
     </span>
     <span class='ocr_line' id='line_1_25' title="bbox 225 2082 1856 2143; baseline 0.001 -16"><span class='ocrx_word' id='word_1_181' title='bbox 225 2082 361 2127; x_wconf 86' lang='lat' dir='ltr'>etiam</span> <span class='ocrx_word' id='word_1_182' title='bbox 388 2084 570 2129; x_wconf 90' lang='lat' dir='ltr'>selectis</span> <span class='ocrx_word' id='word_1_183' title='bbox 599 2086 814 2130; x_wconf 89' lang='lat' dir='ltr'>Patribus</span> <span class='ocrx_word' id='word_1_184' title='bbox 845 2086 1114 2132; x_wconf 90' lang='lat' dir='ltr'>audiendos.</span> <span class='ocrx_word' id='word_1_185' title='bbox 1138 2089 1239 2143; x_wconf 91' lang='lat' dir='ltr'>Ipse</span> <span class='ocrx_word' id='word_1_186' title='bbox 1267 2094 1419 2131; x_wconf 88' lang='lat' dir='ltr'>tamen</span> <span class='ocrx_word' id='word_1_187' title='bbox 1446 2088 1623 2131; x_wconf 87' lang='lat' dir='ltr'>etiamsi</span> <span class='ocrx_word' id='word_1_188' title='bbox 1652 2101 1742 2130; x_wconf 92' lang='lat' dir='ltr'>non</span> <span class='ocrx_word' id='word_1_189' title='bbox 1774 2102 1856 2130; x_wconf 90' lang='lat' dir='ltr'>au-</span> 
     </span>
     <span class='ocr_line' id='line_1_26' title="bbox 225 2159 1854 2219; baseline 0.002 -16"><span class='ocrx_word' id='word_1_190' title='bbox 225 2159 320 2204; x_wconf 90' lang='lat' dir='ltr'>diat</span> <span class='ocrx_word' id='word_1_191' title='bbox 346 2167 455 2204; x_wconf 91' lang='lat' dir='ltr'>tunc</span> <span class='ocrx_word' id='word_1_192' title='bbox 483 2162 641 2218; x_wconf 88' lang='lat' dir='ltr'>plenas</span> <span class='ocrx_word' id='word_1_193' title='bbox 668 2164 906 2219; x_wconf 87' lang='lat' dir='ltr'>generales</span> <span class='ocrx_word' id='word_1_194' title='bbox 934 2163 1260 2217; x_wconf 79' lang='lat' dir='ltr'>confessioneS,</span> <span class='ocrx_word' id='word_1_195' title='bbox 1289 2164 1335 2207; x_wconf 91' lang='lat' dir='ltr'>in</span> <span class='ocrx_word' id='word_1_196' title='bbox 1375 2165 1666 2209; x_wconf 82' lang='lat' dir='ltr'>confessione</span> <span class='ocrx_word' id='word_1_197' title='bbox 1704 2173 1854 2207; x_wconf 88' lang='lat' dir='ltr'>tamen</span> 
     </span>
     <span class='ocr_line' id='line_1_27' title="bbox 225 2237 1855 2296; baseline 0.001 -16"><span class='ocrx_word' id='word_1_198' title='bbox 225 2237 500 2293; x_wconf 87' lang='lat' dir='ltr'>particulari,</span> <span class='ocrx_word' id='word_1_199' title='bbox 532 2239 724 2296; x_wconf 90' lang='lat' dir='ltr'>accipiet</span> <span class='ocrx_word' id='word_1_200' title='bbox 750 2240 1019 2296; x_wconf 92' lang='lat' dir='ltr'>compendio</span> <span class='ocrx_word' id='word_1_201' title='bbox 1057 2241 1276 2285; x_wconf 88' lang='lat' dir='ltr'>rationem</span> <span class='ocrx_word' id='word_1_202' title='bbox 1314 2242 1638 2286; x_wconf 87' lang='lat' dir='ltr'>conscientiae.</span> <span class='ocrx_word' id='word_1_203' title='bbox 1671 2241 1855 2285; x_wconf 86' lang='lat' dir='ltr'>Rectori</span> 
     </span>
     <span class='ocr_line' id='line_1_28' title="bbox 225 2315 1857 2375; baseline 0.002 -18"><span class='ocrx_word' id='word_1_204' title='bbox 225 2328 334 2358; x_wconf 87' lang='lat' dir='ltr'>vero</span> <span class='ocrx_word' id='word_1_205' title='bbox 354 2315 622 2369; x_wconf 88' lang='lat' dir='ltr'>committet,</span> <span class='ocrx_word' id='word_1_206' title='bbox 649 2324 698 2359; x_wconf 88' lang='lat' dir='ltr'>vt</span> <span class='ocrx_word' id='word_1_207' title='bbox 718 2316 766 2360; x_wconf 92' lang='lat' dir='ltr'>in</span> <span class='ocrx_word' id='word_1_208' title='bbox 787 2318 874 2361; x_wconf 87' lang='lat' dir='ltr'>alia</span> <span class='ocrx_word' id='word_1_209' title='bbox 900 2327 1110 2361; x_wconf 90' lang='lat' dir='ltr'>votorum</span> <span class='ocrx_word' id='word_1_210' title='bbox 1133 2319 1427 2363; x_wconf 88' lang='lat' dir='ltr'>renouatione</span> <span class='ocrx_word' id='word_1_211' title='bbox 1450 2320 1604 2363; x_wconf 87' lang='lat' dir='ltr'>audiat</span> <span class='ocrx_word' id='word_1_212' title='bbox 1619 2319 1857 2375; x_wconf 76' lang='lat' dir='ltr'>generales</span> 
     </span>
     <span class='ocr_line' id='line_1_29' title="bbox 223 2391 1855 2453; baseline 0.002 -19"><span class='ocrx_word' id='word_1_213' title='bbox 223 2391 546 2446; x_wconf 87' lang='lat' dir='ltr'>confessiones,</span> <span class='ocrx_word' id='word_1_214' title='bbox 566 2402 612 2438; x_wconf 90' lang='lat' dir='ltr'>et</span> <span class='ocrx_word' id='word_1_215' title='bbox 633 2394 852 2438; x_wconf 90' lang='lat' dir='ltr'>rationem</span> <span class='ocrx_word' id='word_1_216' title='bbox 869 2396 1175 2441; x_wconf 89' lang='lat' dir='ltr'>conscientiae</span> <span class='ocrx_word' id='word_1_217' title='bbox 1196 2396 1404 2453; x_wconf 89' lang='lat' dir='ltr'>accipiat.</span> <span class='ocrx_word' id='word_1_218' title='bbox 1428 2397 1728 2440; x_wconf 83' lang='lat' dir='ltr'>Prouincialis</span> <span class='ocrx_word' id='word_1_219' title='bbox 1748 2411 1855 2439; x_wconf 87' lang='lat' dir='ltr'>vero</span> 
     </span>
     <span class='ocr_line' id='line_1_30' title="bbox 224 2468 1852 2528; baseline 0.002 -17"><span class='ocrx_word' id='word_1_220' title='bbox 224 2468 320 2524; x_wconf 90' lang='lat' dir='ltr'>ipse</span> <span class='ocrx_word' id='word_1_221' title='bbox 345 2469 516 2526; x_wconf 87' lang='lat' dir='ltr'>deliget</span> <span class='ocrx_word' id='word_1_222' title='bbox 543 2472 725 2526; x_wconf 91' lang='lat' dir='ltr'>quando</span> <span class='ocrx_word' id='word_1_223' title='bbox 753 2472 862 2516; x_wconf 88' lang='lat' dir='ltr'>velit</span> <span class='ocrx_word' id='word_1_224' title='bbox 889 2473 1198 2517; x_wconf 88' lang='lat' dir='ltr'>confessiones</span> <span class='ocrx_word' id='word_1_225' title='bbox 1225 2473 1404 2518; x_wconf 89' lang='lat' dir='ltr'>audire.</span> <span class='ocrx_word' id='word_1_226' title='bbox 1436 2475 1551 2517; x_wconf 86' lang='lat' dir='ltr'>Nam</span> <span class='ocrx_word' id='word_1_227' title='bbox 1579 2475 1747 2516; x_wconf 84' lang='lat' dir='ltr'>Rornae</span> <span class='ocrx_word' id='word_1_228' title='bbox 1770 2487 1852 2528; x_wconf 87' lang='lat' dir='ltr'>ge—</span> 
     </span>
     <span class='ocr_line' id='line_1_31' title="bbox 225 2545 1792 2607; baseline 0.001 -19"><span class='ocrx_word' id='word_1_229' title='bbox 225 2545 392 2590; x_wconf 87' lang='lat' dir='ltr'>neralis</span> <span class='ocrx_word' id='word_1_230' title='bbox 412 2561 506 2590; x_wconf 91' lang='lat' dir='ltr'>non</span> <span class='ocrx_word' id='word_1_231' title='bbox 528 2548 703 2591; x_wconf 91' lang='lat' dir='ltr'>solebat</span> <span class='ocrx_word' id='word_1_232' title='bbox 725 2548 865 2592; x_wconf 87' lang='lat' dir='ltr'>totius</span> <span class='ocrx_word' id='word_1_233' title='bbox 886 2550 1045 2594; x_wconf 89' lang='lat' dir='ltr'>saltem</span> <span class='ocrx_word' id='word_1_234' title='bbox 1075 2550 1256 2607; x_wconf 89' lang='lat' dir='ltr'>collegii</span> <span class='ocrx_word' id='word_1_235' title='bbox 1283 2551 1594 2595; x_wconf 79' lang='lat' dir='ltr'>confessiones</span> <span class='ocrx_word' id='word_1_236' title='bbox 1624 2549 1792 2592; x_wconf 87' lang='lat' dir='ltr'>audire.</span> 
     </span>
    </p>

    <p class='ocr_par' dir='ltr' id='par_1_11' title="bbox 311 2623 1760 2685">
     <span class='ocr_line' id='line_1_32' title="bbox 311 2623 1760 2685; baseline 0.001 -19"><span class='ocrx_word' id='word_1_237' title='bbox 311 2623 383 2667; x_wconf 90' lang='lat' dir='ltr'>Ne</span> <span class='ocrx_word' id='word_1_238' title='bbox 405 2623 507 2679; x_wconf 90' lang='lat' dir='ltr'>quis</span> <span class='ocrx_word' id='word_1_239' title='bbox 527 2625 664 2668; x_wconf 90' lang='lat' dir='ltr'>domo</span> <span class='ocrx_word' id='word_1_240' title='bbox 685 2633 824 2668; x_wconf 89' lang='lat' dir='ltr'>noctu</span> <span class='ocrx_word' id='word_1_241' title='bbox 847 2633 995 2678; x_wconf 90' lang='lat' dir='ltr'>exeat,</span> <span class='ocrx_word' id='word_1_242' title='bbox 1021 2642 1139 2670; x_wconf 91' lang='lat' dir='ltr'>neue</span> <span class='ocrx_word' id='word_1_243' title='bbox 1159 2627 1457 2685; x_wconf 88' lang='lat' dir='ltr'>ingrediatur,</span> <span class='ocrx_word' id='word_1_244' title='bbox 1483 2628 1580 2683; x_wconf 83' lang='lat' dir='ltr'>ipso</span> <span class='ocrx_word' id='word_1_245' title='bbox 1602 2626 1760 2669; x_wconf 78' lang='lat' dir='ltr'>inscio.</span> 
     </span>
    </p>

    <p class='ocr_par' dir='ltr' id='par_1_12' title="bbox 222 2700 1851 2835">
     <span class='ocr_line' id='line_1_33' title="bbox 311 2700 1851 2761; baseline 0.001 -19"><span class='ocrx_word' id='word_1_246' title='bbox 311 2700 383 2743; x_wconf 88' lang='lat' dir='ltr'>Ne</span> <span class='ocrx_word' id='word_1_247' title='bbox 399 2700 550 2744; x_wconf 90' lang='lat' dir='ltr'>cibum</span> <span class='ocrx_word' id='word_1_248' title='bbox 569 2709 750 2745; x_wconf 90' lang='lat' dir='ltr'>sumant</span> <span class='ocrx_word' id='word_1_249' title='bbox 765 2711 893 2746; x_wconf 90' lang='lat' dir='ltr'>extra</span> <span class='ocrx_word' id='word_1_250' title='bbox 909 2703 1152 2760; x_wconf 89' lang='lat' dir='ltr'>collegium</span> <span class='ocrx_word' id='word_1_251' title='bbox 1170 2706 1342 2761; x_wconf 83' lang='lat' dir='ltr'>absque</span> <span class='ocrx_word' id='word_1_252' title='bbox 1360 2705 1458 2748; x_wconf 88' lang='lat' dir='ltr'>eius</span> <span class='ocrx_word' id='word_1_253' title='bbox 1469 2705 1700 2754; x_wconf 82' lang='lat' dir='ltr'>facultate,</span> <span class='ocrx_word' id='word_1_254' title='bbox 1718 2717 1851 2757; x_wconf 88' lang='lat' dir='ltr'>quam</span> 
     </span>
     <span class='ocr_line' id='line_1_34' title="bbox 222 2774 1850 2835; baseline 0.001 -17"><span class='ocrx_word' id='word_1_255' title='bbox 222 2774 319 2831; x_wconf 89' lang='lat' dir='ltr'>ipse</span> <span class='ocrx_word' id='word_1_256' title='bbox 341 2776 569 2821; x_wconf 88' lang='lat' dir='ltr'>rarissime</span> <span class='ocrx_word' id='word_1_257' title='bbox 590 2780 827 2832; x_wconf 90' lang='lat' dir='ltr'>concedet,</span> <span class='ocrx_word' id='word_1_258' title='bbox 852 2779 989 2835; x_wconf 91' lang='lat' dir='ltr'>idque</span> <span class='ocrx_word' id='word_1_259' title='bbox 1010 2781 1069 2823; x_wconf 90' lang='lat' dir='ltr'>ob</span> <span class='ocrx_word' id='word_1_260' title='bbox 1091 2782 1407 2825; x_wconf 88' lang='lat' dir='ltr'>vehementem</span> <span class='ocrx_word' id='word_1_261' title='bbox 1431 2781 1625 2834; x_wconf 80' lang='lat' dir='ltr'>aliquam</span> <span class='ocrx_word' id='word_1_262' title='bbox 1649 2793 1850 2830; x_wconf 87' lang='lat' dir='ltr'>causam,</span> 
     </span>
    </p>
   </div>
   <div class='ocr_carea' id='block_1_8' title="bbox 155 2853 775 2899">
    <p class='ocr_par' dir='ltr' id='par_1_13' title="bbox 155 2853 775 2899">
     <span class='ocr_line' id='line_1_35' title="bbox 155 2853 775 2899; baseline 0.011 -7"><span class='ocrx_word' id='word_1_263' title='bbox 155 2890 157 2892; x_wconf 87' lang='lat'>.</span> <span class='ocrx_word' id='word_1_264' title='bbox 221 2853 297 2896; x_wconf 89' lang='lat' dir='ltr'>vel</span> <span class='ocrx_word' id='word_1_265' title='bbox 317 2853 536 2897; x_wconf 88' lang='lat' dir='ltr'>eximium</span> <span class='ocrx_word' id='word_1_266' title='bbox 558 2855 775 2899; x_wconf 86' lang='lat' dir='ltr'>fructum.</span> 
     </span>
    </p>
   </div>
   <div class='ocr_carea' id='block_1_9' title="bbox 273 3019 1000 3068">
    <p class='ocr_par' dir='ltr' id='par_1_14' title="bbox 273 3019 1000 3068">
     <span class='ocr_line' id='line_1_36' title="bbox 273 3019 1000 3068; baseline 0.006 -14"><span class='ocrx_word' id='word_1_267' title='bbox 273 3020 284 3040; x_wconf 89' lang='lat'>¹</span> <span class='ocrx_word' id='word_1_268' title='bbox 334 3019 434 3055; x_wconf 89' lang='lat' dir='ltr'>Vide</span> <span class='ocrx_word' id='word_1_269' title='bbox 452 3031 582 3067; x_wconf 86' lang='lat' dir='ltr'>supra,</span> <span class='ocrx_word' id='word_1_270' title='bbox 601 3032 689 3068; x_wconf 88' lang='lat' dir='ltr'>pag.</span> <span class='ocrx_word' id='word_1_271' title='bbox 708 3031 792 3067; x_wconf 86' lang='lat'>402,</span> <span class='ocrx_word' id='word_1_272' title='bbox 813 3027 945 3059; x_wconf 83' lang='lat' dir='ltr'>annot.</span> <span class='ocrx_word' id='word_1_273' title='bbox 969 3031 1000 3058; x_wconf 93' lang='lat'>1.</span> 
     </span>
    </p>
   </div>
  </div>
 </body>
</html>
