2098 3470
802 273 1244 320 summissum-25
1551 312 1563 322 ,
1722 275 1791 322 847

197 375 275 435 pie
289 375 516 420 credimus
533 375 579 419 in
595 389 667 428 eo,
688 375 767 432 qui
783 374 929 432 eligit,
947 386 1050 419 esse
1070 380 1291 428 ἑκργοῳένη
1315 377 1342 427 ¹,
1363 375 1408 418 id
1423 385 1493 420 est
1509 377 1738 422 efficacem
1756 392 1838 434 per

197 454 481 497 sacramenta
496 459 542 496 et
554 452 651 509 pias
666 451 998 496 meditationes.
1029 451 1038 509 Ι
1065 451 1239 508 Itaque,
1250 467 1307 496 ex
1324 452 1398 497 illa
1410 453 1453 496 vi
1465 453 1630 497 amoris
1647 455 1836 499 coelesti

193 543 226 573 a
243 531 378 574 Patre
395 529 617 572 luminum
634 529 948 581 descendenti,
968 529 1015 572 in
1032 543 1123 585 qua
1140 530 1403 573 clamamus:
1425 531 1558 582 abba,
1582 532 1733 582 Pater,
1756 545 1836 587 per

195 605 418 664 Spiritum
434 607 671 659 Sanctum,
691 605 770 662 qui
791 605 838 648 in
860 605 936 649 illa
957 606 1092 649 datus
1113 605 1326 650 omnibus
1342 605 1388 649 in
1411 608 1498 650 Χ.ο
1515 608 1616 651 Iesu
1633 608 1666 659 ²,
1694 608 1808 651 doce
1821 633 1833 638 —

196 697 299 727 mus
315 696 416 728 esse
436 682 739 740 colligendam
761 682 1047 735 electionem,
1067 682 1106 726 si
1123 683 1226 739 quis
1247 697 1351 727 eum
1379 685 1593 728 affectum
1616 692 1766 740 potest
1788 693 1834 728 et

191 758 478 805 eiusindicia
493 759 689 815 assequi.
710 758 760 804 Si
778 773 871 803 non
889 748 1166 815 assequitur,
1186 761 1321 803 modo
1340 760 1454 803 nihil
1471 769 1628 804 contra
1645 761 1828 813 sentiat,

191 835 238 880 ei
258 836 346 880 alia
367 823 586 881 tradimus
608 836 693 880 tria
714 837 1006 889 documenta,
1026 850 1145 892 quae
1166 845 1437 892 sequuntur,
1457 837 1623 894 quibus
1646 838 1730 882 rite
1751 838 1831 881 eli-

191 920 275 971 gat
302 928 384 970 per
409 913 631 957 rationem
654 914 896 969 quamdam
917 914 1150 966 moralem,
1174 914 1248 958 vel
1270 914 1467 970 denique
1489 929 1567 971 per
1589 922 1759 958 metum
1784 924 1833 958 vt

187 990 463 1036 electionem
478 990 680 1047 colligat,
700 991 822 1047 quod
839 991 977 1047 paulo
993 990 1185 1034 inferius
1207 1005 1503 1047 exponemus.
1525 992 1574 1037 Si
1592 992 1694 1048 quis
1711 992 1830 1035 enim

189 1075 343 1111 actum
364 1067 411 1110 in
430 1068 582 1112 Deum
603 1069 856 1124 perfectum
877 1082 960 1124 pro
980 1072 1105 1110 statu
1127 1067 1228 1111 viae
1249 1083 1340 1111 non
1363 1069 1638 1124 assequitur,
1659 1076 1708 1111 vt
1729 1071 1831 1112 Deo

189 1144 376 1188 vniatur‘
394 1143 440 1187 in
463 1144 629 1188 amoris
651 1145 846 1200 quodam
868 1145 1126 1202 priuilegio,
1151 1147 1276 1188 hunc
1300 1146 1667 1197 manuducimus,
1694 1139 1830 1189 inodo

189 1220 304 1264 nihil
325 1229 462 1275 amet,
486 1221 598 1264 nihil
620 1221 809 1278 cogitet,
833 1223 907 1266 vel
922 1223 1151 1278 loquatur,
1178 1223 1248 1267 vel
1271 1230 1501 1279 operetur,
1527 1225 1649 1279 quod
1671 1222 1828 1266 diuino

187 1297 331 1342 amori
352 1298 411 1342 sit
431 1298 724 1351 contrarium,
744 1299 818 1342 vel
838 1299 917 1344 det
938 1314 1122 1356 operam
1137 1299 1305 1356 alioqui
1322 1301 1379 1343 ad
1397 1300 1561 1343 amoris
1578 1300 1721 1343 diuini
1739 1300 1826 1345 2⁰3

187 1374 512 1431 perfectionem
534 1376 878 1431 promerendam
901 1390 1007 1419 cum
1028 1376 1149 1420 illius
1171 1377 1334 1434 gratia.

276 1452 415 1508 Quod
437 1466 545 1495 vero
566 1451 762 1496 dicimus
783 1461 993 1509 oportere
1006 1467 1088 1509 per
1110 1455 1341 1506 affectum,
1360 1468 1416 1498 ex
1433 1454 1518 1499 Dei
1544 1469 1698 1498 amore
1721 1468 1827 1499 coe-

184 1515 525 1582 litus-infusum,
545 1528 722 1572 facilius
743 1529 982 1586 intelliget,
1003 1530 1098 1586 qui,
1118 1531 1240 1586 quod
1262 1530 1308 1574 in
1331 1539 1573 1588 prototypo
1592 1530 1827 1587 hispanico

182 1604 364 1662 scripsit
386 1607 441 1651 P.
464 1606 691 1662 Ignatius,
712 1606 837 1663 prius
859 1607 1037 1664 legerit,
1062 1609 1185 1664 quod
1209 1607 1471 1652 huiusmodi
1494 1616 1579 1653 est:
1609 1610 1701 1652 «La
1732 1608 1825 1664 pri-

185 1695 310 1726 mera
325 1683 451 1739 tegla
472 1697 539 1735 es,
557 1697 646 1738 que
668 1684 800 1740 aquel
815 1698 958 1737 amor,
976 1698 1066 1740 que
1078 1699 1156 1732 me
1173 1699 1340 1730 mueue
1362 1701 1391 1742 y
1406 1700 1476 1729 me
1493 1687 1606 1730 haze
1624 1684 1766 1741 elegit
1782 1686 1825 1728 la

181 1759 244 1802 tal
266 1773 388 1812 cosa,
412 1759 656 1804 descienda
676 1761 734 1805 de
755 1761 920 1814 arriba,
945 1762 1022 1806 del
1039 1776 1165 1808 amor
1187 1763 1244 1806 de
1265 1763 1393 1816 Dios;
1419 1763 1475 1806 de
1498 1763 1642 1806 forma
1664 1776 1757 1819 que
1780 1763 1823 1806 el

177 1849 271 1893 que
291 1835 412 1893 elige
432 1836 579 1880 sienta
599 1837 796 1894 primero
818 1853 876 1882 en
898 1842 934 1882 si
958 1852 1048 1895 que
1069 1840 1202 1895 aquel
1223 1854 1351 1883 amor
1372 1844 1468 1883 mas
1490 1844 1517 1883 ὁ
1541 1854 1701 1884 menos
1730 1854 1820 1895 que

144 1925 150 1930 ·
183 1911 305 1957 tiene
321 1916 348 1956 a
363 1914 407 1956 la
427 1928 533 1957 cosa
547 1928 637 1970 que
651 1914 787 1971 elige,
803 1929 854 1958 es
875 1916 974 1959 solo
995 1930 1078 1972 por
1099 1931 1154 1959 su
1172 1917 1363 1960 Criador
1385 1932 1413 1973 y
1438 1917 1602 1961 Sefior.
1615 1935 1632 1956 »
1660 1917 1708 1959 Id
1732 1923 1817 1959 est:

183 1989 364 2034 «Prima
390 1991 551 2048 regula
579 1998 648 2034 est
680 1999 729 2034 vt
761 1991 835 2036 ille
863 2007 1003 2046 amor,
1038 1992 1116 2049 qui
1139 2007 1212 2037 me
1242 2001 1396 2037 mouet
1425 2002 1471 2037 et
1506 1994 1612 2037 facit
1644 2001 1692 2036 vt
1726 2008 1819 2037 rem

175 2065 299 2111 illam
320 2066 503 2124 eligam,
527 2068 775 2112 descendat
795 2083 822 2112 e
842 2083 1024 2113 sursum
1046 2084 1103 2113 ex
1126 2070 1211 2132 Dei
1235 2085 1407 2123 amore,
1433 2070 1495 2114 ita
1518 2079 1567 2113 vt
1590 2071 1667 2126 qui
1690 2070 1820 2126 eligit

179 2143 347 2188 sentiat
368 2143 562 2200 primum
584 2144 629 2188 in
653 2160 702 2189 se
724 2147 847 2201 quod
868 2145 944 2190 ille
965 2161 1093 2190 amor
1109 2149 1229 2204 plus,
1251 2148 1418 2201 minus,
1439 2162 1530 2203 quo
1549 2162 1642 2192 rem
1661 2162 1816 2203 prose—

170 2219 347 2276 quitur,
376 2234 513 2276 quam
540 2221 686 2279 eligit,
717 2222 776 2266 sit
798 2232 981 2279 propter
1008 2238 1143 2267 suum
1171 2225 1435 2269 Creatorem
1470 2239 1521 2268 ac
1562 2225 1814 2268 Dominum

172 2298 534 2343 tantummod0.»
570 2299 792 2355 Loquitur
821 2300 963 2357 igitur
990 2302 1050 2346 de
1078 2301 1245 2345 amoris
1267 2310 1372 2345 actu
1402 2301 1645 2358 adquisito.
1679 2303 1815 2344 Hunc

173 2380 302 2430 optat
321 2388 375 2418 ac
396 2375 585 2431 requirit
606 2375 654 2419 in
675 2377 890 2433 eligente,
916 2378 973 2421 ad
996 2393 1132 2435 quem
1155 2380 1299 2423 fertur
1323 2379 1557 2435 obligatio,
1591 2387 1640 2421 vt
1669 2378 1815 2433 inquit

165 2451 268 2509 Jac.
286 2451 334 2494 in
350 2450 440 2507 3.⁰,
470 2452 478 2510 Ι
504 2453 562 2496 ab
584 2467 738 2498 amore
755 2454 840 2499 Dei
856 2454 1055 2499 deriuari
1070 2460 1197 2497 ἄνωθεν
1214 2456 1275 2513 (id
1293 2464 1380 2508 est,
1402 2456 1613 2512 superne)
1633 2456 1666 2507 ³,
1688 2456 1759 2499 vel
1776 2455 1813 2497 si

173 2526 320 2581 malis,
339 2542 397 2572 ex
412 2529 521 2584 alto,
539 2537 590 2572 vt
604 2530 806 2586 loquitur
822 2533 966 2588 Xpus.
988 2540 1023 2585 ⁸,
1040 2532 1086 2576 id
1102 2542 1172 2578 est
1189 2534 1247 2576 ab
1264 2534 1432 2577 affectu
1451 2531 1685 2576 charitatis
1703 2545 1810 2574 coe—

173 2603 300 2648 lestis
321 2618 374 2648 ac
394 2605 578 2651 diuinae
598 2591 797 2652 virtutis.

240 2752 260 2770 ⁸
307 2742 422 2779 Prius
445 2749 535 2790 post
559 2745 656 2780 haec
674 2744 898 2792 scripserat:
917 2750 955 2782 et
982 2745 1163 2786 Iacobus,
1179 2748 1318 2795 primo
1335 2748 1463 2793 capite
1481 2758 1575 2782 suae
1594 2747 1807 2782 canonicae

164 2802 376 2849 epistolae,
393 2814 495 2851 quae
512 2803 676 2842 delevit.

243 2905 255 2925 ¹
305 2903 400 2947 πίςις
421 2902 463 2939 δι’
479 2905 620 2952 ἀγάπης
639 2906 873 2953 ἐνεργουμένη.
893 2907 1018 2953 Gn„
1037 2908 1084 2954 V,
1106 2908 1143 2943 6.
1337 2912 1350 2929 ²
1401 2908 1526 2952 Rom,
1548 2906 1654 2951 VIII,
1678 2914 1734 2950 15.

241 2962 257 2983 ⁵
304 2968 400 2998 πᾶσι
413 2961 502 3006 δόσις
525 2963 637 3012 ἀγαθὴ
652 2965 709 2999 καὶ
726 2971 793 3000 παν
809 2963 950 3013 δὼρηια
966 2964 1095 3002 τέλειον
1112 2967 1237 3003 ἄνωθέν
1254 2980 1353 3003 εστιν.
1375 2968 1485 3013 ]Α<3.,
1507 2967 1538 3009 I,
1562 2974 1617 3010 173
1644 2972 1683 3000 et
1702 2964 1803 3000 idem

166 3019 209 3057 in
224 3032 311 3069 cap.
330 3022 399 3068 111,
418 3034 523 3060 vers.
548 3031 589 3069 17
606 3025 726 3060 habet
742 3025 867 3060 ἄνωθεν
884 3026 986 3076 σοφία
1009 3038 1202 3074 «superne
1227 3026 1454 3074 sapientia»,
1476 3025 1523 3061 ad
1542 3036 1656 3072 quem
1677 3025 1803 3059 locum

94 3096 98 3100 ·
167 3079 306 3118 referri
322 3087 454 3129 potest
470 3082 622 3120 Natalis
640 3084 840 3131 allegatio,
860 3085 928 3121 ubi
945 3091 1063 3132 caput
1077 3085 1100 3121 3
1117 3086 1232 3122 citat.
