2098 3470
660 277 894 316 ourionis
917 278 1364 319 onsnnvanouns-qo
1712 283 1785 320 7⁰7

288 380 487 437 Quidam
515 393 620 423 cum
650 377 810 422 fuisset
838 377 897 420 ad
925 375 1170 433 collegium
1207 374 1374 418 missus
1415 377 1443 426 ¹,
1475 375 1551 418 vbi
1586 376 1731 432 primo
1759 376 1834 420 die

198 459 315 502 adeo
336 457 422 501 fuit
442 454 691 508 desolatus,
715 461 766 497 vt
786 469 845 499 ne
866 453 1136 511 principium
1166 451 1350 508 quidem
1379 451 1561 509 (alioqui
1591 452 1677 496 sibi
1705 453 1835 496 facil-

200 533 374 589 limum)
400 532 606 577 inuenire
633 538 788 589 posset
818 530 1052 583 orationis,
1083 529 1163 573 sed
1191 529 1255 572 ita
1283 536 1451 582 tamen,
1482 537 1533 572 vt
1568 531 1835 587 eli214geret

198 610 445 655 efficaciter
466 608 588 653 illam
610 609 763 666 potius
783 607 1127 659 desolationem,
1153 620 1291 662 quam
1310 606 1669 651 consolationem
1691 622 1748 651 ex
1772 608 1835 650 fa-

202 687 363 730 miliari
395 686 479 730 sibi
518 685 742 743 principio
778 684 900 730 tertii
937 683 1110 744 gradus
1148 682 1433 737 humilitatis,
1476 685 1534 728 de
1570 699 1661 740 quo
1701 686 1838 728 Pater

204 764 410 821 Ignatius
430 764 476 806 in
498 762 743 817 exercitiis3
767 761 985 819 postridie
1008 776 1135 813 vero,
1160 775 1302 818 quum
1325 762 1383 804 ab
1411 762 1571 805 eadem
1599 761 1837 806 sterilitate

205 840 402 893 timeret,
425 840 556 883 affuit
577 848 729 883 tamen
751 839 814 882 illi
841 838 998 883 diuina
1024 837 1189 895 gratia.
1221 839 1290 880 Ex
1318 839 1701 894 contemplatione
1722 838 1838 881 ima-

203 917 328 974 ginis
346 916 600 961 natiuitatis
622 917 729 974 Xpi.
754 917 869 962 adeo
891 915 977 960 fuit
1005 924 1265 959 commotus
1292 929 1432 958 sensu
1468 915 1589 959 illius
1616 915 1836 972 mysterii,

204 1002 253 1038 et
276 1001 444 1039 tantam
467 995 615 1038 lucem
639 993 831 1051 accepit,
854 1001 906 1036 vt
921 993 968 1036 in
984 997 1173 1050 gustum
1190 1001 1236 1037 et
1254 992 1686 1055 contemplationem
1705 992 1839 1036 Chri-

205 1071 265 1114 sti
287 1071 491 1115 crucifixi
513 1085 617 1114 cum
641 1071 796 1114 multis
815 1069 1059 1126 lachrymis
1079 1070 1413 1122 traduceretur,
1433 1069 1564 1125 quasi
1581 1085 1636 1113 ex
1654 1069 1731 1113 illa
1746 1070 1840 1112 ele-

212 1147 394 1192 uatione
416 1148 581 1192 mentis
602 1155 649 1191 et
671 1149 775 1192 luce
795 1147 1072 1205 intelligeret
1087 1161 1189 1192 esse
1210 1148 1267 1190 ad
1283 1148 1684 1203 contemplandum
1703 1146 1841 1190 Chri-

209 1233 329 1268 stum
345 1224 611 1268 crucifixum
629 1225 908 1269 adeundum.
922 1224 1043 1268 Hinc
1059 1224 1117 1268 ad
1133 1232 1398 1281 praesentes
1414 1219 1713 1268 necessitates
1722 1224 1840 1266 dona

211 1302 386 1359 accepit
407 1301 617 1358 plurima.
641 1302 875 1345 Confirma
902 1304 1008 1354 hoc,
1032 1303 1176 1353 Deus,
1201 1301 1325 1357 quod
1353 1308 1567 1357 operatus
1588 1315 1638 1344 es
1659 1301 1692 1343 ³.
1725 1301 1843 1344 Cum

210 1380 326 1423 haec
341 1377 595 1422 consolatio
618 1385 947 1434 perseueraret,
971 1378 1090 1422 inter
1123 1377 1350 1434 colloquia
1387 1380 1591 1430 Patrum,
1622 1377 1844 1422 intellexit

214 1455 326 1498 illud
353 1469 477 1507 esse,
508 1456 630 1512 quod
659 1454 772 1498 dixit
800 1454 1012 1499 Christus
1037 1455 1223 1500 latroni:
1252 1455 1436 1500 «Hodie
1468 1469 1647 1499 mecum
1682 1455 1770 1498 eris
1798 1455 1843 1498 in

214 1531 423 1588 paradiso
445 1533 508 1585 3ι);
538 1531 798 1587 paradisum
827 1530 1018 1575 inveniri
1046 1531 1094 1574 in
1119 1531 1254 1576 hodie
1276 1531 1515 1588 passionis,
1540 1534 1628 1575 hoc
1650 1540 1720 1577 est
1741 1547 1845 1589 pas-

213 1608 355 1652 sionis
374 1608 824 1664 contemplationem,
849 1623 1028 1662 sensus,
1047 1615 1094 1652 et
1116 1609 1333 1653 fructum.

303 1689 376 1732 215
407 1686 556 1729 Actus
593 1684 878 1739 humilitatis,
900 1692 957 1740 ,vt
988 1684 1134 1728 facilis
1159 1693 1230 1729 est
1266 1685 1310 1728 in
1348 1686 1658 1731 consolatione
1687 1701 1739 1730 ac
1778 1701 1847 1730 re-

216 1776 317 1806 rum
339 1776 573 1815 successu,
598 1762 719 1804 vnde
739 1761 953 1805 laudetur
973 1761 1092 1817 quis,
1116 1762 1190 1806 vel
1209 1762 1396 1806 omnino
1412 1763 1586 1807 laudari
1608 1764 1765 1820 possit,
1786 1764 1849 1807 ita

214 1837 440 1882 difficilior
454 1852 508 1882 ac
525 1838 693 1890 verior,
708 1838 784 1880 vbi
802 1837 848 1880 in
867 1838 1093 1882 contraria
1109 1837 1406 1895 dispositione
1419 1839 1520 1896 quis
1536 1840 1844 1884 constituitur.

218 1917 286 1959 Ex
307 1915 445 1972 priori
466 1915 607 1972 igitur
630 1929 720 1957 non
743 1923 814 1958 est
829 1915 1014 1972 signum
1035 1923 1210 1959 certum
1233 1916 1431 1969 virtutis;
1456 1933 1512 1961 ex
1534 1919 1738 1961 secundo
1760 1926 1846 1961 est.

306 1993 359 2036 In
373 1993 579 2037 oratione
598 1994 667 2036 vel
687 1991 822 2036 etiam
840 1992 886 2034 in
898 1991 1076 2036 actione
1090 1992 1251 2048 quauis
1260 1993 1496 2050 spirituali,
1509 2009 1613 2038 cum
1632 1996 1723 2038 duo
1739 2010 1850 2039 con-

215 2077 421 2115 currant:
441 2072 569 2114 Deus
585 2069 631 2112 in
649 2069 781 2113 donis
797 2069 909 2121 suis,
930 2072 983 2112 ac
1002 2077 1182 2114 nostrae
1198 2070 1443 2127 potentiae,
1464 2071 1501 2114 si
1520 2072 1622 2127 quis
1643 2072 1705 2115 ita
1722 2082 1847 2129 agat,

217 2147 347 2204 quasi
369 2146 446 2203 qui
468 2146 622 2203 vigeat
642 2161 699 2190 ex
721 2146 818 2188 solo
845 2159 983 2190 sensu
1010 2146 1251 2200 donorum,
1276 2147 1504 2191 sentiebat
1531 2149 1713 2203 quidam
1743 2165 1847 2193 eum

219 2223 447 2268 hominem
465 2223 702 2267 molestum
717 2237 818 2266 esse
830 2224 950 2275 Deo,
966 2223 1048 2266 sed
1066 2222 1270 2267 timorem
1289 2238 1342 2267 ac
1360 2231 1617 2277 tremorem,
1632 2227 1704 2269 vel
1724 2234 1846 2278 actu,

219 2301 292 2343 vel
314 2300 496 2350 virtute,
521 2314 622 2343 esse
644 2299 969 2352 adhibendum,
990 2314 1047 2342 ne
1068 2314 1151 2342 sua
1171 2301 1406 2344 voluntate
1429 2301 1533 2358 cogi
1551 2304 1677 2345 Deus
1696 2302 1850 2346 videa-

220 2386 310 2430 tur,
334 2377 466 2420 etiam
491 2391 569 2433 per
591 2377 711 2418 dona
732 2391 830 2428 sua,
856 2390 972 2431 quae
994 2376 1271 2432 proueniunt
1291 2392 1349 2421 ex
1377 2378 1496 2421 illius
1518 2379 1679 2435 gratia3
1716 2394 1850 2435 prae-

220 2462 344 2498 terea
359 2469 419 2498 ne
438 2453 696 2509 arrogantia
718 2453 792 2506 sit,
813 2452 941 2508 quasi
959 2453 1066 2496 iusti
1083 2441 1242 2508 simus,
1261 2462 1307 2500 et
1324 2456 1370 2498 in
1388 2456 1554 2511 quibus
1571 2456 1682 2498 nihil
1700 2456 1851 2500 videat

221 2531 348 2574 Deus
368 2530 466 2586 ipse
486 2529 823 2586 corrigendum.
848 2530 922 2573 Ad
938 2544 1042 2574 eum
1064 2531 1296 2586 adeamus,
1315 2532 1362 2575 in
1379 2533 1508 2575 cuius
1526 2541 1776 2589 conspectu
1795 2547 1852 2576 ne

221 2606 374 2663 angeli
395 2606 577 2663 quidem
611 2606 767 2649 mundi
798 2613 922 2658 sunt,
956 2604 1061 2649 curn
1092 2621 1270 2652 summa
1300 2609 1555 2653 reuerentia
1587 2624 1639 2652 ac
1672 2609 1847 2654 timore.

222 2684 344 2726 Num
363 2685 451 2726 hoc
471 2690 542 2726 est
558 2683 680 2738 quod
697 2682 805 2725 dicit
824 2683 1010 2726 Paulus:
1033 2684 1177 2727 «Cum
1195 2684 1358 2730 timore
1376 2700 1428 2728 ac
1448 2694 1642 2730 tremore
1659 2687 1850 2730 salutem

187 2796 190 2797 γ
222 2745 418 2807 vestram
441 2759 688 2815 operamini
712 2760 772 2803 ⁴.»

297 2903 306 2922 ¹
356 2899 466 2936 Idem
489 2900 641 2936 seilicet
662 2901 704 2936 P.
731 2900 894 2945 Natalis,
917 2902 984 2948 qui
1002 2911 1104 2947 anno
1124 2910 1215 2947 1557
1244 2894 1492 2939 renuntiatus
1518 2910 1580 2939 est
1610 2905 1853 2951 superinten-

221 2959 319 2995 dens
335 2959 494 3004 collegii
517 2960 680 3006 romani3
701 2960 834 3007 ibique
848 2961 968 2996 etiam
985 2961 1098 2996 annis
1119 2962 1324 3007 1558·1560
1341 2974 1389 2998 eo
1411 2975 1571 2998 munere
1593 2963 1752 2999 functus
1776 2970 1854 2999 est.

21 3065 23 3073 y
193 3018 286 3055 cf.
306 3018 434 3064 Epist.
456 3019 507 3055 P.
526 3018 677 3060 Ναιιαι,
694 3019 743 3063 11,
763 3019 892 3065 50,64
909 3025 950 3055 et
966 3019 1028 3064 65.

296 3079 310 3097 ²
360 3075 426 3111 Ps.
452 3076 605 3120 LXVII,
634 3085 692 3122 29.
861 3078 876 3098 ³
926 3077 1045 3124 Luc„
1071 3078 1219 3126 xxm,
1236 3078 1296 3124 43.
1463 3083 1483 3111 .⁴
1533 3081 1705 3124 Pamin,
1726 3082 1774 3128 11,
1799 3090 1859 3117 12.
