2098 3470
687 234 925 275 Ona-nome
949 240 1397 277 onsnavtmouns-7o
1743 231 1818 279 699

226 338 463 384 Christum
491 338 792 390 conferretur,
819 335 899 393 qui
918 342 1079 380 noster
1107 341 1177 380 est
1198 341 1447 391 perpetuus
1469 333 1756 390 praepositus
1778 333 1864 391 ge-

227 415 412 470 neralis,
437 415 515 472 qui
536 422 607 460 est
626 416 755 460 Deus
774 412 1046 459 benedictus
1066 411 1115 455 in
1135 412 1308 464 secula,
1331 417 1379 454 et
1403 413 1456 454 P.
1483 410 1650 468 Ignatii
1677 410 1864 454 humili-

228 499 372 536 tatem
394 492 520 536 cordi
541 491 853 549 infigeremus.
862 524 872 534 .
881 525 891 534 .

316 569 390 615 173
419 569 634 626 Angelus
663 575 819 612 custos
845 567 1129 612 confidenter
1156 580 1210 609 ac
1239 564 1520 609 familiariter
1552 565 1598 607 in
1636 565 1867 610 suauitate

225 646 377 690 cordis
399 660 453 690 ac
475 646 581 691 luce
601 645 900 696 inuocandus,
925 643 1057 700 quasi
1077 643 1116 687 si
1138 643 1294 686 videas
1314 643 1465 686 Deum
1489 657 1569 697 per
1591 641 1718 684 illum
1748 643 1867 686 velle

225 738 310 767 nos
339 723 515 767 iuuare:
546 723 605 766 ad
630 722 678 765 id
704 722 913 766 conferre
939 720 1077 765 etiam
1104 720 1386 764 voluntatem
1415 733 1546 762 suam
1576 726 1713 774 atque
1735 718 1865 762 auxi-

225 800 355 852 lium,
379 800 603 857 virginem
624 804 800 850 θεοτόκον,
821 811 876 842 ac
895 805 1080 841 sanctos
1100 811 1276 842 omnes,

314 878 424 920 Erat
445 877 629 934 quidam
650 877 883 920 desolatus
902 874 1082 932 spiritu,
1108 882 1204 918 tum
1227 874 1364 919 etiam
1392 888 1583 930 corpore
1611 875 1727 917 male
1754 875 1867 916 afle-

221 959 357 1015 ictus,
382 953 440 996 ad
460 954 574 996 haec
590 952 751 1010 spiritu
767 951 1030 997 tentationis
1045 951 1350 1008 affligebatur.
1370 951 1446 994 Ad
1462 950 1695 994 Christum
1707 953 1866 1008 Jesum

237 1045 269 1073 n
289 1029 539 1074 afflictione
563 1029 712 1073 cordis
733 1029 943 1086 confugit
963 1029 1011 1072 in
1037 1028 1257 1073 oratione:
1290 1027 1420 1071 affuit
1449 1027 1598 1084 gratia
1628 1036 1674 1071 et
1703 1029 1782 1070 lux
1809 1043 1866 1071 ex

227 1107 363 1150 corde
384 1106 580 1150 animam
602 1107 880 1160 confortans,
904 1106 951 1150 in
972 1120 1063 1162 qua
1083 1105 1231 1163 gratia
1253 1106 1471 1150 tenebrae
1489 1105 1751 1148 tentationis
1768 1105 1862 1148 dis-

226 1182 507 1241 sipabantur,
531 1185 808 1239 sequebatur
829 1198 940 1227 vero
961 1183 1145 1227 libertas
1166 1182 1353 1239 spiritus
1374 1197 1428 1226 ac
1449 1183 1702 1228 dulcedo...

314 1260 392 1306 174
413 1261 686 1316 Sequendus
703 1267 859 1304 custos
875 1261 1085 1317 angelus,
1107 1259 1236 1317 quasi
1258 1259 1297 1304 si
1307 1275 1421 1316 puer
1438 1259 1638 1314 timidus,
1659 1259 1865 1315 trepidus

224 1344 363 1394 atque
383 1337 642 1389 imbecillis,
667 1344 884 1393 sequatur
912 1337 1254 1394 magnanimum
1275 1337 1517 1393 quemdam
1545 1336 1798 1393 gigantem.

314 1414 409 1470 Qui
430 1414 477 1457 in
498 1428 755 1471 congressu
775 1429 829 1458 ac
857 1414 1094 1470 colloquiis
1120 1421 1220 1458 erat
1246 1421 1414 1458 natura
1446 1428 1499 1457 ac
1529 1414 1864 1458 consuetudine

225 1490 432 1534 insuauis
451 1505 506 1534 ac
526 1492 762 1544 molestus,
784 1491 896 1534 nihil
917 1491 1092 1536 habens
1112 1490 1241 1547 pensi
1262 1490 1301 1534 si
1323 1490 1438 1534 alios
1459 1491 1615 1536 dolore
1637 1491 1859 1543 afficeret,

227 1575 365 1624 atque
385 1569 500 1612 adeo
521 1568 584 1622 id,
609 1568 763 1612 nescio
783 1583 875 1624 quo
896 1582 1066 1620 errore,
1089 1568 1198 1612 boni
1219 1569 1507 1620 consulebat,
1533 1568 1682 1612 orauit
1708 1568 1860 1613 inten-

227 1645 318 1688 tius
337 1646 399 1690 D.
422 1646 672 1702 Agatham,
692 1653 742 1688 vt
761 1645 932 1689 donum
953 1645 1207 1689 contrariae
1229 1644 1412 1689 virtutis
1433 1645 1520 1689 sibi
1542 1661 1569 1688 a
1593 1646 1693 1690 Deo
1714 1645 1860 1701 impe—

225 1729 383 1767 traret:
407 1722 552 1766 sensit
578 1722 785 1779 gratiam,
800 1737 855 1766 ac
881 1722 1168 1766 dulcedinem
1197 1722 1400 1779 spiritus,
1425 1730 1474 1765 vt
1503 1731 1599 1766 tota
1626 1723 1702 1765 illa
1724 1722 1862 1765 animi
1929 1719 1935 1723 ’

223 1798 468 1856 propensio
495 1814 549 1842 ac
576 1800 787 1843 voluntas
807 1799 1023 1844 ful75erit
1051 1799 1114 1842 illi
1142 1799 1396 1853 immutata,
1421 1807 1471 1842 vt
1493 1801 1550 1843 ab
1578 1800 1653 1843 illa
1681 1800 1860 1844 acerbi-

225 1883 319 1921 tate
335 1883 459 1920 totus
474 1877 652 1933 placide
667 1877 839 1920 feratur
854 1877 901 1919 in
918 1876 1229 1920 affabilitatem
1246 1891 1303 1920 ac
1320 1876 1614 1931 suauitatem,
1633 1877 1679 1919 in
1702 1877 1861 1921 eadem

222 1960 376 1998 tamen
398 1953 585 2010 spiritus
605 1953 814 1997 libertate
835 1967 890 1997 ac
913 1953 1197 1998 suauitate...

310 2030 509 2098 Quidam
531 2031 578 2073 in
600 2045 656 2075 eo
675 2038 773 2076 erat
794 2038 936 2083 totus,
960 2037 1010 2073 vt
1030 2029 1353 2076 subueniretur
1370 2031 1664 2084 Germaniae,
1685 2039 1732 2074 et
1749 2031 1859 2074 mis-

222 2121 320 2151 sam
342 2121 399 2151 eo
418 2107 664 2164 dirigebat:
704 2107 848 2152 sensit
875 2107 921 2150 in
956 2107 1180 2164 principio
1209 2108 1375 2152 missae
1402 2116 1447 2152 et
1487 2109 1581 2153 fere
1609 2122 1690 2164 per
1719 2115 1860 2151 totam

222 2184 406 2228 missam
429 2185 552 2240 quod
572 2186 719 2241 Xpus.
738 2184 837 2240 ipse
857 2184 1053 2241 praeiret
1074 2184 1139 2227 illi
1154 2184 1289 2229 simul
1310 2185 1358 2228 in
1373 2185 1595 2237 oratione,
1615 2194 1662 2228 et
1678 2200 1861 2241 preser—

224 2260 305 2303 tim
327 2260 375 2303 in
397 2260 602 2304 oratione
623 2260 851 2304 dominica
876 2268 923 2304 et
948 2260 1188 2314 sacrificio,
1213 2261 1346 2318 quasi
1372 2262 1602 2305 infirmum
1631 2278 1681 2306 se
1705 2270 1750 2306 et
1779 2263 1835 2304 de
1856 2288 1860 2292 -

223 2344 449 2394 spectum,
474 2346 520 2382 et
542 2338 672 2393 quasi
693 2338 939 2394 patientem
962 2339 1210 2383 ostendens
1229 2339 1373 2382 Patri.
1395 2339 1549 2384 Sensit
1566 2338 1675 2381 item
1693 2339 1861 2383 selecte

222 2414 414 2471 gloriam
435 2414 523 2458 Dei
542 2429 703 2471 puram
724 2414 771 2457 in
792 2413 1059 2470 Germania,
1081 2421 1129 2459 et
1149 2429 1268 2471 quae
1299 2429 1413 2472 pure
1442 2424 1512 2459 est
1539 2415 1855 2466 desideranda,

223 2490 271 2534 in
304 2491 534 2536 suauitate
560 2492 753 2546 quadam
782 2490 1002 2535 claritatis
1038 2491 1239 2546 luminis,
1266 2507 1383 2548 quae
1420 2507 1601 2536 omnem
1636 2491 1859 2535 haeresim

224 2574 347 2612 esset
367 2568 613 2625 expulsura
641 2567 685 2611 in
708 2570 853 2624 Xpo.,
879 2572 952 2614 183
973 2568 1049 2612 cui
1069 2575 1140 2612 est
1166 2568 1344 2613 infinita
1373 2583 1424 2612 ac
1454 2568 1729 2624 sempiterna
1756 2569 1858 2624 glo-

224 2643 307 2688 ria.
326 2645 493 2688 Amen.

312 2720 458 2778 Virgo
484 2726 644 2771 θεότοκος
680 2722 927 2774 laudanda,
957 2723 1232 2776 extollenda,
1274 2723 1518 2774 adoranda,
1545 2730 1653 2774 etc.;
1685 2721 1807 2776 quod
1835 2736 1860 2764 a

225 2797 320 2841 filio
340 2799 441 2843 Deo
462 2798 672 2842 laudetur
693 2806 741 2843 et
761 2797 1102 2844 honorificetur.

315 2874 489 2919 Mariae
510 2875 695 2918 deuotio
716 2875 823 2918 data
843 2882 913 2919 est
934 2875 1115 2919 cuidam
1136 2889 1242 2919 cum
1264 2875 1598 2932 significatione
1620 2874 1858 2917 lachrima—

226 2965 344 2994 rum:
369 2958 474 3007 post
494 2951 613 2994 duos
635 2951 733 2996 dies
754 2950 894 2995 sensit
920 2951 1008 2995 sibi
1044 2952 1195 2995 datam
1225 2952 1418 3009 gratiam
1448 2952 1670 2995 aduersus
1702 2964 1860 3005 quam—

224 3028 329 3071 dam
351 3027 665 3072 tentationem.
