2098 3470
319 275 390 311 612
792 279 945 316 erms
972 281 1213 317 Hmnoxvm
1241 281 1393 317 NADAL

360 377 655 435 Significetur
678 381 961 425 renouaturis
983 390 1102 435 vota,
1128 396 1181 425 ea
1210 389 1447 438 propterea
1476 382 1702 436 renouari,
1736 391 1785 426 vt
1814 398 1915 427 me-

271 454 412 498 moria
434 455 723 512 obligationis
745 466 1004 510 renouetur,
1030 467 1074 502 et
1096 458 1281 520 deuotio
1304 459 1362 502 ad
1384 467 1592 502 votorum
1622 460 1908 504 obseruatio-

273 547 374 576 nem
401 532 642 588 excitetur,
673 534 806 578 simul
835 544 881 578 vt
904 536 1055 592 purior
1078 537 1156 578 fiat
1177 543 1222 578 et
1244 536 1486 592 perfectior
1507 538 1607 580 Deo
1628 537 1815 590 oblatio,
1840 546 1904 590 et,

274 608 310 652 si
334 609 443 665 quid
461 611 609 654 fuerat
627 611 829 655 fortassis
846 611 1214 668 imperfectionis,
1235 613 1504 668 depellatur,
1524 621 1569 658 et
1588 614 1716 658 firma
1733 629 1913 671 semper

274 686 331 730 sit
355 686 590 744 obligatio,
622 689 692 731 vel
720 673 854 733 etiam
883 689 1140 745 perfectior,
1171 690 1244 732 vel
1273 704 1407 742 noua,
1440 691 1478 733 si
1506 691 1631 734 fictio
1658 691 1807 746 aliqua
1838 692 1916 734 in-

275 763 572 819 tercessisset,
597 767 718 820 quod
741 781 974 821 nunquam
998 767 1097 818 erit,
1123 766 1306 810 Christo
1328 767 1538 823 propitio.

815 900 877 929 DE
915 899 1371 929 CONCIONATORIBUS

363 999 434 1043 Ne
457 998 534 1042 det
558 998 816 1042 facultatem
841 1005 989 1040 rector
1011 997 1310 1040 concionandi
1334 998 1405 1041 vel
1427 998 1640 1041 audiendi
1663 999 1905 1043 confessio-

275 1089 374 1129 nes,
400 1074 485 1118 nisi
507 1076 718 1118 consulto
739 1074 864 1130 prius
886 1074 1150 1130 prouinciali
1173 1082 1218 1118 et
1235 1075 1292 1118 de
1307 1074 1406 1118 eius
1428 1074 1624 1118 licentia.
1652 1077 1783 1119 Esset
1805 1091 1918 1121 vero

275 1152 496 1206 securius,
521 1152 559 1195 si
580 1151 679 1194 illos
701 1156 782 1198 653
802 1152 1078 1195 examinaret
1101 1151 1393 1207 prouincialis
1415 1151 1528 1208 ipse3
1553 1153 1633 1196 sed
1656 1159 1807 1196 tamen
1830 1168 1912 1209 po-

277 1228 381 1273 terit
398 1243 452 1272 ex
475 1228 795 1288 informatione
816 1236 860 1272 et
882 1227 1106 1272 sententia
1128 1228 1319 1272 rectoris
1339 1236 1385 1272 et
1411 1230 1724 1273 consultorum
1746 1230 1917 1273 absens

277 1305 605 1362 praescribere.

366 1381 725 1426 Concionatores
753 1397 810 1425 ne
838 1391 976 1438 agant
1010 1381 1197 1424 nimium
1230 1382 1512 1427 confidenter
1540 1382 1585 1425 in
1614 1382 1919 1426 concionibus

278 1459 389 1512 suis,
415 1460 495 1503 sed
522 1466 722 1515 paratam
745 1466 790 1502 et
818 1459 1049 1515 scriptam,
1084 1459 1232 1514 quoad
1261 1458 1360 1502 eius
1382 1459 1478 1502 fieri
1502 1459 1683 1516 poterit,
1706 1461 1904 1504 habeant

277 1536 560 1589 concionem,
580 1550 714 1591 quam
733 1535 868 1580 etiarn
887 1535 1325 1580 communicauerint
1342 1550 1445 1578 cum
1464 1536 1694 1592 superiore
1710 1538 1781 1581 vel
1800 1551 1903 1580 cum

279 1628 349 1666 e0,
375 1627 510 1669 quem
533 1612 607 1656 ille
628 1612 954 1669 designauerit,
980 1612 1064 1654 nisi
1088 1621 1156 1656 sat
1178 1612 1236 1655 sit
1258 1612 1463 1656 eruditus
1490 1620 1536 1658 et
1558 1614 1777 1670 probatus
1798 1628 1912 1656 con-

278 1690 497 1735 cionator.

367 1768 602 1811 Habeatur
624 1766 866 1822 aliquando
888 1766 1045 1809 concio
1074 1766 1211 1809 latina
1249 1767 1305 1809 ab
1343 1766 1625 1811 scholasticis
1645 1767 1702 1810 ad
1723 1767 1916 1823 linguae

282 1844 651 1890 exercitationem
677 1843 723 1886 in
746 1844 931 1887 refecto1
942 1842 999 1885 io.

368 1921 574 1978 Singulis
595 1920 806 1964 noctibus
823 1935 845 1962 a
866 1919 1029 1963 nostris
1046 1920 1091 1963 in
1111 1921 1347 1964 refectorio
1366 1920 1630 1965 concionem
1649 1921 1905 1966 habendam

281 2014 398 2052 esse,
423 1998 468 2042 in
498 1997 553 2041 iis
580 1996 785 2053 collegiis
818 2004 991 2039 tantum
1030 1997 1311 2054 intelligitur,
1345 1998 1392 2040 in
1429 1997 1595 2055 quibus
1621 1999 1775 2053 plures
1803 2005 1916 2056 sunt

280 2091 414 2132 quam
440 2086 497 2131 50
518 2073 790 2118 scholastici.
817 2075 864 2116 In
906 2073 1086 2129 reliquis
1123 2075 1345 2118 habeatur
1381 2082 1430 2117 vt
1454 2074 1688 2117 minimum
1718 2073 1918 2131 singulis

280 2152 520 2198 dominicis
546 2151 723 2203 diebus,
756 2159 834 2193 aut
857 2151 1048 2207 singulis
1079 2151 1206 2196 festis
1237 2159 1282 2195 et
1310 2151 1564 2205 dominicis,
1598 2158 1678 2194 aut
1706 2151 1914 2204 alternis,

278 2239 357 2275 aut
381 2232 449 2286 3.⁰
477 2243 658 2286 quoque
685 2227 774 2280 die,
814 2235 950 2283 prout
974 2227 1200 2271 videbitur
1229 2228 1466 2284 superiori,
1507 2236 1552 2272 et
1576 2243 1792 2271 numerus
1817 2229 1905 2271 fra—

282 2315 402 2352 trum
426 2308 540 2352 feret
561 2306 634 2350 vel
656 2304 917 2361 postulabit.

369 2383 462 2441 Qui
484 2382 811 2427 concionantur
839 2395 917 2436 per
945 2395 1105 2436 pagos,
1140 2388 1331 2437 possunt
1361 2381 1565 2437 accipere
1596 2381 1912 2434 refectionem,

279 2462 326 2505 in
349 2464 540 2505 honesta
559 2458 709 2514 aliqua
730 2462 815 2504 654
837 2459 990 2500 domo.
1013 2458 1150 2513 Quod
1173 2457 1209 2500 si
1231 2457 1373 2514 possit
1396 2458 1524 2501 cibus
1547 2458 1663 2501 sumi
1686 2458 1731 2500 in
1754 2457 1912 2513 hospi·

268 2539 358 2583 ›tali
381 2539 455 2583 vel
475 2527 618 2580 domo*
632 2534 793 2587 curati,
819 2549 875 2578 ne
912 2541 1118 2577 sumatur
1140 2534 1262 2586 alibi,
1303 2534 1389 2577 nisi
1426 2534 1552 2590 prius
1589 2534 1770 2578 licentia
1792 2549 1817 2578 a
1839 2549 1912 2577 re-

280 2623 405 2659 ctore
426 2613 581 2657 habita
602 2612 753 2657 fuerit.
780 2610 827 2656 Si
850 2625 958 2654 vero
979 2611 1131 2654 nullus
1159 2611 1284 2654 illurn
1313 2610 1543 2665 inuitaret‚
1574 2619 1728 2668 posset
1756 2619 1914 2667 petere

281 2694 615 2748 eleemosynam
653 2688 788 2734 etiam
825 2687 1020 2730 ostiatim
1043 2695 1061 2713 ²
1082 2689 1138 2731 ad
1161 2687 1311 2730 cibum
1341 2701 1543 2743 parcum,
1578 2689 1657 2732 sed
1681 2695 1830 2731 tamen
1855 2688 1913 2730 ad

283 2768 606 2814 necessarium.
1510 2818 1515 2822 ,

367 2846 416 2891 Si
438 2845 613 2902 possint
634 2842 807 2900 pedites
830 2841 1052 2897 proficisci
1082 2841 1178 2884 sine
1216 2840 1488 2885 detrimento
1526 2842 1815 2893 valetudinis,
1847 2842 1910 2885 ita

282 2922 626 2979 proficiscantur
649 2919 1011 2969 concionatores,
1032 2918 1275 2974 praecipue
1298 2917 1334 2960 si
1357 2932 1446 2960 non
1470 2918 1611 2974 longe
1627 2920 1836 2963 habenda
1853 2919 1914 2961 sit

353 3102 370 3117 a
394 3089 598 3126 hostiatim
619 3094 690 3122 ms.
