2098 3470
286 232 355 278 536
759 236 913 274 PA'rms
940 238 1182 274 Hissnom'm
1209 238 1358 274 NADAL

238 335 601 381 commissionem
640 352 721 394 pro
756 338 1014 382 huiusmodi
1053 340 1188 382 rebus
1225 353 1315 382 non
1352 338 1576 383 habuerit.
1617 339 1773 394 Itaque
1810 339 1867 383 ad

239 412 478 456 euitandas
499 413 760 458 huiusmodi
782 414 1087 468 difficultates,
1113 429 1170 458 ne
1193 415 1429 472 negligant
1460 415 1713 472 superiores
1735 430 1866 472 prae—

239 488 437 532 scribere
479 497 544 543 vt,
590 491 666 546 qui
709 492 823 535 duos
865 507 1006 535 annos
1050 491 1375 548 transegerint,
1419 491 1449 534 ii
1491 499 1597 535 vota
1638 491 1862 535 emittant.

242 566 542 622 Prae[t]eritis
564 574 714 612 tamen
744 569 923 611 duobus
951 568 1080 611 annis
1108 568 1221 620 istis,
1254 569 1405 611 nullus
1433 568 1597 613 desinit
1629 576 1865 625 propterea

237 656 338 686 esse
367 643 590 697 nouitius,
622 646 702 690 sed
730 647 911 701 quando
939 645 1246 702 superioribus
1274 647 1420 688 visum
1458 645 1609 697 fuerit,
1650 653 1728 688 aut
1760 659 1864 688 cum

235 726 424 763 vocatur
446 728 494 763 vt
515 721 594 764 fiat
615 723 846 778 professus
868 723 939 765 vel
962 722 1195 765 coadiutor
1219 723 1436 765 formatus
1463 722 1534 766 vel
1563 721 1864 765 scholasticus

234 797 525 852 approbatus,
551 805 629 841 aut
651 807 860 855 expectat
883 807 1060 854 tempus
1077 798 1299 855 superior,
1319 806 1368 841 vt
1386 799 1442 841 ad
1458 798 1652 855 aliquem
1671 799 1863 855 gradum

232 872 358 916 illum
391 882 679 930 promoueat,
716 876 794 919 sed
832 875 1010 919 interim
1048 875 1157 918 dicit
1193 875 1319 918 illum
1357 890 1448 918 non
1484 876 1743 918 habendum
1782 890 1863 932 pro

233 949 423 993 nouitio.

324 1028 571 1083 Postquam
600 1028 836 1085 ingressus
864 1029 964 1084 quis
994 1029 1129 1073 fuerit
1166 1028 1456 1080 Societatem,
1496 1027 1677 1072 liberari
1713 1035 1863 1084 potest

233 1105 289 1146 ab
313 1103 465 1160 aliqua
487 1104 819 1162 irregularitate
842 1121 921 1162 per
941 1105 1324 1162 dispensationem
1347 1112 1451 1149 ante
1473 1109 1557 1152 462
1580 1105 1715 1149 finem
1745 1105 1863 1148 duo-

233 1194 333 1223 rum
358 1195 598 1234 annorum,
623 1182 799 1225 etiamsi
823 1191 928 1225 vota
957 1197 1048 1225 non
1076 1182 1289 1233 emiserit,
1309 1181 1434 1224 iuxta
1457 1197 1558 1226 earn
1581 1181 1859 1233 facultatem,

233 1271 369 1312 quam
392 1258 649 1314 accepimus
672 1259 814 1316 primo
831 1260 931 1302 loco
948 1259 993 1301 in
1011 1259 1134 1301 bulla
1154 1259 1281 1302 Pauli
1301 1273 1342 1314 3,
1367 1259 1516 1317 [anno]
1542 1268 1668 1314 15453
1689 1259 1746 1301 ab
1764 1257 1863 1301 aliis

231 1333 367 1377 etiam
401 1335 687 1390 quibusdam,
715 1336 838 1379 iuxta
861 1336 905 1378 id
928 1336 1047 1392 quod
1078 1335 1343 1378 conceditur
1375 1336 1420 1378 in
1452 1336 1610 1380 eadem
1641 1335 1764 1378 bulla
1794 1334 1862 1378 2.⁰

230 1411 348 1465 loco,
374 1419 614 1469 postquam
638 1420 742 1456 vota
765 1413 978 1465 emiserit,
1004 1413 1138 1455 modo
1167 1414 1252 1456 sub
1282 1412 1521 1457 Societatis
1549 1412 1675 1455 viuat
1702 1420 1720 1437 ³
1750 1413 1860 1455 obe-

231 1488 402 1533 dientia
423 1504 505 1546 pro
529 1497 730 1546 ternpore
752 1498 797 1534 et
819 1491 976 1533 firmus
998 1490 1055 1533 sit
1077 1490 1122 1533 in
1150 1490 1405 1534 vocatione.

321 1566 513 1618 Nouitii,
540 1560 652 1622 quas
679 1569 874 1611 afferunt
903 1574 1070 1619 vestes,
1101 1566 1266 1622 quibus
1295 1566 1530 1610 commode
1558 1566 1622 1609 vti
1650 1572 1857 1622 possunt,

231 1649 315 1685 v'su
341 1651 627 1696 consumant,
652 1659 737 1689 nec
759 1644 1013 1688 scribantur
1035 1643 1081 1687 in
1103 1644 1235 1687 libro:
1261 1644 1299 1686 si
1322 1643 1430 1699 quid
1460 1651 1608 1686 tamen
1638 1651 1759 1686 esset
1779 1657 1860 1687 ve·-

231 1719 385 1771 stium,
412 1734 502 1776 quo
525 1735 603 1765 eos
625 1721 688 1763 vti
712 1735 801 1763 non
825 1721 1106 1774 conueniret,
1138 1721 1183 1763 id
1206 1719 1463 1765 seruabitur
1490 1726 1535 1763 et
1561 1719 1608 1762 in
1635 1719 1752 1762 libro
1779 1720 1860 1764 de-

231 1796 472 1840 scribetur.
513 1799 777 1851 Praeterea,
817 1797 854 1840 si
897 1798 1004 1854 quid
1041 1797 1271 1842 dedissent
1308 1797 1583 1841 seruandum
1619 1795 1856 1852 pecuniae,

231 1875 357 1930 quod
379 1874 610 1918 videretur
632 1890 713 1919 eos
734 1875 961 1920 solicitare
982 1888 1114 1931 posse
1137 1875 1194 1917 ad
1216 1888 1460 1927 recessum,
1486 1873 1634 1916 statim
1664 1874 1817 1929 elapso
1841 1872 1859 1897 ¹³

229 1949 274 1993 id
297 1950 541 1995 iubeantur
563 1951 838 2013 distribuere·
856 1951 1145 2008 pauperibus,
1172 1950 1258 1993 nisi
1280 1966 1362 1995 sua
1385 1951 1619 1994 voluntate
1646 1949 1730 2006 ipsi
1753 1957 1858 1994 ante

229 2027 582 2081 distribuissent,
608 2044 664 2072 ne
686 2029 791 2072 inde
814 2028 1035 2085 accipiant
1058 2027 1338 2071 occasionem
1363 2027 1623 2071 tentationis
1640 2034 1686 2070 et
1703 2029 1857 2070 forsan

225 2104 510 2148 defectionis.
536 2106 583 2150 Si
608 2121 696 2162 qua
715 2114 864 2150 tamen
883 2105 1114 2162 possident
1132 2105 1312 2148 maioris
1331 2105 1562 2157 momenti,
1582 2119 1636 2148 ea
1652 2108 1743 2147 'non
1763 2111 1854 2147 tam

226 2180 332 2233 cito,
359 2196 443 2225 nec
461 2182 547 2226 nisi
564 2183 771 2226 consulte
793 2183 1072 2226 iubebuntur
1089 2181 1358 2226 distribuere
1380 2183 1409 2225 ¹.

313 2264 397 2305 463
419 2259 615 2303 Nouitiis
643 2260 687 2302 in
712 2259 853 2316 prima
883 2259 1148 2315 probatione
1176 2258 1273 2302 dari
1301 2265 1490 2315 possunt
1519 2257 1732 2302 exercitia
1759 2257 1854 2314 pri-

226 2350 325 2379 mae
348 2336 661 2389 hebdomadis,
686 2343 735 2378 vt
758 2335 913 2379 maiori
942 2350 1046 2378 cum
1079 2337 1228 2379 fructu
1259 2335 1424 2378 faciant
1456 2336 1714 2391 generalem
1745 2349 1852 2378 con-

223 2413 482 2467 fessionem,
509 2421 554 2461 et
581 2421 630 2456 vt
651 2414 849 2457 habeant
877 2413 923 2455 in
953 2428 1043 2468 quo
1073 2420 1353 2469 occupentur
1391 2423 1439 2467 15
1474 2420 1551 2455 aut
1586 2424 1641 2455 20
1672 2411 1849 2464 diebus,

224 2490 300 2545 qui
324 2490 760 2534 circumscribuntur
782 2491 838 2533 ad
861 2491 1046 2546 primam
1071 2489 1398 2546 probationem,
1423 2498 1468 2532 et
1496 2490 1610 2533 haec
1638 2488 1851 2533 exercitia
1913 2538 1915 2540 q

224 2576 411 2623 possent
433 2568 583 2611 statim
607 2567 735 2610 initio
759 2568 907 2611 facere
930 2575 974 2610 et
1003 2567 1206 2611 confiteri
1236 2566 1524 2623 generaliter:
1555 2565 1718 2610 deinde
1744 2565 1847 2617 alia,

220 2659 337 2700 quae
359 2647 428 2699 4.⁰
451 2645 599 2701 capite
620 2644 790 2701 primae
813 2644 950 2700 partis
973 2643 1348 2687 constitutionum
1371 2643 1755 2700 praescribuntur,
1782 2644 1849 2685 fa-

219 2736 341 2776 cere;
366 2729 598 2778 postremo
620 2721 788 2765 debent
809 2721 971 2764 iterum
994 2720 1123 2763 breui
1143 2719 1364 2774 confiteri,
1396 2727 1440 2764 et
1467 2734 1648 2763 sumere
1675 2733 1847 2762 sacram

219 2799 557 2852 eucharistiam,
583 2806 628 2842 et
650 2800 736 2841 hoc
757 2797 937 2840 videtur
958 2797 1084 2840 iuxta
1105 2797 1363 2840 institutum
1385 2796 1498 2848 fieri,
1524 2803 1572 2838 vt
1589 2796 1646 2839 ad
1668 2797 1848 2839 confes-

288 2947 306 2964 a
329 2980 337 2985 ἢ
354 2936 498 2972 viuant
517 2948 587 2972 ms.
638 2936 705 2962 -b
732 2934 959 2980 Sic3primo
978 2935 1106 2969 anno?

287 3046 296 3066 ¹
349 3045 410 3081 Cf.
427 3045 560 3080 Jnstit.
583 3044 668 3079 Soc.
681 3043 778 3091 Jesu
798 3042 908 3086 (edit.
928 3041 1023 3087 cit.),
1047 3042 1098 3088 ΙΙ,
1117 3052 1152 3086 9,
1176 3050 1230 3087 17,
1252 3040 1335 3087 223,
1354 3040 1438 3086 321,
1457 3039 1527 3086 423
1545 3045 1584 3075 et
1602 3047 1686 3085 470.

2094 1107 2098 1204 l

2094 1206 2098 1230 l
