2098 3470
805 252 1238 290 lnsrnucnomzs-61
1713 257 1787 300 ,41¹

194 355 400 400 exeundi
420 356 557 400 domo
583 356 692 401 dare
719 361 949 413 poterunt,
982 355 1031 398 in
1046 355 1182 398 domo
1210 355 1428 411 professa,
1459 352 1762 410 praepositus3
1788 352 1839 396 in

202 433 424 491 collegiis,
447 433 525 477 vbi
548 433 684 478 fuerit
705 432 1101 489 superintendens,
1122 432 1196 476 hic
1213 431 1274 477 112
1295 438 1343 474 et
1365 437 1529 484 rector3
1548 430 1595 473 in
1619 430 1735 483 aliis,
1762 443 1837 473 re-

200 517 316 554 ctor.
342 509 548 555 Minister
568 517 720 553 autem
742 523 835 552 non
855 509 982 553 dabit
1002 509 1266 555 facultatem
1287 507 1500 559 exeundi,
1526 507 1613 550 nisi
1637 521 1693 550 ex
1711 521 1836 550 com-

202 585 433 640 missione,
459 586 639 644 quando
661 585 918 642 superiores
938 585 1013 630 alii
1035 586 1246 631 abierint.
1271 586 1400 629 Haec
1422 583 1538 627 ratio
1555 584 1731 639 aliquas
1748 585 1836 627 ha-

201 663 280 708 bet
300 662 662 708 commoditates.
690 665 851 707 Posset
873 670 1023 706 tamen
1040 662 1152 705 illud
1169 661 1356 708 breuius
1376 661 1621 718 prouideri,
1648 676 1706 705 ne
1731 663 1834 705 abs-

201 753 291 796 que
327 740 545 784 facultate
580 739 742 800 aliquis
778 741 914 783 domo
951 739 1236 796 egrediatur,
1275 739 1315 782 si
1348 739 1611 782 facultatem
1650 738 1833 793 quidem

198 816 463 874 egrediendi
479 831 560 873 per
575 830 625 860 se
641 817 855 873 postulet,
875 816 953 873 qui
968 823 1040 861 est
1055 830 1328 873 egressurus
1343 829 1370 859 a
1386 814 1637 871 superiore:
1660 815 1835 858 socium

200 900 353 940 tamen
374 900 514 950 petat,
540 901 585 939 et
608 901 799 949 quaerat
819 907 901 950 per
922 893 1177 938 ianitorem.

288 971 506 1014 Rectores
527 970 714 1015 audient
737 969 1051 1014 confessiones
1082 970 1321 1026 generales
1348 969 1396 1012 in
1425 968 1721 1012 renouatione
1749 983 1834 1012 vo—

200 1054 366 1099 torum,
385 1047 471 1090 nisi
491 1062 569 1090 eas
590 1047 778 1091 audiant
797 1046 1118 1104 prouinciales,
1141 1047 1267 1102 quod
1289 1047 1438 1090 solent
1454 1046 1501 1089 in
1519 1046 1738 1090 alterutra
1761 1059 1834 1088 re-

201 1123 450 1168 nouatione
492 1125 521 1178 '3
551 1133 598 1168 et
625 1124 672 1167 in
708 1124 782 1167 his
817 1124 983 1181 poterit
1013 1123 1205 1180 quilibet
1236 1124 1427 1169 reddere
1463 1123 1686 1167 rationem
1724 1138 1837 1167 suae

194 1200 525 1254 conscientiae,
550 1201 677 1245 iuxta
697 1201 957 1246 institutum
980 1201 1238 1256 Societatis3
1263 1209 1310 1245 et
1336 1201 1384 1253 ii,
1404 1201 1482 1257 qui
1510 1200 1668 1244 maiori
1692 1206 1834 1256 egent

202 1276 386 1331 auxilio,
411 1278 752 1321 confitebuntur
773 1278 909 1323 etiam
931 1278 1154 1335 superiori
1176 1285 1340 1322 octauo
1372 1292 1555 1334 quoque
1583 1277 1672 1330 die,
1704 1291 1834 1333 prae-

202 1353 357 1398 sertim
379 1353 415 1398 si
439 1354 484 1397 id
505 1353 700 1400 libenter
738 1355 901 1398 facturi
937 1355 1192 1400 videantur.
1234 1354 1444 1400 Minister
1469 1369 1580 1398 vero
1602 1369 1693 1398 non
1718 1354 1834 1397 solet

198 1430 357 1475 audire
377 1431 689 1476 confessiones
709 1439 987 1476 nostrorum.

285 1506 344 1553 ns
365 1507 664 1552 Coadiutores
699 1515 853 1553 autem
881 1509 1062 1553 formati
1091 1516 1139 1553 et
1174 1509 1367 1566 professi
1389 1510 1582 1553 reddent
1604 1509 1828 1553 rationem

192 1583 500 1629 conscientiae
530 1585 816 1641 prouinciali,
841 1586 880 1630 si
901 1585 1036 1639 adsit,
1061 1593 1141 1630 aut
1162 1601 1247 1630 suo
1275 1586 1498 1643 superiori
1527 1586 1723 1643 singulis
1752 1601 1833 1630 an-

194 1661 280 1717 niS‚
305 1668 352 1707 et
371 1662 508 1707 etiam
533 1663 834 1719 frequentiuS,
874 1663 912 1707 si
940 1663 1006 1708 sie
1042 1664 1272 1709 videbitur
1308 1664 1547 1722 superiori.
1583 1664 1706 1708 Vtile
1746 1664 1829 1710 erit

192 1738 345 1792 etiam,
369 1746 419 1782 vt
439 1738 524 1796 ipsi
560 1740 864 1784 confiteantur
900 1741 1175 1797 generaliter
1204 1741 1400 1799 singulis
1422 1742 1450 1785 6
1471 1741 1722 1795 mensibus;
1748 1743 1827 1786 de-

194 1816 307 1860 bent
327 1830 437 1860 vero
458 1815 652 1873 singulis
673 1817 820 1861 annis.

274 1890 544 1937 -Aduertant
566 1894 838 1950 superiores,
864 1896 1046 1951 quando
1067 1895 1154 1939 illis
1175 1895 1394 1952 syndicus
1415 1895 1585 1952 aliquid
1609 1897 1747 1939 refert
1775 1897 1832 1940 de

175 1969 424 2023 fratribus,
449 1978 631 2027 propter
651 1972 774 2027 quod
794 1971 882 2028 ipsi
898 1973 1046 2016 solent
1068 1972 1256 2027 turbari,
1280 1980 1331 2015 vt
1358 1988 1453 2016 non
1477 1974 1724 2018 ostendant
1742 1973 1830 2016 illis

193 2045 371 2091 vultum
407 2034 681 2092 seueriorem
695 2083 706 2100 ,
751 2049 833 2093 sed
869 2049 1053 2093 aliunde
1097 2050 1295 2094 remedia
1333 2049 1601 2103 adhibeant,
1639 2058 1689 2092 vt
1730 2050 1832 2093 illos

195 2121 359 2167 iuuent
378 2123 425 2167 in
447 2115 664 2170 Domino.

282 2199 354 2244 Sit
382 2200 566 2256 quidem
604 2201 810 2258 superior
840 2202 1088 2256 animosus,
1123 2211 1169 2248 et
1205 2204 1526 2261 magnanimus
1562 2218 1666 2247 cum
1705 2204 1829 2246 omni

191 2276 448 2321 humilitate
468 2277 515 2320 in
531 2279 747 2332 Domino,
771 2281 852 2325 sed
874 2288 1036 2325 caueat
1057 2272 1117 2326 ne
1137 2282 1224 2324 hoc
1246 2296 1406 2338 parum
1428 2281 1555 2324 illum
1572 2281 1741 2324 sentire
1760 2281 1830 2324 fa-

194 2353 286 2398 ciat
306 2354 602 2399 necessitates
621 2356 828 2410 aliorum,
852 2364 898 2401 et
918 2373 976 2401 ne
997 2357 1148 2402 minus
1170 2372 1305 2414 quam
1327 2373 1409 2415 par
1437 2365 1507 2403 est
1535 2358 1623 2401 illis
1646 2372 1825 2415 compa-

194 2429 350 2476 tiatur.
374 2432 517 2475 Immo
536 2433 673 2478 debet
693 2434 882 2478 aliorum
904 2434 1189 2479 infirmitates
1209 2442 1408 2492 portare,
1434 2443 1480 2480 et
1502 2449 1594 2478 non
1617 2434 1703 2477 sibi
1726 2435 1826 2490 pla-

194 2520 315 2560 cere,
338 2509 414 2552 vel
433 2508 623 2552 nimium
646 2509 884 2568 indulgere
900 2511 1287 2555 consolationibus
1303 2511 1398 2555 suis
1421 2511 1746 2568 spiritualibus,

278 2584 331 2629 Si
351 2585 532 2629 videtur
553 2587 773 2643 superiori
806 2587 1002 2632 mediato
1024 2587 1086 2633 ΙΙ4
1113 2588 1321 2632 ordinare
1358 2588 1618 2631 immediate
1657 2586 1828 2642 aliquid

190 2660 248 2704 de
269 2660 420 2717 aliquo
440 2661 658 2715 inferiori,
689 2664 824 2709 debet
851 2663 899 2707 id
925 2664 1184 2721 significare
1212 2665 1433 2722 superiori
1461 2664 1756 2707 subordinato
1779 2670 1826 2706 et

188 2735 471 2792 immediat03
510 2739 621 2782 alias
656 2740 776 2785 enim
813 2748 1115 2797 sequerentur
1150 2742 1482 2799 repugnantiae
1518 2739 1822 2791 obedientiae,

189 2814 263 2857 vel
282 2813 578 2860 difficultates
598 2815 644 2858 in
667 2817 1016 2873 gubernatione.

151 2878 154 2879 ⁷
277 2890 662 2936 Animaduertant
688 2900 887 2938 rectores
909 2907 1027 2950 quae
1053 2902 1071 2920 ³
1092 2902 1139 2939 et
1160 2894 1415 2940 cuiusmodi
1438 2894 1528 2937 sint
1549 2895 1825 2939 domesticae

259 2992 279 3011 ⁸
327 2984 398 3030 qui
412 2996 490 3020 ms.

197 3059 220 3083 ¹·
260 3060 272 3083 ¹
323 3060 423 3097 Vide
441 3073 540 3109 quae
558 3062 664 3099 dicta
681 3069 773 3099 sunt
790 3064 830 3100 in
847 3075 939 3111 pag.
964 3073 1049 3112 402,
1069 3071 1205 3102 annot.
1230 3075 1262 3102 1.

404 3198 429 3217 Χ
