2098 3470
678 234 914 274 Onnroms
937 240 1285 274 onsssnvuronsss
1291 241 1380 278 -70
1729 231 1799 278 687

211 337 586 383 intercessionem
609 335 771 381 sancti:
796 335 918 392 quod
954 334 1017 378 ita
1044 333 1444 390 interpretabatur:
1479 334 1696 390 Spiritum
1726 349 1842 386 esse,

210 413 289 471 qui
310 415 445 458 datus
467 421 538 458 est
559 412 805 457 Vniuersali
823 411 1060 464 ecclesiae,
1079 425 1198 467 quae
1214 425 1270 455 eo
1286 410 1360 453 die
1378 410 1547 454 nullius
1561 410 1706 454 sancti
1724 425 1846 454 com-

209 491 582 552 memorationem
603 489 716 547 agit,
742 503 796 533 ac
817 488 926 532 boni
943 487 1192 533 consuluit.

300 567 502 624 Spiritus
522 566 610 611 Dei
631 565 828 611 sentitur
848 565 895 608 in
921 564 1053 609 donis
1085 564 1181 609 suis
1209 566 1464 608 affluenter:
1497 565 1752 620 profundus
1775 572 1844 609 est

209 629 593 701 et'penetratiuus
615 643 676 690 34
697 641 1100 699 ειῦεᾳυεΐετῐῃίῃο,
1125 642 1243 685 dans
1265 641 1537 698 principium
1554 641 1840 693 omniscium,

208 721 510 765 vibrationem
532 720 675 764 nostri
697 719 957 765 intellectus
978 718 1243 775 compescit,
1263 717 1468 762 suauiter
1490 725 1662 761 mouet.

297 797 391 854 Qui
418 804 604 854 propter
639 796 946 840 infirmitatem
985 796 1058 839 uel
1094 795 1402 840 necessarium
1439 795 1623 850 aliquod
1652 794 1841 851 impedi-

209 882 413 928 mentum
436 889 528 917 non
550 881 701 930 potest
720 887 884 917 vacare
905 871 1085 929 magnis
1107 871 1337 929 operibus,
1357 872 1396 915 si
1413 886 1558 929 graue
1581 871 1644 914 illi
1661 879 1729 916 est
1748 886 1844 915 ser-

208 935 307 995 uire
327 953 427 994 Deo
448 950 496 993 in
518 950 730 1002 minimis,
755 949 974 993 iudicium
994 948 1359 1006 dat,superbiae;
1395 963 1488 992 non
1519 948 1640 993 enim
1669 948 1845 1005 indiget

210 1029 336 1071 Deus
357 1034 513 1071 nostra
534 1027 812 1084 operatione:
837 1033 882 1070 et
905 1026 1187 1070 tantumdem
1205 1025 1268 1068 illi
1285 1033 1356 1069 est
1372 1040 1459 1068 nos
1476 1026 1534 1069 ad
1551 1025 1743 1082 gloriam
1764 1040 1844 1068 vo-

157 1149 168 1158 ,
208 1119 313 1148 care
342 1112 525 1161 propter
562 1118 726 1161 paruas
756 1111 803 1147 et
834 1110 1017 1160 propter
1054 1117 1244 1160 magnas
1272 1102 1575 1159 operationes.
1617 1103 1693 1146 Ad
1728 1103 1842 1146 haec

208 1181 532 1237 aequalitatem
549 1180 687 1224 sentit
704 1182 842 1223 homo
858 1178 1103 1237 spiritualis
1120 1194 1391 1236 magnarum
1408 1187 1454 1222 et
1469 1194 1713 1236 paruarum
1733 1194 1839 1235 ope-

207 1257 456 1310 rationum,
489 1257 598 1313 quin
635 1257 771 1301 etiam
806 1272 1001 1314 magnae
1036 1263 1082 1300 et
1117 1271 1287 1314 paruae
1325 1255 1497 1314 gloriae
1529 1272 1586 1300 ex
1621 1266 1763 1314 gustu
1798 1265 1843 1301 et

207 1334 360 1390 quiete
380 1334 428 1377 in
450 1335 536 1378 Dei
558 1335 808 1388 voluntate,
834 1341 922 1377 etc.
949 1334 1087 1390 Quod
1107 1333 1146 1376 si
1167 1333 1351 1389 aliquod
1378 1333 1566 1378 excitari
1588 1341 1740 1390 potest
1762 1334 1842 1378 de-

207 1411 421 1456 siderium
445 1426 714 1467 magnarum
738 1410 1066 1468 operationum,
1091 1410 1153 1454 ibi
1176 1418 1342 1467 potest,
1368 1410 1444 1453 vbi
1478 1426 1533 1455 ex
1563 1411 1698 1467 plena
1719 1425 1842 1453 mor-

207 1487 456 1533 tificatione
473 1488 620 1531 solum
638 1487 780 1531 maior
797 1487 883 1531 Dei
899 1489 1044 1531 honor
1059 1487 1293 1543 quaeritur
1309 1494 1355 1532 et
1372 1487 1583 1541 sentitur;
1601 1488 1698 1540 sed,
1718 1495 1768 1530 vt
1786 1490 1842 1531 ab

205 1565 304 1608 aliis
326 1564 477 1622 potius
499 1565 626 1618 fiant,
659 1564 990 1609 desiderabitur
1017 1580 1074 1610 ex
1094 1564 1364 1609 humilitate.
1401 1566 1505 1608 Non
1540 1564 1747 1621 negliget
1772 1573 1842 1608 ta-

206 1656 327 1696 men,
352 1642 429 1699 qui
451 1642 713 1686 huiusmodi
734 1642 835 1694 erit,
860 1642 972 1698 quin
1000 1641 1174 1685 ratione
1197 1656 1308 1686 suae
1334 1642 1585 1686 vocationis
1613 1650 1659 1687 et
1683 1643 1840 1686 talenti

202 1719 380 1776 accepti
397 1734 447 1764 se
468 1727 679 1764 exerceat
701 1734 805 1763 cum
829 1719 984 1762 diuina
1006 1719 1170 1776 gratia.

292 1797 352 1841 35
386 1798 583 1852 Prepara
607 1805 650 1841 te
672 1811 864 1852 semper,
891 1795 1141 1840 orationem
1165 1810 1304 1851 quum
1323 1796 1436 1849 adis,
1456 1804 1506 1838 vt
1523 1796 1684 1852 spiritu
1704 1797 1840 1839 intel-

202 1874 321 1930 ligas
338 1874 460 1929 quod
476 1873 589 1916 dixit
614 1874 799 1917 Paulus:
829 1873 1052 1929 «Spiritus
1073 1873 1260 1916 adiuuat
1282 1872 1590 1917 infirmitatem
1614 1884 1836 1917 nostram.

207 1949 320 1994 Nam
345 1949 455 2005 quid
487 1964 668 1993 oremus
690 1949 807 1993 sicut
834 1957 1012 2005 oportet
1040 1949 1285 1994 nescimus:
1310 1951 1391 1994 sed
1413 1950 1510 2007 ipse
1537 1951 1725 2007 spiritus
1758 1967 1839 2008 po-

206 2027 344 2071 stulat
366 2042 448 2083 pro
472 2026 604 2070 nobis
626 2027 871 2083 gemitibus
892 2026 1270 2072 inenarrabilibus
1291 2029 1349 2070 ¹.»
1378 2030 1635 2080 Praeterea,
1662 2030 1838 2085 accepi-

206 2118 308 2148 mus
328 2103 534 2160 spiritum
563 2103 799 2155 «filiorum,
826 2102 870 2144 in
889 2117 980 2158 quo
998 2103 1262 2147 clamamus:
1283 2104 1400 2147 abba
1419 2106 1570 2150 Pater.
1596 2107 1694 2161 Ipse
1717 2105 1838 2150 enim

152 2221 158 2226 ,
204 2180 390 2237 spiritus
409 2180 718 2224 testimonium
738 2179 882 2222 reddit
899 2179 1074 2235 spiritui
1093 2186 1250 2223 nostro
1268 2182 1386 2236 quod
1401 2196 1560 2224 sumus
1577 2182 1655 2224 filii
1675 2182 1759 2226 Dei
1772 2184 1786 2204 ²
1798 2204 1813 2221 »
1827 2219 1836 2227 .

207 2258 335 2301 Haec
364 2257 400 2299 si
429 2256 599 2301 sentias
635 2256 826 2300 interius
858 2256 901 2298 in
932 2245 1071 2300 corde
1101 2258 1323 2301 accedens
1355 2259 1413 2301 ad
1440 2258 1707 2311 orationem,
1741 2274 1838 2303 ma-

204 2349 348 2391 gnum
372 2334 608 2376 habebunt
631 2333 823 2389 pondus,
850 2348 1061 2389 magnam
1092 2333 1353 2378 efficaciam.
1388 2335 1570 2378 Primus
1604 2337 1731 2379 locus
1760 2337 1838 2379 dat

205 2425 387 2454 sensum
410 2409 680 2452 humilitatis
703 2417 883 2452 nostrae
900 2417 958 2454 'et
980 2410 1257 2466 operationis
1289 2411 1474 2467 spiritus
1505 2412 1547 2454 in
1572 2412 1718 2454 nobis.
1746 2414 1837 2456 Re—

205 2487 356 2542 liquus
377 2488 505 2530 locus
521 2486 658 2542 erigit
679 2486 726 2528 in
742 2501 884 2543 spem,
906 2486 1002 2529 vnit
1018 2482 1216 2540 Christo,
1238 2495 1284 2533 et
1300 2489 1512 2531 fiduciam
1532 2489 1575 2530 in
1595 2489 1707 2531 Filio
1725 2504 1836 2532 con-

205 2563 328 2608 ciliat
350 2571 395 2608 et
418 2563 764 2608 familiaritatem
782 2564 903 2619 apud
926 2565 1122 2608 Patrem.

293 2641 470 2685 Venisti
494 2655 820 2696 nonnunquam
849 2641 906 2683 ad
933 2640 1134 2684 Vltimam
1164 2657 1314 2686 rerum
1344 2642 1673 2696 difficultatem,
1700 2658 1834 2698 quae-

195 2733 309 2762 -rens
330 2719 496 2762 Deum:
517 2732 620 2773 age,
640 2731 839 2774 agnosce
858 2717 1039 2761 tandem
1058 2717 1364 2763 infirmitatem
1390 2727 1529 2763 tuam:
1553 2719 1642 2761 noli
1660 2719 1836 2774 praeire

206 2794 439 2850 Spiritum,
465 2796 545 2838 sed
567 2794 664 2837 sine
688 2795 743 2836 ab
767 2793 842 2837 illo
864 2794 969 2836 duci
992 2808 1047 2837 ac
1068 2794 1292 2838 moderari
1322 2796 1366 2838 in
1400 2796 1603 2846 veritate,
1630 2804 1674 2838 et
1711 2795 1836 2839 disce

160 2899 165 2908 ·
206 2871 379 2928 gratiae
401 2871 651 2927 cooperari.

277 3037 286 3058 ¹
308 3038 310 3040 ’
336 3037 462 3082 RoM.,
483 3037 588 3082 VIII,
608 3035 664 3072 26.
1223 3041 1236 3059 2’
1289 3039 1408 3082 Rois„
1434 3037 1537 3082 VIII,
1562 3046 1614 3082 15,
1637 3038 1692 3074 16.
