2098 3470
804 233 1144 272 Insrnvcrionns
1150 236 1236 271 -61
1719 241 1789 280 4¹7

206 343 348 393 petat,
368 335 606 393 pecuniam
622 337 731 380 dare
748 342 927 380 tenetur
943 336 1164 393 superior,
1184 350 1332 393 neque
1348 335 1387 378 si
1403 335 1518 378 alius
1535 335 1633 396 eius
1650 335 1838 381 nomine

207 413 400 471 accipiat
420 421 468 457 et
495 414 659 466 soluat,
684 413 914 470 permittet
945 419 1124 456 nostros
1155 413 1324 456 bullam
1352 426 1452 456 eam
1483 412 1706 467 accipere,
1732 427 1837 456 cum

206 489 358 535 omnia
376 491 491 535 haec
511 489 598 534 sita
617 490 708 534 sint
729 490 775 533 in
796 489 1040 546 superioris
1061 489 1314 550 voluntate.
1338 488 1627 532 Interdicitur
1644 504 1754 532 vero
1778 504 1836 533 ne

207 566 479 623 impediatur
500 582 526 611 a
546 566 682 610 bullis
698 566 1018 623 suscipiendis,
1049 565 1127 622 qui
1149 566 1335 610 liberam
1362 567 1500 609 habet
1529 566 1833 618 voluntatem,

207 643 285 700 qui
307 643 501 689 liberum
523 643 743 700 pecuniae
775 658 924 698 Vsum,
949 658 1041 686 non
1069 643 1146 698 qui
1175 657 1266 685 non
1295 643 1448 686 habet.
1483 643 1612 685 Haec
1642 657 1746 685 cum
1776 643 1838 686 ita

176 767 180 770 ,
207 721 315 774 sint,
340 727 463 765 esset
490 727 641 766 tamen
670 720 891 774 securius,
919 727 970 763 vt
995 734 1095 763 eam
1123 720 1434 776 acciperemus
1462 734 1488 762 a
1516 720 1623 762 sede
1654 727 1835 775 aposto—

207 796 297 840 lica
318 798 596 849 facultatem,
621 813 678 841 ne
709 798 852 841 nostri
873 799 1045 854 absque
1075 797 1359 854 superiorum
1381 811 1607 840 consensu
1631 797 1836 853 accipere

184 865 393 931 ‘possent
421 874 685 918 huiusmodi
718 876 880 927 bullas,
912 876 1071 918 saltem
1104 889 1192 930 qua
1215 889 1271 917 ex
1305 881 1432 930 parte
1462 873 1593 918 liberi
1622 874 1754 925 fiunt,
1789 882 1838 916 vt

206 951 354 995 cuiuis
376 952 695 1004 confiteantur,
720 959 770 994 vt
791 967 845 997 ea
865 959 994 1009 parte
1015 966 1073 996 ne
1090 958 1341 995 vterentur.
1363 950 1604 995 Concessit
1621 950 1838 995 Societati

206 1035 364 1086 postea
386 1028 497 1072 Pius
520 1034 628 1083 5.‘¹¹⁵,
653 1038 702 1071 vt
723 1029 882 1081 nostri,
906 1029 1082 1074 etiamsi
1103 1028 1363 1072 huiusmodi
1384 1027 1638 1084 priuilegiis
1662 1029 1838 1084 gaude-

206 1113 325 1159 rent,
351 1113 501 1149 tamen
522 1120 615 1148 non
637 1113 823 1162 possent
843 1105 918 1150 alii
938 1106 1163 1159 confiteri,
1189 1120 1323 1162 quam
1345 1105 1587 1161 designato
1604 1106 1839 1148 confessa-

209 1181 277 1226 rio
298 1198 325 1226 a
345 1197 430 1226 suo
451 1182 673 1239 superiori
701 1184 731 1228 ¹.
851 1182 855 1187 ’

294 1260 370 1303 Ad
393 1258 762 1304 reformationem
785 1267 1047 1315 rectamque
1069 1258 1143 1304 128
1170 1259 1552 1320 gubernationem
1582 1258 1718 1302 vnius
1742 1259 1838 1302 col-

206 1335 334 1393 legii,
358 1335 487 1379 iuuat
509 1343 600 1379 tres
621 1343 701 1379 aut
721 1344 917 1392 quatuor
938 1352 1011 1382 res
1038 1336 1307 1394 praecipuas
1334 1336 1545 1393 seligere,
1579 1336 1769 1392 illasque
1791 1343 1840 1377 vt

208 1414 508 1457 obseruentur
524 1413 768 1470 diligenter
791 1428 967 1467 curare;
988 1429 1044 1458 ex
1060 1414 1132 1457 his
1153 1414 1316 1458 deinde
1333 1423 1618 1459 caeterorum
1636 1413 1843 1469 sequitur

207 1489 383 1534 facilior
404 1490 680 1538 reformatio.
706 1490 909 1534 adhibita
930 1505 1054 1534 cura.
1082 1492 1304 1536 Poterunt
1321 1499 1474 1535 autem
1493 1490 1721 1535 ordinarie
1739 1490 1842 1533 illae

207 1567 296 1611 hae
316 1582 432 1611 esse.
461 1567 611 1611 Prima
631 1567 693 1620 id,
714 1569 836 1624 quod
854 1568 1036 1612 iubetur
1052 1570 1110 1613 de
1131 1569 1262 1612 litera
1277 1569 1487 1612 inchoata
1511 1576 1556 1613 et
1581 1568 1842 1612 obedientia

206 1643 480 1688 intellectus.
505 1645 684 1689 Deinde
706 1646 829 1701 quod
850 1647 908 1689 de
935 1647 1163 1702 loquendo
1192 1646 1433 1689 summissa
1461 1660 1591 1698 voce,
1624 1647 1682 1690 de
1704 1646 1843 1689 silen-

209 1720 288 1773 tio,
323 1734 427 1764 cum
450 1721 623 1765 seruari
659 1722 812 1775 debet,
838 1730 883 1767 et
905 1724 962 1766 de
993 1738 1048 1767 eo
1069 1731 1119 1765 vt
1140 1725 1251 1767 hora
1272 1723 1438 1779 quietis
1466 1724 1524 1766 de
1546 1723 1600 1766 iis
1622 1724 1760 1766 rebus
1783 1722 1843 1765 sit

207 1811 379 1852 sermo,
403 1813 522 1854 quae
543 1799 601 1842 ad
622 1799 982 1844 aedificationem
1002 1800 1184 1853 faciant;
1205 1801 1327 1856 quod
1344 1802 1401 1845 de
1418 1800 1640 1853 oratione,
1661 1808 1749 1845 etc.

298 1875 552 1919 Plurimum
574 1876 703 1919 iuuat
724 1877 984 1933 superiores
1005 1878 1063 1919 ad
1085 1884 1255 1921 rectam
1276 1877 1657 1934 gubernationem
1682 1891 1844 1920 sensus

207 1951 457 2008 spiritualis
479 1952 670 2010 gratiae,
696 1968 831 2009 quam
854 1954 1085 2011 accipiunt
1107 1970 1133 1998 a
1155 1956 1270 2007 Deo,
1296 1955 1371 1997 vbi
1394 1956 1451 1998 ad
1480 1954 1679 1998 officium
1709 1968 1842 1997 suum

208 2028 458 2086 eliguntur.
491 2031 630 2074 Hunc
658 2045 842 2075 sensum
881 2038 927 2075 et
963 2031 1156 2088 gratiam
1195 2031 1311 2075 tueri
1348 2032 1533 2084 debent,
1574 2041 1619 2075 et
1642 2038 1796 2087 petere
1818 2046 1844 2073 a

211 2105 397 2150 Christo
419 2114 468 2149 vt
490 2106 566 2150 illa
587 2115 829 2151 conseruet
844 2117 890 2151 et
912 2115 1095 2165 augeat.
1122 2108 1210 2165 Ipsi
1227 2108 1314 2152 illis
1336 2123 1505 2166 magno
1527 2109 1679 2152 studio
1701 2116 1747 2153 et
1764 2110 1845 2152 de-

209 2183 396 2227 uotione
417 2184 587 2227 debent
608 2185 860 2241 cooperari.

297 2260 372 2306 1²9
394 2262 598 2305 Vtantur
618 2261 875 2318 superiores
896 2263 953 2305 ad
970 2270 1140 2307 rectam
1157 2263 1535 2320 gubernationem
1555 2262 1758 2307 subsidio
1775 2262 1843 2304 di-

210 2337 461 2393 plomatum
499 2351 778 2382 summorum
817 2338 1104 2395 pontificum,
1140 2340 1534 2391 constitutionum,
1576 2339 1839 2382 declaratio-

210 2427 412 2469 numque
434 2414 690 2467 Societatis,
715 2415 883 2470 quibus
905 2415 1196 2472 adiungenda
1217 2424 1324 2460 sunt
1340 2417 1622 2474 generalium
1647 2431 1843 2472 congre-

208 2490 446 2546 gationum
468 2491 667 2546 decreta,
692 2492 1048 2536 consuetudines
1070 2493 1311 2538 Societatis
1333 2502 1379 2536 et
1402 2493 1682 2545 traditiones,
1704 2507 1843 2548 regu-

209 2565 296 2618 lae,
323 2566 427 2610 Rdi.
454 2567 603 2611 Patris
624 2568 767 2612 nostri
788 2568 1016 2625 generalis
1043 2570 1287 2626 praepositi
1315 2584 1547 2626 responsa,
1581 2568 1842 2611 commissa-

209 2642 265 2686 rii
283 2643 472 2697 monita,
497 2644 842 2690 obseruationes
868 2652 913 2688 et
950 2645 1291 2701 instructiones,
1333 2655 1427 2690 tum
1463 2645 1754 2702 prouincialis
1778 2659 1842 2687 re-

278 2803 288 2824 ¹
339 2803 550 2840 Memoriae
574 2805 725 2852 lapsum
749 2804 813 2840 hic
844 2805 1026 2841 Natalem
1055 2792 1214 2853 passum
1243 2806 1366 2842 fuisse
1397 2806 1607 2851 credimus3
1635 2816 1711 2840 non
1738 2805 1841 2839 enim

205 2862 299 2899 Pius
316 2863 367 2906 V,
386 2863 456 2901 sed
475 2863 692 2910 Gregorius
710 2864 804 2899 XIII
818 2865 890 2900 hoc
909 2864 1117 2913 privilegio
1135 2865 1375 2901 Societatem
1397 2865 1620 2899 exornavit.
1658 2864 1718 2901 Cf.
1740 2864 1842 2899 litte-

206 2933 270 2958 ras
286 2923 520 2970 apostolicas
539 2923 659 2959 Decet
677 2923 909 2959 Romanum
928 2924 1180 2972 Pontfficerrz,
1202 2925 1265 2960 die
1284 2924 1306 2959 3
1321 2924 1411 2970 Maji
1434 2933 1521 2968 1575
1536 2923 1661 2967 datas,
1683 2923 1749 2958 ubi
1765 2924 1842 2958 tale

208 2980 457 3028 privilegium
487 2981 675 3017 Societati
708 2982 833 3028 primo
867 2982 1111 3029 conceditur,
1146 2984 1186 3019 in
1207 2984 1338 3020 Instit.
1375 2983 1459 3018 Soc.
1491 2983 1588 3030 sesu
1612 2982 1842 3027 [Florentiae

211 3039 332 3086 1892),
351 3041 380 3085 Ι,
401 3040 460 3086 58.

385 3105 500 3134 Ernst.
525 3105 564 3134 P.
587 3105 723 3142 ΝΑυΑι,
743 3113 820 3134 rou.
839 3105 902 3134 1v.
1630 3106 1665 3134 28
