2098 3470
307 263 377 309 466
779 264 933 301 PA‘rms
958 266 1200 302 Hissnomw
1225 266 1376 302 NADAL

262 365 572 421 spiritualiter,
607 372 652 409 et
691 365 737 408 in
776 365 946 412 virtute
978 366 1161 423 spiritus
1197 368 1269 412 vel
1301 367 1489 423 reiiciat,
1523 369 1597 413 vel
1628 376 1891 415 contemnat

263 442 576 495 tentationem,
603 450 647 487 et
670 442 801 486 donis
823 443 908 487 Dei
930 443 1120 488 internis
1136 446 1318 488 haereat
1340 451 1386 488 et
1407 444 1590 489 diuinae
1604 445 1779 500 virtuti,
1798 454 1886 491 etc.

351 518 581 575 Colligere
603 519 831 564 orationes
852 534 908 564 ex
936 520 1247 564 sanationibus
1283 522 1356 565 vel
1387 520 1616 565 miraculis
1643 523 1887 579 euangelii,

261 603 324 638 vt:
355 597 516 640 «Salva
538 611 638 650 nos,
664 597 876 651 Domine,
903 597 1098 653 perimus
1125 599 1182 642 ¹.»
1213 597 1450 651 «Domine,
1476 598 1513 641 si
1542 598 1625 652 vis,
1657 606 1789 655 potes
1817 614 1889 644 me

261 667 479 717 mundare
502 675 563 716 ².»

348 754 430 796 278
453 737 647 806 Quoties
669 750 714 793 in
737 750 931 807 aliquem
955 751 1122 794 incidat
1139 752 1384 804 defectum,
1405 751 1539 795 toties
1560 752 1697 796 dicat:
1727 754 1889 796 «Pater

259 835 440 872 noster»
467 835 513 871 et
539 829 666 872 «Ave
689 828 875 872 Maria».
1891 878 1895 884 .

348 904 396 950 Si
421 904 521 960 quis
546 906 684 961 (quod
713 919 947 960 nunquam
978 905 1154 949 accidet
1183 919 1263 961 per
1290 905 1483 962 gratiam
1513 905 1612 962 Dei)
1641 905 1916 950 mortaliter'

260 989 489 1036 peccaret,
515 981 780 1038 praesertim
798 988 985 1038 peccato
1002 981 1153 1036 aliquo
1175 981 1322 1038 graui,
1342 981 1449 1025 huic
1464 982 1651 1026 deberet
1667 981 1767 1025 dari
1782 996 1889 1039 gra·

260 1058 445 1101 uissima
468 1058 761 1114 poenitentia,
782 1073 915 1115 quam
940 1066 1097 1114 ageret
1128 1058 1299 1113 aliquot
1325 1058 1635 1110 hebdomadis,
1659 1059 1732 1102 vel
1752 1058 1886 1102 etiam

259 1135 509 1188 mensibus3
541 1150 657 1190 quae
687 1143 838 1180 tamen
875 1143 1029 1191 posset
1065 1135 1330 1192 permutari,
1364 1136 1432 1179 vel
1470 1135 1604 1178 etiam
1636 1135 1819 1189 remitti,
1849 1135 1886 1178 si

260 1227 425 1269 magna
452 1212 712 1268 proueniret
735 1213 1006 1265 emendatio,
1031 1219 1076 1255 et
1098 1211 1340 1268 spiritualis
1363 1220 1626 1268 prouentus.

348 1289 441 1345 Qui
464 1289 671 1332 incidunt
700 1290 745 1333 in
774 1297 976 1346 peccata,
1001 1297 1050 1332 vt
1079 1289 1144 1332 eis
1181 1296 1250 1334 est
1287 1291 1466 1346 agenda
1501 1288 1778 1346 poenitentia
1805 1303 1888 1346 pro

257 1366 517 1423 praeterito,
542 1366 604 1410 ita
626 1366 760 1411 etiam
790 1381 870 1424 pro
903 1367 1087 1409 vitando
1115 1368 1285 1420 futuro;
1311 1381 1415 1409 nam
1442 1373 1687 1422 Vtrumque
1713 1365 1886 1410 contri-

257 1443 319 1487 tio
344 1443 594 1497 concernit3
620 1443 747 1487 iuuat
775 1451 1018 1498 Vtrumque
1039 1443 1186 1500 gratia
1207 1443 1545 1486 sacramentalis
1562 1442 1882 1499 poenitentiae.

344 1522 608 1564 Renouetur
645 1520 828 1577 spiritus
866 1520 1189 1576 poenitentiae,
1214 1527 1260 1564 et
1291 1519 1652 1564 mortificationis
1688 1519 1885 1576 singulis

257 1597 567 1650 hebdomadis,
592 1604 637 1641 et
660 1597 902 1654 praecipue
926 1604 1020 1640 toto
1042 1606 1249 1654 tempore
1267 1612 1293 1640 a
1315 1597 1651 1654 septuagesima
1671 1611 1813 1652 vsque
1829 1597 1886 1640 ad

252 1676 436 1730 pascha.

343 1751 594 1796 Considera
630 1759 787 1795 contra
826 1751 1116 1803 tentationes,
1149 1751 1226 1807 qui
1263 1758 1370 1794 sunt
1407 1758 1576 1804 tecum,
1611 1750 1689 1806 qui
1726 1757 1886 1794 contra

253 1836 313 1880 te,
339 1836 427 1871 etc.
454 1828 547 1884 Qui
570 1836 614 1872 te
635 1827 807 1872 vident:
844 1828 1010 1871 iudicia
1040 1828 1127 1872 Dei
1158 1836 1315 1872 contra
1335 1835 1598 1885 peccatores
1624 1827 1790 1871 subita:
1815 1827 1884 1870 vi-

198 1935 200 1937 .
251 1906 364 1949 dens
394 1920 446 1948 ac
475 1906 632 1949 volens
669 1918 850 1962 peccas:
891 1919 1019 1958 caue3
1051 1906 1327 1948 horrendum
1356 1911 1425 1948 est
1452 1904 1571 1947 enim
1610 1904 1810 1948 incidere
1838 1903 1885 1947 in

254 1997 416 2026 manus
440 1982 525 2026 Dei
548 1981 745 2027 viuentis
767 1983 799 2024 ⁵.

341 2063 423 2106 279
445 2061 669 2104 Exercere
691 2059 812 2111 fidei,
839 2059 950 2114 spei,
977 2066 1022 2102 et
1046 2058 1278 2101 charitatis
1305 2065 1456 2102 actum
1486 2058 1531 2102 in
1561 2058 1745 2102 Christo
1772 2072 1882 2102 con—

254 2143 321 2178 tra
344 2136 611 2179 afflictiones
634 2135 800 2187 carnis,
827 2135 1041 2178 adhibere
1063 2149 1192 2178 vsum
1217 2134 1350 2179 etiam
1371 2149 1514 2190 aquae
1535 2135 1814 2179 benedictae.

344 2215 559 2269 Pugnare
581 2213 800 2256 aduersus
825 2212 1098 2256 tentationes
1120 2219 1166 2254 et
1187 2211 1550 2268 imperfectiones
1577 2219 1624 2255 et
1651 2213 1792 2255 malas
1814 2210 1882 2254 in-

251 2289 519 2332 clinationes
542 2288 768 2334 exercitiis
790 2288 1027 2340 virtutum,
1053 2296 1097 2331 et
1119 2288 1339 2342 oratione,
1359 2296 1404 2332 et
1426 2288 1732 2345 poenitentiis.

340 2366 522 2409 Timore
545 2346 809 2418 concutere,
835 2365 963 2420 quasi
994 2365 1094 2420 quis
1122 2365 1231 2408 velit
1261 2373 1304 2409 te
1332 2365 1607 2409 horribiliter
1639 2364 1882 2419 trucidare,

252 2450 297 2487 et
321 2457 508 2487 accurre
531 2444 587 2486 ad
610 2444 777 2487 Deum.

339 2519 659 2565 Meditationes
679 2534 735 2562 ex
757 2518 844 2571 his,
871 2534 987 2574 quae
1009 2527 1116 2563 sunt
1145 2519 1317 2576 primae
1339 2520 1667 2574 hebdomadae,
1690 2518 1879 2564 scilicet:

251 2597 423 2649 mortis,
448 2596 603 2640 iudicii
625 2595 909 2652 particularis
931 2604 976 2640 et
994 2596 1278 2651 Vniuersalis,
1298 2596 1568 2640 iudiciorum
1586 2595 1685 2640 Dei.

340 2675 527 2727 Oretur,
553 2679 597 2717 et
619 2672 798 2728 quidem
822 2673 961 2725 varie,
987 2673 1024 2715 si
1046 2688 1136 2716 vna
1157 2673 1331 2716 ratione
1353 2672 1569 2716 orationis
1586 2674 1762 2716 fructus
1778 2687 1883 2730 per-

249 2750 338 2807 cipi
360 2765 451 2793 non
474 2756 643 2806 potest.

341 2828 548 2870 Adeatur
569 2827 678 2871 item
701 2826 1022 2872 confessarius,
1047 2826 1329 2883 Suscipiatur
1357 2826 1606 2883 disciplina.
1641 2825 1877 2871 Ieiunium.

253 2904 541 2947 Adhibeatur
563 2903 798 2960 patientia,
822 2917 878 2946 ex
900 2910 1165 2959 expectetur
1182 2903 1421 2947 Dominus.
1443 2902 1632 2946 Publica
1647 2902 1880 2960 poeniten-

322 3071 332 3092 ¹
384 3072 572 3114 MATTH„
592 3068 700 3115 Vm,
719 3079 777 3115 25.
984 3073 997 3091 ²
1049 3070 1168 3115 Luc„
1195 3070 1243 3116 V,
1268 3078 1323 3105 12.
1517 3070 1531 3090 ⁵
1580 3069 1731 3116 HRBR„
1750 3069 1798 3116 X,
1819 3067 1878 3106 31.
