2098 3470
1193 7 1220 27 Α·
1255 0 1547 27 -·*’-,,ῐπητ“;ῆζ.”ς
1579 0 1603 11 -Ἶ
1628 0 1632 2 ’
1709 0 1713 2 ’

668 273 946 311 nonnum-A
969 272 1329 319 LusrrAMAss—24
1715 282 1778 320 191

188 377 443 436 praesbiter
463 384 510 423 et
519 377 754 434 professus
768 374 1014 420 societatis
1022 376 1155 433 Jesu,
1174 382 1222 420 et
1236 374 1498 431 prouinciae
1517 375 1707 420 Bethiae
1722 390 1826 432 pro·

134 462 138 493 ἶ
183 453 415 507 Ὲιίῐιοίεύίε,
445 468 474 497 a
509 436 626 498 Rdo.
656 452 704 496 in
736 452 819 496 X.⁰
848 453 952 496 Pre.
983 451 1231 494 Francisco
1260 451 1473 508 Borgiae,
1506 451 1752 509 Hispaniae
1779 459 1827 497 et

55 517 94 579 [ᾖ
126 557 134 562 ⁷
183 528 419 576 .1ndiarum
436 529 751 574 commissario
763 527 984 587 generali,
999 528 1059 572 ob
1076 527 1260 584 negotia
1277 527 1519 572 Societatis
1537 528 1672 573 fuerit
1690 529 1824 572 Lusi-

46 658 65 668 ..
174 603 359 653 *taniam
373 614 609 660 euocatus,
626 613 674 652 et
688 602 914 650 hact'enus
928 604 991 652 ibi
1008 604 1181 650 utiliter
1197 619 1302 648 cum
1318 604 1551 661 praedicto
1570 606 1679 649 Rdo.
1701 620 1824 649 com-

165 676 393 730 {missario
414 683 551 734 fuerit
570 682 617 727 in
637 682 772 728 dictis
793 681 989 739 negotiis
1017 688 1286 738 occupatus,
1317 681 1466 725 visum
1500 689 1588 736 est,
1619 682 1706 726 illis
1734 682 1823 726 iam

49 755 55 765 ’
145 796 155 805 .
175 759 424 818 expeditis,
447 760 616 817 quibus
633 758 890 804 necessario
909 757 1220 811 detinebatur,
1241 757 1449 803 debitum
1471 759 1542 801 sui
1572 759 1707 802 officii
1736 774 1822 816 po-

53 887 56 891 ,
172 837 371 902 stillare,
395 844 447 882 ut
467 837 526 882 ad
541 834 821 894 prouinciam
836 832 967 879 sua'm
983 835 1331 892 gubernandam
1346 841 1393 878 et
1411 835 1818 879 administrandam

54 914 96 947 ⁶4*
183 913 367 960 rediret.
391 915 497 959 Hoc
515 913 659 971 igitur
677 911 809 968 iuLin
831 913 954 957 Dno.
977 910 1276 965 iniunximus,
1300 918 1347 954 et
1368 911 1439 955 his
1460 911 1603 956 literis
1620 913 1815 968 patenti-

104 1027 106 1030 >
134 990 150 1002 ”
180 990 279 1052 bus
306 990 536 1035 noluimus
571 1004 673 1035 esse
706 988 933 1034 vniuersis
967 987 1294 1045 significatum.
1334 989 1514 1032 Datum·
1542 988 1589 1031 in
1625 989 1819 1046 collegio

149 1055 166 1090 ⁴-
182 1067 356 1113 Montis
374 1066 526 1124 Regii,
550 1074 640 1112 ete.

953 1179 1036 1223 24

611 1264 675 1308 P.
710 1262 1064 1307 HIERONYMI
1093 1261 1367 1306 NATALIS

817 1355 972 1392 litterae
989 1360 1172 1403 patentes

507 1438 681 1477 PETRO
698 1439 910 1488 ,JOANNI
942 1412 1270 1476 PERpiNrAisio
1293 1438 1477 1474 DATAE

637 1529 942 1568 commarcam,
958 1531 1005 1557 20
1021 1519 1069 1567 (Ρ)
1084 1530 1192 1565 Junu
1212 1522 1300 1567 1561
1327 1524 1353 1557 ¹.

264 1603 574 1662 ,Hieronymus
594 1605 786 1658 Natalis,
811 1604 1054 1650 Societatis
1068 1607 1181 1664 Jesu
1201 1604 1540 1648 commissarius
1563 1605 1806 1662 generalis.

131 1735 134 1739 ,
213 1674 414 1734 niuei-sis
435 1689 695 1741 praesentes
715 1681 890 1726 litteras
905 1669 1198 1739 inspecturis,
1219 1690 1317 1725 tum
1333 1681 1516 1734 nostris,
1538 1690 1634 1724 tum
1656 1690 1807 1725 exter-

98 1743 492 1810 {uissalutem
478 1773 526 1802 1n
547 1761 669 1817 Dno.
694 1758 1035 1816 sempiternam.
1062 1758 1295 1815 Quoniam
1318 1758 1383 1801 ita
1414 1759 1566 1803 ferunt
1589 1774 1736 1802 mores
1762 1767 1807 1803 et

167 1829 382 1888 msututa
401 1835 542 1880 huius
563 1835 776 1880 minimae
802 1835 1063 1888 Societatis,
1094 1843 1163 1888 ut,
1197 1835 1460 1891 quicunque
1468 1836 1727 1878 mittuntur
1748 1836 1807 1879 ad

121 1904 145 1911 Ὗ
263 1918 269 1922 ’
372 1926 540 1956 munus
573 1907 854 1966 obeundum,
893 1911 949 1956 iis
984 1913 1162 1956 litterae
1197 1913 1378 1956 dentur
1389 1912 1564 1955 indices
1601 1912 1805 1968 ipsorum

132 2092 138 2099 -
207 2059 267 2097 ’Ἰ
287 2071 364 2109 'Ex
377 2073 600 2120 apographo
615 2084 778 2119 coaeve,
793 2072 834 2109 in
849 2072 987 2108 codice
1004 2072 1141 2110 Natat.
1155 2073 1275 2108 instr.
1294 2073 1436 2114 Lusit„
1455 2071 1524 2108 fol.
1539 2071 1620 2108 32r.
1636 2073 1721 2108 Hae
1739 2072 1801 2108 lit-

123 2140 126 2147 ·
248 2174 254 2182 κ
260 2136 470 2183 patent&
487 2132 721 2180 Per-piniano
737 2132 852 2168 datae
869 2131 996 2168 suut
978 2143 1001 2167 a
1019 2132 1149 2168 Natali
1166 2143 1235 2179 pro
1252 2132 1395 2168 itinere
1412 2132 1576 2167 Romam
1590 2143 1797 2178 capessen-

123 2213 128 2220 ·
190 2230 196 2238 ι
229 2189 242 2207 ”
273 2190 352 2229 uod
366 2190 534 2241 quidem
543 2192 670 2233 tribus
682 2191 841 2228 omnino
860 2191 1076 2237 mensibus,
1096 2203 1118 2227 a
1134 2200 1195 2237 20,
1214 2190 1381 2234 scilieet,
1400 2190 1464 2226 die
1483 2191 1590 2237 Junii
1609 2190 1658 2226 ad
1673 2199 1718 2235 27
1732 2190 1802 2226 Se

120 2298 123 2301 Ι
146 2294 155 2298 .
234 2248 358 2292 ubl-in
377 2251 471 2287 anui
489 2251 596 2297 1561,
614 2262 818 2287 emensum
841 2256 916 2298 est,
938 2255 979 2286 et
1002 2251 1052 2286 ab
1076 2250 1162 2297 ipso
1179 2250 1413 2297 Perpiniano
1435 2251 1596 2296 pulchre
1614 2249 1802 2285 describi-

110 2315 163 2363 ἠέρ’
183 2349 194 2361 ,Δ
223 2303 287 2347 in
301 2302 482 2357 epistola,
499 2310 624 2346 Roma
640 2309 706 2345 die
723 2318 770 2355 27
787 2309 1031 2356 Septembris
1050 2308 1227 2355 ejusdem
1245 2309 1337 2344 anni
1354 2308 1402 2343 ad
1420 2308 1574 2344 sodales
1591 2308 1798 2344 conimbri-

269 2388 295 2397 ν»
325 2366 431 2414 data,
449 2373 533 2405 eta
555 2369 753 2405 Bernardo
775 2368 967 2405 Gaudeau
990 2368 1032 2403 S.
1058 2369 1096 2414 J.
1118 2367 1159 2404 in
1184 2379 1255 2403 sua
1278 2367 1382 2403 thesi
1405 2369 1464 2403 De
1485 2368 1602 2402 Petri
1621 2368 1801 2412 Joannis

128 2437 140 2446 ·
189 2425 414 2465 ‘niani
433 2428 520 2463 vita
543 2431 581 2463 et
603 2427 802 2476 operibus,
829 2439 851 2462 a
874 2438 964 2474 pag.
994 2435 1074 2473 149,
1101 2426 1258 2473 publica
1280 2427 1367 2461 luce
1386 2425 1549 2469 donata;
1576 2425 1642 2460 ubi
1668 2431 1798 2460 tamen

119 2473 139 2510 ⁹·
257 2483 509 2535 profectionis
525 2497 549 2522 e
566 2486 735 2533 collegio
750 2485 1054 2522 conimbricensi
1070 2485 1328 2528 desideratur-3
1347 2484 1418 2519 sed
1435 2495 1457 2519 a
1475 2484 1518 2521 Ρ.
1535 2483 1664 2518 Natali
1679 2484 1794 2518 nobis

94 2591 95 2594 Ἰ
210 2541 403 2595 ‘epistola
422 2545 466 2580 16
483 2545 592 2592 Junii
604 2545 711 2592 data,
728 2546 837 2581 hisce
850 2545 982 2581 verbis
995 2544 1202 2580 indicatur:
1219 2555 1269 2589 «y
1285 2555 1376 2579 creo
1394 2543 1532 2578 dentro
1546 2542 1595 2577 de
1608 2553 1629 2587 4
1646 2545 1668 2577 ό
1682 2543 1792 2577 cinco

125 2595 140 2634 ³3
170 2646 177 2654 ,Ἴ
207 2646 237 2654 f
260 2602 406 2654 partita
421 2604 472 2640 de
489 2607 580 2652 aqui
603 2605 639 2640 el
658 2605 702 2640 Ρ.
722 2604 849 2640 Pedro
864 2604 1072 2651 Perpifidn,
1092 2603 1298 2649 rhetorico,
1319 2614 1346 2649 y
1364 2602 1588 2647 insignem»
1608 2601 1706 2636 Cum
1728 2600 1789 2635 his

117 2666 135 2697 ἲ
177 2677 179 2684 x
204 2656 227 2686 :'
249 2681 253 2690 ⁴
320 2661 431 2701 dedit
447 2663 599 2700 Natalis
613 2663 850 2710 Perpiniano
873 2662 1171 2699 instructionem
1177 2673 1316 2709 ,quam
1330 2660 1469 2696 nullibi
1481 2670 1651 2706 reperlre
1667 2658 1788 2703 licuit,

176 2720 310 2782 qua,
327 2722 443 2759 nvait
465 2722 570 2758 idem
587 2722 861 2770 Perpinianus‚
880 2722 1026 2771 scripto
1047 2722 1084 2757 ei
1102 2692 1261 2757 tradidit
1278 2721 1467 2755 rationem
1498 2718 1537 2754 in
1557 2718 1696 2753 itinere
1714 2729 1796 2753 ser-

330 2785 403 2827 ,et
417 2791 550 2817 curam
568 2781 763 2817 sociorum
780 2781 819 2816 ei
834 2780 1099 2816 demandavit.
1119 2780 1179 2815 En
1202 2779 1287 2825 ejus
1313 2779 1446 2822 verba,
1466 2789 1515 2812 ex
1534 2777 1688 2812 laudata
1714 2777 1796 2822 epi-

235 2836 518 2887 deprompta:
537 2841 785 2885 «Teniamos,
805 2847 855 2875 en
872 2839 984 2875 cinco
1007 2851 1084 2886 que
1108 2841 1275 2883 eramos,
1295 2837 1405 2884 quasi
1424 2836 1513 2871 toda
1538 2838 1573 2871 la
1596 2835 1716 2870 orden
1741 2835 1790 2869 de

144 2907 194 2947 ζ.
201 2890 396 2944 colegno,
413 2909 467 2945 yo
489 2900 601 2935 hacia
619 2900 655 2935 el
673 2899 803 2935 officio
818 2898 869 2934 de
886 2898 1062 2945 superior
1077 2910 1104 2945 y
1126 2897 1342 2939 confessor,
1362 2896 1487 2940 Diego
1505 2894 1554 2929 de
1579 2894 1698 2930 Costa
1727 2905 1792 2928 era

146 2965 230 3007 23‘····
322 2969 382 3004 ·y
397 2959 504 2994 tenta
520 2958 686 2994 cuidado
703 2958 753 2993 de
770 2959 887 2994 hacer
904 2957 1088 3003 aderecar
1105 2958 1142 2992 el
1159 2967 1292 2992 comer
1308 2967 1334 3002 y
1354 2965 1472 3001 pagar
1490 2952 1582 2988 todo
1600 2954 1637 2988 lo
1654 2964 1731 2999 que
1749 2963 1792 2987 se

193 3052 198 3054 ,
244 3023 336 3062 va,
355 3026 426 3064 por
438 3028 502 3052 me
519 3018 558 3052 lo
575 3028 670 3052 aver
685 3019 771 3053 ansi
788 3016 985 3053 ordenado
1003 3017 1039 3051 el
1058 3016 1101 3052 P.
1106 3026 1122 3044 e
1139 3015 1314 3060 Nata1,y
1332 3013 1431 3048 dado
1450 3024 1499 3048 en
1519 3012 1662 3047 escrito
1679 3016 1791 3046 antes

171 3088 202 3101 2¹
220 3112 223 3113 ⁷
253 3072 304 3110 de
318 3073 504 3112 Coimbra
521 3087 584 3112 me
601 3075 866 3123 pa'rtiesse...»
885 3074 985 3111 Ibid.
1006 3086 1096 3121 pag.
1120 3082 1201 3118 150.
