2098 3470
339 274 405 311 192
810 267 966 303 PATRIS
991 268 1155 304 HissRON
1162 277 1235 303 YMI
1260 269 1412 305 NADAL

289 366 591 421 obedientiae,
618 369 875 425 Petrusque
907 369 1224 425 Perpinianus,
1249 370 1461 414 sacerdos
1490 370 1692 415 eiusdem
1716 371 1914 416 Societa-

291 442 364 496 tis‚
389 443 631 499 praepositi
656 445 883 500 generalis
906 445 1049 498 iussu,
1071 447 1260 489 Romam
1284 446 1369 490 iter
1386 447 1540 499 habet,
1561 446 1923 491 existimauimus

289 534 383 562 non
405 528 614 576 oportere
636 535 740 564 eum
779 521 877 565 sine
913 524 998 564 hac
1031 522 1350 566 testificatione
1371 522 1553 578 dimitti.
1586 524 1742 579 Quare
1765 537 1922 568 omnes

290 596 432 640 nostri
453 611 557 640 eum
595 611 700 642 cum
729 598 823 642 suis
856 599 989 642 sociis
1017 598 1224 643 officiose
1256 606 1302 642 et
1324 599 1583 644 humaniter
1616 599 1842 656 accipiant
1878 608 1923 643 et

289 674 450 717 iuuent
475 673 520 715 in
543 675 757 728 Domino,
784 676 981 720 fraterna
1002 690 1083 718 eos
1121 675 1344 720 charitate
1375 677 1745 732 complectentes,
1771 685 1817 720 et
1837 677 1922 719 has

287 750 442 793 literas
463 765 544 806 pro
561 751 764 808 legitima
787 752 1104 796 testificatione
1132 761 1178 795 et
1207 753 1603 796 commendatione
1631 754 1817 806 ducant3
1844 768 1922 798 ex-

290 834 443 871 ternos
467 842 591 880 uero,
632 843 714 884 pro
749 843 905 872 eorum
943 825 1225 872 humanitate
1261 836 1307 872 et
1335 829 1561 874 charitate
1597 829 1643 872 in
1667 829 1914 886 proximos,

287 904 550 959 praesertim
573 904 809 961 religiosos
831 912 876 950 et
893 920 1131 962 pauperes,
1152 905 1272 949 idem
1288 920 1504 962 rogamus
1526 906 1573 948 in
1590 906 1803 949 Domino.
1826 908 1917 950 Da·
1984 942 1987 946 Α

290 987 384 1023 tum
410 966 750 1035 Conimbricae‚
775 993 863 1026 etc.

1074 1113 1149 1156 25

738 1192 786 1233 P.
822 1191 1172 1233 HIERONYMI
1205 1191 1477 1234 NATALIS

962 1298 1256 1328 INSTRUCTIO

687 1376 735 1404 P.
778 1375 1146 1411 GUNDISALVO
1187 1375 1289 1405 VAZ
1332 1375 1520 1405 MELLO

530 1452 830 1482 RRAEPOSITO
869 1452 1179 1482 PROVINCIALI
1218 1451 1513 1482 LUSITANIAE
1550 1452 1677 1482 DATA

605 1553 775 1581 EBoRAE
790 1544 836 1590 (Ρ)
854 1553 981 1581 CIRCA
1000 1554 1100 1580 DlEM
1119 1554 1164 1580 20
1182 1553 1442 1581 SEPTEMBms
1465 1545 1552 1589 1561
1575 1547 1600 1580 ¹.

653 1644 990 1684 'INSTRUCTION
1015 1654 1140 1684 PARA
1163 1654 1222 1684 EL
1247 1654 1541 1684 PROUINCIAL

996 1747 1211 1794 Excerpta.

448 1838 592 1880 Como
614 1838 673 1880 he
694 1837 832 1879 dicho
855 1838 896 1880 al
920 1839 971 1880 P.
999 1837 1158 1880 doctor
1174 1838 1339 1880 Torres
1356 1852 1384 1892 y
1403 1837 1444 1878 al
1462 1837 1514 1879 P.
1536 1836 1646 1879 Luis
1668 1836 1917 1891 Goncfflez,

286 1927 359 1956 me
380 1929 544 1970 parece
565 1913 671 1959 bien
693 1928 783 1969 que
805 1915 847 1957 el
871 1916 922 1956 Ρ.
950 1914 1125 1970 Miguel
1148 1915 1205 1958 de
1226 1914 1340 1958 Sosa
1362 1927 1439 1956 sea
1467 1913 1700 1957 confessor
1728 1913 1801 1957 del
1824 1927 1917 1968 rey,

285 2005 315 2046 y
337 1998 436 2034 esto
458 2005 726 2047 propongan
748 1992 789 2034 el
814 1993 866 2033 P.
893 1992 1052 2033 doctor
1075 1992 1240 2035 Torres
1261 2005 1290 2046 y
1312 1991 1355 2033 el
1379 1992 1430 2033 P.
1458 1989 1569 2033 Luis
1585 1990 1817 2044 Goncalez
1835 2003 1920 2032 con

286 2081 339 2110 su
362 2067 586 2110 industria
606 2082 636 2123 y
658 2067 965 2119 moderacion,
991 2082 1124 2110 como
1146 2068 1287 2111 saben
1309 2066 1567 2111 conuenir..
1586 2100 1594 2108 .

374 2144 452 2188 Gil
475 2146 664 2188 Barreto
687 2158 735 2187 se
758 2145 972 2187 mandara
994 2159 1101 2187 aora
1123 2148 1149 2186 a
1180 2143 1396 2187 Coimbra
1427 2157 1513 2186 con
1543 2158 1634 2186 una
1662 2149 1805 2199 carta,
1832 2157 1921 2198 que

285 2221 394 2277 diga
416 2225 548 2264 como
569 2236 627 2264 va
649 2221 832 2277 paralla,
858 2236 886 2276 y
909 2222 998 2275 q'ue
1020 2221 1062 2263 le
1084 2234 1289 2276 occupen
1318 2235 1374 2264 en
1407 2220 1477 2264 los
1508 2219 1681 2264 officios
1703 2219 1760 2264 de
1797 2232 1917 2271 casa,

287 2299 484 2342 sacando
507 2298 792 2354 comprador,
818 2296 1021 2340 sacristia
1042 2313 1072 2353 y
1108 2300 1320 2353 porteria;
1346 2312 1375 2353 y
1407 2297 1602 2352 despues
1631 2311 1717 2353 por
1753 2299 1827 2339 via
1863 2296 1921 2340 de

287 2378 322 2418 F
326 2374 530 2418 rancisco
552 2376 810 2430 Anrriquez
832 2389 881 2419 se
903 2374 944 2416 le
967 2373 1183 2418 escriuira
1199 2374 1242 2417 al
1268 2376 1318 2417 P.
1348 2373 1496 2417 Miron
1518 2378 1616 2416 mas
1637 2389 1693 2418 en
1719 2372 1918 2429 particu—

287 2454 354 2495 lar
376 2453 420 2495 lo
443 2467 531 2507 que
553 2466 702 2508 passa.

357 2606 367 2627 ¹
420 2607 479 2641 Ex
499 2607 723 2653 apographo
746 2616 908 2651 coaevo,
928 2606 968 2640 in
992 2605 1127 2640 codice
1152 2605 1294 2642 Natal.
1325 2605 1446 2640 instr.
1469 2604 1611 2646 Lusit„
1631 2603 1735 2639 foliis
1763 2603 1941 2649 279-284-

288 2675 362 2702 λᾶε
381 2678 462 2702 ser.
486 2667 596 2701 Haec
615 2665 822 2702 instructio
837 2677 858 2700 a
872 2665 916 2700 P.
934 2665 1065 2700 Natali
1079 2675 1182 2700 novo
1196 2663 1419 2711 praeposito
1433 2662 1662 2710 provinciali
1676 2662 1920 2699 Gundisalvo

288 2726 370 2761 Vaz
388 2727 506 2761 Mello
524 2725 614 2760 data
627 2724 752 2760 fuisse
770 2723 927 2759 videtur
945 2736 1046 2759 anno
1068 2724 1171 2770 1561,
1193 2729 1307 2770 prout
1324 2735 1373 2758 ex
1392 2723 1509 2758 rebus
1533 2722 1572 2758 in
1598 2734 1644 2757 ea
1666 2721 1863 2757 contentis
1880 2728 1920 2757 et

290 2784 462 2831 negotiis
480 2795 527 2820 eo
541 2790 716 2831 ternpore
734 2783 775 2819 in
799 2783 977 2830 epistolis
996 2783 1142 2818 laudati
1160 2781 1410 2829 provincialis
1430 2781 1605 2817 tractatis
1634 2780 1795 2817 eruitur.
1815 2781 1865 2816 Et
1887 2781 1922 2816 si

287 2856 379 2891 prae
398 2844 521 2880 oculis
539 2845 770 2887 habeantur,
791 2854 891 2890 quae
910 2843 952 2877 P.
974 2834 1124 2878 Natalis
1149 2841 1286 2876 Lainio
1310 2853 1358 2876 ex
1388 2840 1556 2886 collegio
1580 2839 1762 2876 eborensi
1786 2839 1850 2876 die
1874 2848 1921 2874 20

287 2903 534 2950 Septembris
562 2903 648 2948 1561
675 2901 886 2947 referebat,
912 2903 1027 2948 paulo
1048 2907 1138 2936 ante
1162 2901 1267 2936 illam
1292 2900 1396 2935 diem
1422 2900 1521 2935 hanc
1545 2898 1843 2934 instructionem
1864 2899 1920 2934 lu-

286 2963 489 2998 cubratam
514 2962 637 2998 fuisse
665 2962 780 2998 facile
804 2962 1025 3006 colligetur.
1046 2960 1108 2996 Cf.
1130 2960 1258 3006 Epist.
1281 2960 1329 2995 P.
1351 2959 1502 3000 Nadal,
1522 2959 1553 3003 Ι,
1583 2957 1667 3005 537,
1685 2969 1724 2993 n.
1743 2966 1780 3003 73
1800 2963 1840 2992 et
1858 2969 1916 3004 ea,

284 3033 384 3069 quae
403 3022 442 3057 in
468 3022 540 3056 hoc
559 3026 813 3056 monumento
831 3019 880 3055 de
899 3020 1015 3055 Petro
1034 3019 1203 3054 Alvarez
1228 3018 1426 3062 dicuntur,
1446 3017 1610 3053 scilicet:
1631 3028 1698 3052 «se
1728 3017 1765 3052 le
1788 3016 1854 3052 dio
1876 3016 1920 3052 li-

286 3081 423 3116 cencia
440 3080 489 3116 de
508 3086 613 3115 estar
631 3079 760 3115 medio
774 3082 893 3116 ano...
914 3090 940 3123 y
958 3084 1042 3114 este
1058 3078 1185 3113 medio
1204 3080 1279 3113 afio
1297 3079 1459 3123 empezo
1480 3088 1529 3112 en
1549 3075 1701 3122 Agosto
1718 3075 1768 3111 de
1789 3074 1919 3120 1561».
