2098 3470
650 239 696 275 Iu
721 245 894 275 axmn
918 236 1344 278 ANNOTATIONEs-66
1702 236 1770 282 65¹

185 371 211 392 x
354 341 605 386 orationem
627 347 780 384 autem
801 354 1014 397 magnam
1051 353 1152 384 esse
1189 337 1390 395 religiosi
1422 338 1620 381 instituti
1643 346 1818 395 partem

186 427 363 465 certum
385 426 471 472 est,
510 432 702 474 eamque
722 415 926 473 inprimis
946 415 1265 467 necessariam,
1297 414 1546 458 orationem
1578 429 1676 458 eam
1700 415 1821 468 dico,

186 497 245 540 de
266 510 357 552 qua
386 496 557 539 Paulus
582 495 765 538 «Orabo
793 493 969 550 (inquit)
998 492 1176 549 spiritu,
1200 492 1342 535 orabo
1369 499 1416 534 et
1444 499 1595 534 mente
1623 493 1682 543 ¹»,
1708 506 1826 548 quae

188 572 336 616 omnis
361 572 691 628 complectatur
715 569 963 628 spiritualis
988 568 1192 614 exercitii
1228 577 1396 625 partes,
1428 568 1737 624 purgatiuam,
1770 569 1826 611 il-

186 648 503 692 luminatiuam
535 655 672 703 atque
694 646 931 690 unitiuam.
972 645 1230 703 Diligenter
1266 645 1409 702 igitur
1447 646 1562 689 haec
1591 654 1636 689 et
1660 660 1827 701 magna

188 725 407 770 auiditate
428 724 747 781 complectitur
768 723 975 768 Societas
997 722 1042 765 in
1064 722 1309 767 dulcedine
1325 721 1512 778 spiritus
1530 722 1575 764 in
1594 724 1677 765 Χ.ο
1694 724 1825 779 Jesu;

187 803 363 852 nullum
385 802 506 845 enim
527 817 554 846 e
569 801 665 844 suis
680 816 771 844 non
788 807 969 845 exercet
985 799 1179 856 primum
1196 799 1284 842 illis
1301 799 1688 852 meditationibus,
1709 814 1827 855 quae

191 880 248 923 ad
270 878 595 936 poenitentiam
612 878 823 930 attinent,
842 877 1102 933 ueterisque
1118 876 1317 920 hominis
1333 876 1700 932 expoliationem,
1721 877 1827 921 dein

191 946 652 1013 contemplationibus
687 955 890 998 omnium
927 954 1247 1011 mysteriorum
1277 953 1467 1006 Christi,
1498 953 1544 996 in
1573 954 1742 1010 quibus
1772 955 1829 997 ad

191 1047 375 1077 sensum
400 1032 516 1085 uiae,
542 1031 747 1075 ueritatis
768 1046 821 1075 ac
843 1031 965 1075 uitae
987 1030 1186 1088 aspirare
1207 1032 1550 1088 desyderamus3
1576 1032 1758 1074 demum
1782 1031 1829 1074 in

189 1124 344 1154 amore
365 1108 746 1164 conquiescimus,
768 1115 818 1152 ut
834 1108 957 1152 unde
972 1107 1198 1164 proficisci
1214 1109 1352 1153 debet
1368 1107 1529 1160 oratio,
1551 1108 1596 1150 in
1616 1123 1673 1153 eo
1691 1109 1827 1160 finem

186 1186 484 1238 collocemuS,
509 1185 556 1229 in
577 1185 815 1240 charitate,
854 1185 1047 1238 scilicet,
1082 1200 1259 1229 summa
1296 1199 1350 1228 ac
1386 1185 1541 1228 diuina
1567 1185 1753 1238 uirtute,
1780 1194 1832 1227 ut

190 1277 248 1307 ex
267 1264 355 1306 hac
377 1262 569 1318 eiusque
590 1263 769 1306 feruore
790 1277 844 1306 ac
872 1264 970 1308 zelo
992 1264 1050 1306 ad
1077 1270 1233 1306 nostra
1260 1262 1510 1307 ministeria
1540 1262 1834 1318 egrediamur

189 1339 237 1384 in
259 1339 488 1383 hilaritate
508 1338 695 1395 spiritus
717 1347 855 1395 atque
883 1339 1141 1384 humilitate
1168 1340 1321 1389 cordis
1348 1339 1492 1383 nostri
1523 1353 1575 1382 ac
1605 1339 1834 1383 suauitate

194 1416 370 1461 fortiter
390 1416 438 1459 in
454 1415 541 1459 X.⁰
557 1418 686 1474 Jesu.
714 1418 844 1461 Haec
865 1431 922 1460 ex
949 1416 1067 1460 libro
1097 1417 1418 1461 exercitiorum
1451 1424 1711 1460 nostrorum
1736 1418 1834 1459 col-

191 1493 392 1550 ligimus.
433 1494 548 1536 Illud
588 1508 699 1538 uero
741 1509 835 1536 non
871 1493 1076 1538 omittam
1115 1494 1306 1551 (etiamsi
1343 1494 1554 1551 proprius
1591 1494 1666 1558 hic
1705 1494 1836 1537 locus

190 1584 286 1614 ⁴non
307 1577 395 1624 est,
421 1578 472 1614 ut
493 1571 552 1615 de
573 1571 778 1614 oratione
807 1570 972 1624 dicam,
996 1571 1076 1615 sed
1103 1571 1250 1627 alius):
1277 1573 1460 1616 Patrem
1483 1571 1716 1628 Ignatium
1741 1572 1835 1614 sci-

193 1661 296 1690 mus
315 1647 595 1704 singularem
623 1647 819 1704 gratiam
847 1648 1079 1705 accepisse
1107 1663 1134 1692 a
1160 1650 1260 1692 Deo
1293 1656 1342 1691 vt
1370 1649 1416 1691 in
1445 1648 1835 1705 contemplatione

194 1724 317 1769 ΞΜ
339 1723 574 1768 Trinitatis
590 1733 883 1769 exerceretur
897 1725 1039 1769 libere
1055 1739 1109 1769 ac
1129 1725 1489 1782 conquiesceret:
1511 1740 1633 1769 nunc
1651 1725 1834 1781 quidem

194 1801 345 1858 gratia
366 1798 746 1858 contemplandae
777 1802 917 1845 totius
944 1802 1178 1846 Trinitatis
1204 1804 1474 1855 ducebatur,
1500 1803 1547 1846 in
1571 1804 1691 1846 illam
1716 1803 1835 1847 fere-

193 1879 345 1932 batur,
364 1877 411 1921 in
429 1877 550 1921 illam
563 1878 807 1922 uniebatur
824 1886 919 1922 toto
936 1880 1074 1923 corde
1084 1894 1252 1936 magno
1269 1894 1407 1924 sensu
1421 1880 1681 1924 deuotionis
1699 1887 1839 1935 atque

194 1954 443 2012 spiritualis
479 1962 662 2011 gustus3
698 1970 820 1999 nunc
845 1958 1027 2001 Patrem
1062 1958 1472 2013 contemplabatur,
1506 1971 1629 2008 nunc
1652 1956 1835 2008 Filium,

198 2045 321 2075 nunc
348 2031 567 2088 Spiritum
591 2039 817 2086 sanctum;
843 2040 889 2077 et
914 2034 1053 2089 hujus
1080 2033 1264 2089 quidem
1293 2035 1729 2091 contemplationem
1758 2048 1838 2078 ac-

197 2108 334 2165 cepit,
362 2122 468 2152 cum
499 2108 610 2152 alias
642 2110 918 2165 frequenter,
944 2118 1040 2165 tum
1073 2125 1182 2154 uero
1214 2111 1358 2167 <quasi
1389 2111 1427 2154 si
1450 2112 1584 2155 unice
1613 2111 1752 2155 dicas‘)
1777 2111 1834 2154 ad

198 2199 346 2228 annos
380 2200 492 2230 suae
526 2185 907 2242 peregrinationis
943 2187 1148 2240 ultimos;
1188 2189 1309 2231 hanc
1351 2188 1574 2232 rationem
1613 2187 1837 2231 orationis

196 2264 408 2319 concepit
446 2265 582 2308 Pater
618 2263 843 2320 Ignatius,
877 2279 1045 2321 magno
1083 2265 1345 2322 priuilegio,
1381 2265 1704 2318 selectissime3
1743 2274 1840 2308 tum

201 2339 314 2383 illud
334 2347 568 2396 praeterea
589 2340 636 2383 in
658 2341 870 2385 omnibus
891 2343 1044 2395 rebus,
1075 2343 1348 2395 actionibus,
1390 2343 1643 2398 colloquiis,
1679 2351 1729 2385 ut
1753 2343 1840 2385 Dei

201 2416 502 2472 praesentiam
523 2431 766 2472 rerumque
787 2417 1089 2474 spiritualium
1111 2421 1323 2464 affectum
1347 2420 1537 2465 sentiret
1567 2430 1705 2474 atque
1730 2434 1843 2462 con-

202 2494 512 2549 templaretur,
536 2494 670 2537 simul
691 2493 738 2536 in
761 2494 940 2539 actione
968 2497 1351 2552 contemplatiuus
1373 2505 1390 2522 ³
1414 2498 1553 2553 (quod
1576 2496 1638 2538 ita
1670 2497 1843 2539 solebat

203 2569 445 2626 explicare:
470 2572 620 2614 Deum
637 2585 738 2614 esse
754 2570 801 2613 in
818 2571 1030 2615 omnibus
1051 2568 1188 2616 rebus
1209 2573 1569 2625 inueniendum');
1591 2575 1709 2615 hanc
1736 2587 1847 2617 uero

206 2646 399 2703 gratiam
421 2660 476 2690 ac
497 2647 645 2690 lucem
668 2647 844 2691 animae
866 2662 992 2702 suae,
1016 2650 1212 2704 quodam
1236 2651 1366 2706 quasi
1396 2651 1636 2706 splendore
1665 2650 1842 2701 uultus,

143 2718 146 2720 ’
207 2723 412 2767 claritate
447 2738 500 2767 ac
537 2724 811 2769 certitudine
842 2725 1072 2769 actionum
1094 2732 1278 2770 suarum
1301 2727 1347 2770 in
1378 2729 1463 2770 Χ.0
1486 2727 1701 2783 explicari
1724 2726 1844 2768 vidi*

205 2813 325 2854 mus,
347 2815 515 2856 magna
537 2808 691 2844 nostra
712 2801 914 2845 omnium
936 2802 1249 2858 admiratione,
1270 2812 1315 2848 et
1333 2819 1502 2860 magna
1525 2803 1674 2845 cordis
1702 2804 1846 2846 nostri

279 2947 298 2966 ⁸
323 2938 581 2974 Emendatum
600 2950 622 2973 a
641 2938 734 2974 Nat.
760 2950 809 2974 ex
827 2939 1190 2986 contemplationis.

285 3045 294 3066 ¹
346 3046 364 3081 1
382 3046 503 3090 Con„
521 3047 629 3092 XIV,
653 3055 710 3091 15.
