2098 3470
839 279 1272 318 Iusrnuc‘rmnzs-or
1755 286 1821 324 471

236 383 537 441 peccauerim,
562 398 698 441 quarn
723 383 921 428 tenuiter
940 390 1020 427 aut
1035 382 1148 426 nihil
1169 381 1439 439 profecerim
1458 383 1585 424 tanto
1603 389 1807 437 tempore
1823 379 1882 423 in.

237 462 485 507 Societate.
505 463 576 506 De
596 461 668 504 his
689 461 890 506 dolorem
913 459 1163 516 concipiam
1186 459 1503 503 vehementem
1526 462 1611 504 288
1632 471 1688 500 ex
1710 457 1870 500 intimo

236 539 389 590 corde,
415 539 534 582 vnde
551 537 804 594 concipiam
826 537 1096 595 profundam
1112 535 1414 580 humilitatem
1436 542 1574 590 atque
1591 533 1868 591 agnitionem

234 629 362 659 meae
389 614 711 658 imbecillitatis
738 629 790 658 ac
819 613 1040 666 miseriae,
1071 626 1124 656 ac
1161 612 1407 668 profitebor
1439 625 1576 668 egere
1608 626 1680 654 me
1711 609 1868 653 diuino

233 691 403 735 auxilio
423 698 469 736 et
490 691 655 748 gratia,
681 698 727 736 et
747 691 927 735 veniam
948 705 975 734 a
994 691 1094 734 Deo
1117 688 1350 733 humiliter
1370 695 1539 745 petam.

323 769 556 812 Inuocabo
597 768 803 812 diuinum
846 767 1090 819 auxilium,
1135 765 1507 810 intercessionem
1550 771 1867 809 sacrosanctae

234 843 424 902 virginis
455 845 625 889 Mariae
653 845 809 889 matris
836 844 939 897 Dei,
973 843 1176 887 omnium
1208 843 1475 899 angelorum
1507 850 1553 885 et
1586 849 1864 892 sanctorum,

233 927 280 966 et
300 921 634 978 particulariter
656 924 714 966 D.
742 921 866 965 Petri
887 928 934 965 et
956 920 1104 972 Pauli,
1123 919 1277 977 angeli
1293 920 1382 964 mei
1398 919 1618 970 custodis,
1639 925 1684 961 et
1702 918 1862 970 sancti,

233 1012 344 1055 erga
365 1013 501 1055 quem
522 998 741 1055 peculiari
763 997 935 1042 afficior
965 996 1224 1049 deuotione,
1261 1003 1308 1039 vt
1340 996 1561 1040 innouare
1593 1009 1651 1038 ex
1682 995 1864 1051 integro

234 1075 402 1132 possim
430 1073 553 1118 vitae
581 1089 709 1119 meae
736 1075 934 1119 rationes
960 1088 1134 1127 omnes,
1170 1081 1215 1117 et
1246 1086 1300 1116 ea
1336 1071 1488 1116 omnia
1524 1073 1783 1124 emendare,
1818 1072 1865 1114 in

233 1151 400 1208 quibus
420 1151 605 1204 offendi,
631 1159 768 1207 atque
790 1151 847 1195 ad
868 1150 1098 1195 meliorem
1121 1149 1528 1207 perfectioremque
1545 1149 1668 1193 vitae
1684 1150 1864 1206 frugem

233 1243 306 1272 me
326 1229 589 1273 extendere.
617 1231 874 1285 Proponam
895 1228 1060 1273 deinde
1081 1227 1254 1272 efficaci
1275 1228 1512 1271 voluntate
1534 1227 1589 1271 ad
1613 1227 1730 1271 haec
1755 1240 1866 1269 con-

180 1296 186 1300 *
234 1306 421 1350 tendere
442 1305 493 1366 in
511 1305 710 1357 Christo,
735 1319 788 1349 ac
809 1305 957 1350 media
985 1305 1135 1348 omnia
1165 1304 1399 1357 adhibere,
1424 1318 1542 1359 quae
1572 1303 1663 1348 sint
1692 1303 1749 1347 ad
1778 1305 1866 1346 hoc

232 1381 488 1427 necessaria
511 1382 584 1426 vel
604 1381 747 1434 vtilia,
772 1382 899 1426 iuxta
922 1397 1048 1427 meae
1069 1381 1322 1426 vocationis
1345 1381 1625 1425 institutum.

321 1458 408 1502 His
435 1460 556 1516 apud
582 1473 655 1504 me
691 1459 968 1512 constitutis,
1003 1460 1188 1502 induam
1227 1473 1439 1515 magnam
1477 1458 1616 1503 animi
1653 1473 1779 1514 spem
1821 1467 1867 1502 et

230 1535 571 1588 confidentiam,
595 1535 875 1592 singularem
907 1535 1092 1593 spiritus
1123 1535 1403 1579 alacritatem
1436 1544 1482 1578 et
1510 1535 1867 1592 magnanimita-

230 1619 323 1658 tem
343 1612 391 1655 in
412 1611 669 1656 humilitate
691 1612 839 1656 cordis
861 1612 908 1655 in
929 1613 1130 1665 Christo,
1151 1614 1273 1668 quod
1294 1627 1365 1665 ea,
1390 1626 1508 1669 quae
1530 1627 1752 1669 propono,
1779 1613 1862 1656 sim

229 1693 316 1736 289
343 1696 637 1742 executuruS,
662 1704 752 1733 non
781 1705 837 1734 ex
864 1704 952 1743 me,
977 1691 1058 1734 sed
1086 1705 1142 1735 ex
1170 1689 1255 1734 Dei
1284 1689 1609 1742 misericordia,
1640 1704 1744 1733 cum
1767 1690 1866 1734 eius
1931 1718 1937 1723 -

228 1765 398 1811 auxilio
419 1773 464 1812 et
484 1766 635 1823 gratia
656 1773 701 1811 et
723 1774 985 1810 sanctorum
1008 1766 1299 1811 inuocatione
1321 1767 1367 1810 in
1390 1767 1504 1824 ipso.

232 1899 242 1908 .
317 1843 420 1887 Hac
455 1842 603 1899 gratia
639 1857 692 1886 ac
729 1843 894 1887 mentis
928 1843 1184 1887 constantia
1221 1852 1269 1888 et
1303 1844 1557 1901 proposito,
1599 1846 1687 1887 hac
1724 1844 1862 1888 animi

227 1918 545 1976 magnitudine
564 1919 808 1976 aggrediar
828 1921 886 1965 ad
903 1920 1188 1977 operationes
1205 1935 1333 1965 meas
1350 1921 1395 1964 in
1416 1922 1620 1974 Christo,
1646 1923 1703 1965 ad
1725 1937 1857 1966 reno-

230 1995 459 2041 uationem
481 2011 609 2042 meae
636 1996 943 2042 conscientiae
971 2004 1017 2042 et
1048 1997 1186 2052 vitae;
1228 1999 1286 2042 ad
1313 1998 1639 2055 perfectionem
1668 1998 1863 2043 instituti

227 2073 576 2118 obseruandam.
612 2074 670 2117 Et
705 2073 997 2130 peculiariter
1033 2074 1126 2117 duo
1157 2075 1403 2121 adhibebo.
1443 2076 1654 2120 Alterum
1689 2084 1774 2129 est,
1815 2085 1863 2120 vt

227 2149 525 2195 consideratis
552 2150 623 2206 iis,
656 2151 714 2196 de
741 2150 908 2206 quibus
937 2165 1039 2194 sum
1072 2152 1326 2205 confessus,
1362 2167 1496 2209 agam
1534 2154 1634 2196 Deo
1670 2154 1858 2210 gratias,

226 2227 352 2283 quod
379 2226 488 2270 mihi
525 2227 602 2270 illa
638 2227 790 2271 omnia
821 2228 1148 2272 condonauerit
1179 2230 1323 2282 Deus;
1359 2230 1630 2282 secundum,
1671 2238 1719 2272 vt
1755 2245 1861 2273 cum

226 2290 507 2360 propositum
528 2305 722 2348 habeam
745 2304 899 2348 omnia
919 2305 1208 2358 emendandi,
1234 2306 1471 2363 designem
1504 2314 1655 2351 tamen
1689 2307 1863 2362 aliquot

225 2380 469 2437 praecipua
489 2381 654 2437 capita,
675 2382 733 2427 de
755 2381 922 2438 quibus
944 2382 1239 2426 emendandis
1261 2383 1380 2426 serio
1403 2397 1554 2440 agam:
1577 2383 1794 2439 quaesitis
1817 2392 1862 2427 et

224 2457 442 2514 appositis
463 2458 624 2503 mediis
645 2458 857 2502 omnibus
880 2466 923 2503 et
946 2459 1212 2504 necessariis
1230 2467 1275 2505 et
1297 2460 1499 2503 vtilibus.

357 2589 650 2620 INSTRUCTIO
674 2591 766 2621 PRO
788 2591 892 2630 HIS,
918 2591 1001 2629 QUI
1027 2591 1151 2622 SUNT
1175 2591 1225 2621 IN
1250 2592 1399 2622 PRIMA
1423 2592 1733 2622 PROBATIONE

313 2689 458 2732 Erunt
480 2688 583 2732 soli.

310 2764 530 2809 Visentur
552 2773 702 2811 tamen
725 2766 968 2822 aliquando
990 2782 1016 2811 a
1043 2768 1263 2824 magistro
1283 2773 1368 2814 290
1392 2768 1686 2811 nouitiorum.
1717 2770 1854 2811 Pote-

223 2849 331 2884 runt
350 2842 486 2886 etiam
507 2842 644 2887 inuisi
666 2844 723 2887 ab
744 2843 896 2899 aliquo
918 2845 1109 2900 probato
1130 2859 1186 2888 ex
1210 2845 1546 2888 commissione.

311 2918 707 2963 Commendabunt
728 2935 777 2964 se
798 2922 898 2965 Deo
919 2921 1163 2978 diligenter
1186 2922 1230 2964 in
1254 2921 1458 2965 oratione
1481 2937 1536 2965 ex
1560 2921 1726 2977 pietate
1751 2936 1852 2964 cor-

221 2994 308 3047 dis,
331 2994 379 3038 in
400 2995 671 3054 humilitate,
696 3011 750 3041 ac
771 2996 1070 3054 simplicitate.

310 3071 595 3128 Cogitabunt
616 3072 858 3130 diligenter
879 3075 935 3118 de
957 3089 1039 3118 sua
1061 3075 1314 3129 vocatione,
1340 3090 1431 3117 non
1454 3075 1581 3130 quasi
1599 3076 1656 3118 de
1673 3075 1747 3117 illa
1765 3075 1852 3117 du-
