2098 3470
307 265 375 310 568
778 267 933 305 PA'rms
959 269 1202 305 Hunnorum:
1229 269 1380 305 NADAL

350 368 738 412 Scholasticorum
760 376 1032 422 nostrorum,
1059 370 1136 426 qui
1165 371 1221 413 ad
1248 370 1419 414 maiora
1447 372 1598 415 studia
1625 371 1776 417 idonei
1798 387 1889 416 non

263 443 539 498 videbuntur
561 446 673 499 fore,
707 446 769 490 ita
791 446 939 490 studia
967 447 1283 503 disponantur,
1314 452 1402 494 54⁰
1433 455 1496 501 vt,
1528 456 1629 505 post
1656 449 1888 494 sufficien‘

262 528 351 564 tem
388 521 553 565 latinae
582 522 769 579 linguae
796 523 1121 579 cognitionem,
1153 524 1261 566 dent
1290 538 1473 580 operam
1501 524 1771 581 compendio
1792 525 1890 568 dia-

261 597 445 642 lectices
466 607 511 642 et
528 598 711 642 casibus
733 599 1054 653 conscientiae,
1080 613 1166 642 nec
1189 601 1246 643 ad
1273 600 1505 657 superiora
1533 600 1680 644 studia
1702 608 1892 645 conten-

262 675 388 717 dant.

347 753 480 807 Quae
515 746 671 796 haberi
708 754 855 798 solent
891 753 1221 809 disputationes
1249 754 1295 796 in
1333 754 1498 798 nostris
1534 754 1704 798 scholis
1730 754 1892 799 diebus

259 829 451 882 sabbati,
477 830 598 874 iniis
635 838 997 887 propugnatores
1035 845 1135 875 esse
1163 838 1394 887 poterunt,
1427 846 1518 874 non
1547 831 1689 874 nostri
1725 831 1888 884 solum,

262 907 342 950 sed
364 906 498 950 etiam
523 908 714 952 externi.

690 1041 752 1071 DE
790 1041 1132 1071 SCHOLASTICIS
1166 1041 1464 1071 APPROBATIS
1524 1080 1526 1082 Ι

351 1139 663 1183 Scholasticus
702 1141 978 1196 approbatus
1014 1139 1298 1196 intelligitur,
1339 1139 1417 1195 qui
1440 1147 1487 1182 vt
1523 1139 1757 1183 minimum
1778 1140 1893 1183 duos

264 1229 406 1258 annos
435 1216 640 1272 exegerit
673 1216 986 1272 probationem
1019 1224 1064 1260 et
1102 1202 1208 1260 vota
1245 1217 1454 1270 ediderit,
1479 1223 1524 1260 et
1560 1217 1816 1260 declaratus
1837 1215 1894 1259 sit

262 1291 397 1335 etiam
421 1292 724 1336 scholasticus
746 1294 1022 1350 approbatus
1045 1309 1070 1336 a
1091 1293 1312 1350 superiori
1335 1308 1418 1336 suo
1433 1293 1653 1350 legitime,
1673 1292 1751 1349 qui
1773 1292 1895 1336 scili-

260 1376 333 1412 cet
355 1369 524 1421 iudicet
543 1369 671 1418 illum
694 1370 756 1414 ita
777 1370 1023 1426 profecisse
1046 1370 1093 1413 in
1115 1370 1293 1427 spiritu,
1320 1378 1367 1413 vt
1390 1370 1478 1414 iarn
1507 1371 1727 1416 decedere
1756 1372 1793 1415 e'
1809 1384 1894 1413 no·

263 1446 424 1490 uitiatu
447 1448 605 1503 possit.

319 1564 392 1606 541
487 1575 548 1604 DE
576 1575 711 1604 MODO
742 1575 985 1605 REDDENDI
1018 1575 1267 1605 RATIONEM
1299 1574 1652 1606 CONSCIENTIAE

351 1680 516 1723 Modus
532 1679 749 1723 reddendi
767 1675 986 1722 rationem
1005 1679 1312 1723 conscientiae
1327 1678 1372 1721 in
1390 1679 1676 1724 confessione
1693 1681 1759 1736 (ut
1768 1693 1895 1723 com-

263 1756 428 1811 pendio
449 1755 641 1812 dicatur)
665 1770 766 1801 esse
793 1764 942 1813 potest
978 1756 1254 1800 huiusmodi:
1279 1756 1424 1812 primo
1446 1763 1495 1798 vt
1516 1755 1653 1809 dicat,
1678 1771 1734 1799 an
1760 1756 1896 1800 fuerit

261 1832 485 1876 obnoxius
507 1833 640 1877 alicui
662 1841 849 1890 peccato
879 1833 1057 1878 mortali
1087 1835 1190 1890 poSt
1220 1833 1420 1876 vltimam
1451 1833 1785 1878 confessionem
1814 1829 1898 1890 ge-
1931 1883 1936 1887 ,

261 1911 478 1954 neralem.

349 1989 417 2030 De
439 1987 589 2030 dubiis
611 1973 689 2030 aut
713 1987 950 2031 timoribus
973 2003 1031 2031 an
1053 1987 1327 2030 incurrerint
1349 1986 1396 2029 in
1424 1994 1665 2043 peccatum
1688 1987 1893 2030 mortale.

349 2066 418 2107 De
442 2064 568 2108 malis
604 2064 987 2118 inclinationibus,
1024 2065 1181 2121 quales
1209 2064 1317 2117 sint,
1348 2070 1393 2108 et
1422 2063 1459 2106 si
1488 2063 1579 2107 sint
1608 2063 1896 2121 importunae

262 2150 341 2184 aut
365 2143 596 2186 molestae.
1645 2138 1648 2142 ⁴

348 2220 418 2262 De
442 2218 692 2263 tentatione
714 2226 870 2262 contra
900 2219 1199 2272 vocationem,
1235 2219 1512 2274 institutum,
1547 2217 1897 2262 constitutiones

260 2302 338 2339 aut
361 2295 561 2352 regulas,
582 2295 855 2352 superiores,
881 2295 1200 2349 obedientiam,
1226 2304 1271 2340 et
1293 2296 1548 2353 specialiter
1570 2296 1634 2339 clev
1650 2293 1898 2338 tentatione

260 2372 424 2424 carnis,
450 2380 528 2416 aut
555 2372 759 2415 cuiusuis
788 2373 972 2416 alterius
1010 2373 1306 2425 vehementis,
1338 2373 1619 2430 periculosae
1646 2379 1725 2416 aut
1757 2371 1896 2415 mol&

264 2458 360 2493 stae
383 2449 662 2494 tentationis.

348 2528 419 2571 De
441 2526 718 2583 proprietate
741 2525 786 2568 in
810 2526 879 2579 iis,
906 2541 1021 2582 quae
1042 2526 1271 2583 pertinent
1301 2527 1357 2569 ad
1379 2533 1709 2583 paupertatem.

350 2606 419 2648 De
441 2602 806 2658 conuersatione,
829 2603 865 2645 si
889 2617 980 2646 non
1003 2603 1212 2660 religiose
1235 2603 1293 2646 sit
1314 2609 1632 2655 conuersatus,
1653 2601 1772 2645 etde
1788 2615 1898 2657 quo·

257 2674 333 2724 'uis
355 2681 557 2737 periculo
580 2680 758 2737 peccati
780 2680 1022 2736 grauioris;
1063 2681 1119 2724 de
1141 2684 1227 2727 542
1257 2680 1435 2724 modica
1471 2678 1784 2723 aedificatione
1806 2684 1912 2730 tam,

262 2758 380 2802 intra
401 2773 537 2814 quam
561 2766 688 2802 extra
709 2758 912 2800 domum:
939 2765 984 2802 et
1006 2758 1265 2801 sacerdotes
1286 2757 1439 2801 dicent
1469 2757 1696 2813 quomodo
1718 2770 1768 2800 se
1789 2769 1898 2812 ges-

259 2835 401 2878 serint
422 2835 469 2877 in
491 2833 855 2879 confessionibus
872 2833 1110 2878 audiendis
1126 2841 1172 2879 et
1188 2834 1236 2876 in
1255 2833 1495 2890 colloquiis
1513 2832 1776 2890 praesertim
1794 2845 1899 2875 cum

261 2911 542 2954 mulieribus:
567 2911 625 2954 de
647 2911 718 2954 his
741 2910 875 2955 etiam
894 2926 1051 2954 omnes
1074 2910 1148 2954 alii
1170 2910 1339 2963 dicent,
1361 2910 1438 2966 qui
1461 2916 1677 2955 exercent
1697 2922 1781 2952 sua
1799 2923 1898 2951 mu-

262 3003 373 3032 nera
395 2996 474 3033 aut
497 2987 687 3044 quaeuis
722 2987 809 3031 alia
846 2995 974 3032 extra
996 2988 1200 3031 domum.
1237 2989 1307 3031 De
1330 2987 1533 3030 oratione
1564 2993 1610 3030 et
1636 2984 1897 3036 deuotione,

262 3065 494 3120 quomodo
517 3079 565 3108 se
588 3064 834 3109 habuerint
856 3064 902 3106 in
925 3064 1014 3107 illa.
1575 3051 1576 3054 Ἴ

2090 1691 2098 1720 ,Ἅι
2094 1315 2098 1680 .„-„--——-..—-—.-„
2096 1290 2098 1296 .
2096 1230 2098 1232 .
