2098 3470
276 265 346 302 412
749 258 904 296 PATms
929 259 1174 296 Hmnonxm
1199 259 1352 295 NADAL

224 372 471 415 expensae,
496 373 550 402 ac
572 359 669 416 pari
689 374 798 404 cura
826 361 1013 418 exigant
1042 362 1105 418 (vt
1128 360 1172 404 in
1200 360 1503 417 procuratoris
1526 360 1698 418 regulis
1720 362 1863 407 habe-

230 435 317 490 tur)
339 435 534 492 singulis
556 435 789 481 mensibus
825 445 871 483 et
893 438 1023 481 annis
1045 439 1101 481 ab
1125 437 1222 494 ipso
1250 445 1543 494 procuratore
1566 438 1764 482 rationes
1785 453 1862 482 ac-

226 510 348 568 cepti
369 518 414 556 et
437 512 640 570 expensi;
666 522 930 570 procurator
952 513 1146 571 singulis
1168 514 1464 558 hebdomadis
1486 514 1543 558 ab
1565 522 1784 571 emptore.

317 590 523 632 Caueant
549 589 821 647 superiores,
853 606 912 635 ne
941 590 1183 646 quicquam
1211 590 1501 634 inferioribus
1530 590 1793 648 promittant
1815 590 1862 634 in

227 664 299 718 iis,
325 679 442 721 quae
462 666 520 710 ad
546 665 750 723 ipsorum
779 666 973 712 attinent
1005 667 1222 720 actiones,
1257 667 1325 711 vel
1357 682 1412 711 eo
1439 668 1574 711 modo
1596 669 1860 724 loquantur,

223 748 278 784 ·vt
300 740 405 785 inde
427 742 602 799 possint
623 743 967 800 promissionem
990 743 1075 786 sibi
1103 758 1203 787 esse
1233 744 1397 788 factam
1425 743 1727 801 interpretari.
1757 745 1863 788 Illo-

228 833 330 862 rum
352 818 490 874 enim‚
510 819 587 876 qui
610 821 806 864 subsunt
829 820 1115 865 obedientiae
1137 820 1327 865 interest
1348 820 1394 863 in
1417 821 1588 877 primis,
1610 828 1658 864 vt
1680 827 1787 865 actu
1810 835 1863 864 ac

227 910 276 940 re
296 895 394 952 ipsa
415 910 471 939 ex
494 897 719 953 praesenti
740 896 917 950 iuditio,
941 897 1269 953 voluntateque
1297 896 1582 953 superiorum
1613 898 1857 954 pendeant:

227 973 350 1029 quod
370 972 408 1017 si
431 973 539 1029 quid
557 973 686 1030 quasi
707 974 978 1030 promissum
1003 973 1060 1019 115
1083 973 1390 1030 colligeretur,
1415 973 1461 1016 id
1488 974 1618 1019 aliter
1639 974 1861 1031 interpre-

227 1049 314 1093 tari
334 1049 527 1094 liberum
549 1050 652 1104 erit,
676 1051 751 1096 vel
773 1051 909 1094 etiam
933 1057 1192 1096 retractare.
1214 1052 1318 1095 Non
1340 1050 1462 1095 enim
1485 1051 1764 1096 credendum
1788 1058 1858 1096 est

224 1127 507 1184 superiorem
529 1128 730 1172 voluisse
752 1142 807 1172 eo
828 1128 963 1171 modo
979 1127 1120 1183 loqui,
1147 1142 1239 1183 quo
1257 1142 1349 1171 non
1365 1127 1540 1181 debuit,
1562 1142 1645 1171 nec
1662 1127 1863 1171 voluisse

223 1219 276 1248 se
298 1204 503 1261 obligare
524 1205 581 1248 ad
602 1204 664 1258 id,
690 1206 813 1260 quod
835 1212 995 1261 postea
1017 1203 1169 1248 videat
1190 1204 1289 1248 fieri
1311 1219 1400 1248 non
1419 1205 1603 1258 debere,
1624 1218 1773 1260 neque
1790 1204 1863 1248 in-

227 1280 362 1325 ferior
382 1282 535 1335 debet,
561 1281 599 1324 si
622 1281 730 1338 quid
754 1282 979 1325 facturum
1001 1296 1050 1325 se
1072 1281 1236 1325 dixerit
1258 1281 1479 1338 superior,
1504 1281 1617 1325 illud
1637 1280 1864 1338 interpre-

227 1357 312 1401 tari
333 1357 607 1415 promisisse.

313 1435 522 1492 Expedit,
541 1442 591 1478 vt
607 1435 865 1492 superiores
881 1434 1178 1491 collegiorum
1196 1435 1268 1478 vel
1285 1435 1504 1478 domuum
1519 1434 1699 1491 copiam
1716 1434 1862 1480 libere

220 1511 450 1555 scribendi
470 1512 527 1555 ad
549 1512 878 1568 prouincialem
901 1512 965 1556 eis
987 1511 1172 1566 faciant,
1198 1526 1390 1568 quorum
1414 1511 1684 1565 morositati,
1705 1518 1751 1556 et
1774 1511 1863 1554 im·

222 1588 467 1645 patientiae
488 1589 561 1633 vel
582 1588 886 1644 inquietudini
908 1588 1079 1633 mederi
1101 1588 1188 1632 alia
1218 1588 1390 1633 ratione
1422 1603 1513 1632 non
1535 1594 1742 1645 possunt.
1767 1589 1804 1632 F
1807 1603 1862 1632 a-

224 1664 354 1708 cilius
375 1665 548 1710 interea
565 1665 807 1718 curabunt,
834 1673 881 1708 vt
905 1665 1046 1721 quieti
1068 1679 1336 1722 responsum
1368 1672 1625 1722 expectent.
1659 1665 1798 1722 Quod
1819 1664 1858 1708 si

219 1757 372 1798 neque
393 1743 480 1786 hoc
501 1743 749 1795 sufficeret,
771 1749 1020 1799 praestaret
1037 1756 1115 1786 eos
1132 1743 1189 1786 ad
1205 1741 1530 1798 prouincialem
1549 1741 1746 1796 mittere,
1766 1741 1853 1785 nisi
1904 1786 1907 1789 Δ

225 1818 460 1864 timeretur
477 1833 534 1863 ne
556 1820 644 1862 hac
665 1819 904 1864 occasione
926 1819 988 1861 illi
1011 1819 1188 1863 facilius
1211 1819 1384 1876 possint
1413 1818 1702 1878 vocationem
1726 1818 1861 1862 dese-

220 1910 338 1949 rere,
364 1903 501 1951 atque
522 1911 549 1939 a
585 1895 815 1940 Societate
837 1883 986 1951 'plane
1023 1896 1236 1941 deficere.
1277 1897 1381 1940 Non
1408 1895 1480 1939 his
1503 1896 1666 1948 solum,
1692 1894 1770 1951 qui
1794 1894 1861 1938 in-

218 1972 365 2028 quieti
385 1980 509 2027 sunt,
535 1973 671 2018 debet
693 1974 842 2017 facere
864 1972 1090 2016 scribendi
1113 1973 1374 2016 facultatem
1405 1979 1572 2025 rector,
1603 1972 1685 2016 sed
1713 1971 1862 2015 omni-

223 2050 311 2092 bus
333 2049 483 2104 etiam,
505 2049 583 2108 qui
605 2049 651 2092 id
672 2049 829 2094 velint:
849 2049 1139 2106 prouincialis
1157 2064 1264 2093 vero
1282 2049 1477 2104 curabit,
1497 2064 1555 2093 ne
1572 2064 1626 2094 ea
1644 2048 1702 2094 ΙΙΒ
1720 2047 1859 2094 liber-

224 2132 317 2170 tate
337 2125 400 2168 illi
437 2127 701 2179 abutantur,
736 2126 858 2182 quod
881 2127 937 2169 ab
966 2125 1043 2169 illo
1073 2125 1299 2182 intelliget
1320 2133 1483 2179 rector,
1509 2126 1546 2169 si
1578 2125 1788 2169 videatur
1815 2125 1862 2168 id

225 2203 392 2246 rectori
414 2202 783 2260 significandum.

313 2280 488 2324 Curent
509 2279 765 2336 superiores
786 2293 838 2322 ac
856 2280 1102 2324 obseruent
1118 2279 1378 2336 diligenter,
1399 2287 1447 2322 vt
1463 2281 1722 2336 praefectus
1745 2287 1855 2324 tem-

224 2357 302 2414 pli,
327 2357 602 2410 sacerdotes,
633 2363 771 2412 atque
802 2357 1011 2400 aedituus
1039 2365 1162 2402 recte
1188 2358 1442 2414 fungantur
1469 2356 1564 2400 suis
1594 2356 1773 2411 officiis,
1805 2363 1852 2402 et

221 2449 331 2478 cum
353 2434 557 2478 omnium
580 2433 910 2478 aedificatione.

313 2513 370 2556 In
391 2517 613 2568 quantum
634 2509 732 2555 fieri
754 2511 935 2566 poterit,
967 2526 1058 2554 non
1082 2511 1339 2568 proseratur<
1363 2526 1513 2555 sermo
1542 2510 1855 2568 imperatiuus,

220 2595 289 2642 vt,
314 2603 403 2645 ego
429 2586 664 2644 imperaui‚
703 2601 792 2644 ego
820 2586 946 2640 iussi,
982 2589 1062 2631 sed
1084 2587 1235 2644 potius
1263 2602 1352 2644 ego
1380 2587 1489 2640 dixi,
1522 2588 1593 2631 vel
1624 2586 1853 2631 ordinauit

225 2665 447 2709 ordinabo
469 2667 556 2708 hoc
579 2665 649 2709 vel
673 2663 799 2717 illud,
826 2672 871 2708 et
893 2664 1055 2708 similia
1076 2665 1217 2708 verba
1241 2664 1400 2708 suauia
1421 2667 1466 2707 et'
1488 2665 1735 2709 moderata.

316 2742 514 2799 Quando
542 2740 765 2798 supererit
797 2741 965 2796 aliquid
990 2741 1208 2798 temporis
1234 2741 1456 2798 superiori
1485 2757 1511 2784 a
1539 2740 1744 2798 negociis
1771 2755 1861 2798 gu-

224 2818 518 2871 bernationis,
539 2818 663 2862 nulla
686 2817 862 2862 ratione
879 2818 1096 2862 conuenit
1113 2818 1239 2861 illum
1257 2833 1358 2863 esse
1374 2817 1595 2871 ociosum,
1616 2818 1696 2862 sed
1715 2824 1858 2874 ponet

219 2895 424 2939 studium
446 2895 491 2938 in
515 2894 937 2948 constitutionibus,
963 2895 1009 2937 in
1033 2895 1203 2951 regulis
1225 2903 1271 2939 et
1298 2894 1692 2949 instructionibus,
1723 2894 1770 2937 in
1790 2894 1861 2937 his

224 2972 451 3027 omnibus,
487 2987 604 3028 quae
641 2971 1021 3029 gubernationem
1051 2971 1209 3016 iuuare
1237 2972 1426 3028 possint,
1459 2980 1538 3015 aut
1567 2972 1613 3014 in
1642 2970 1857 3024 lectione,
1911 2964 1916 2969 “

224 3064 342 3107 quae
364 3064 468 3094 eum
490 3049 548 3094 ad
569 3047 858 3092 deuotionem
879 3047 1142 3101 inflammet,
1169 3054 1247 3091 aut
1269 3048 1316 3090 in
1338 3047 1559 3101 oratione,
1578 3047 1654 3092 vel
1671 3046 1863 3091 omnino
