2098 3470
582 245 859 282 Μοκυκεωτᾼ
882 240 1140 279 Pnovmcu'm
1165 241 1449 278 anuiun—
1457 249 1502 286 52
1739 239 1813 287 319

218 355 433 393 exercere
460 347 608 391 solent
634 346 681 389 in
707 344 902 403 publicis
928 342 1329 401 disputationibus,
1360 341 1646 386 examinibus
1673 349 1719 386 et
1746 355 1855 398 pro-

221 423 556 469 motionibus...

252 491 258 529 Ῐ
307 494 596 545 Adhibeatur
617 513 743 551 cura,
767 505 819 542 ut
840 499 1004 542 fratres
1024 497 1070 539 in
1102 495 1461 540 recreationibus
1488 510 1515 538 a
1544 495 1735 551 prandio
1757 502 1803 539 et
1826 510 1854 537 a

176 601 182 606 ·
214 591 360 621 coena
378 584 618 622 versentur
639 590 744 620 cum
766 574 1003 628 modestia,
1027 582 1074 618 et
1089 579 1368 630 proponatur
1399 571 1510 633 ipsis
1542 572 1679 616 index
1696 586 1852 616 earum

220 667 388 707 rerum,
413 655 471 698 de
493 654 660 710 quibus
679 652 958 708 loquendum
981 650 1040 694 sit
1060 650 1108 693 in
1130 649 1544 695 recreationibus...

284 730 504 775 ·Nouitiis
531 745 623 774 non
654 729 943 786 permittatur
969 726 1246 782 colloquium
1274 741 1378 770 cum
1407 725 1624 778 externis,
1655 725 1753 770 sine
1774 741 1851 770 ex-

215 814 374 864 pressa
396 809 612 852 facultate
631 805 881 863 superioris
902 806 979 850 uel
1000 803 1208 861 magistri
1230 803 1507 847 nouitiorum
1536 805 1564 846 ⁸.

305 885 356 928 In
378 899 535 929 mensa
554 884 708 927 nullus
729 884 927 940 legatex
944 880 1294 939 professoribus:
1313 880 1360 923 id
1376 881 1537 924 saltem
1559 881 1848 932 obseruetur,

163 1020 167 1023 Δ
214 975 275 1006 ne
295 963 524 1018 professor
545 960 722 1016 aliquis,
747 959 826 1016 qui
846 959 1052 1016 proxima
1074 959 1188 1001 hora
1207 957 1400 1014 prandio
1420 958 1494 1001 vel
1515 971 1658 1002 coene
1679 958 1850 1002 docue-

216 1038 290 1091 rit,
309 1039 368 1081 ad
387 1038 435 1081 id
454 1037 693 1094 prandium
715 1037 790 1081 vel
810 1050 1000 1080 coenam
1023 1036 1164 1092 legat.

304 1115 484 1159 Nostris
504 1123 523 1141 ²
537 1121 607 1158 est
627 1113 1007 1165 interdicendum,
1032 1120 1079 1156 et
1100 1112 1283 1168 quidem
1299 1111 1560 1168 diligenter,
1579 1126 1636 1155 ne
1659 1111 1848 1155 omnino

211 1192 459 1236 adhibeant
480 1206 643 1235 manus
663 1190 720 1235 ad
740 1191 896 1244 libros,
920 1198 968 1234 et
988 1190 1036 1233 in
1056 1190 1124 1234 eis
1144 1187 1388 1245 quicquam
1411 1188 1628 1232 scribant.
1650 1191 1847 1233 Tantum

215 1268 275 1311 sit
293 1267 565 1325 permissum
585 1267 656 1321 iis,
680 1268 758 1324 qui
778 1268 1013 1324 eleganter
1034 1266 1257 1318 scribunt,
1282 1266 1524 1310 emendare
1554 1272 1844 1319 contextum;

213 1345 298 1389 sed
317 1345 365 1388 id
385 1359 442 1388 ex
463 1344 692 1389 sententia
706 1344 986 1401 preceptoris
1006 1343 1096 1388 sui.

301 1423 473 1479 Magno
494 1422 648 1465 studio
669 1429 716 1464 et
737 1420 974 1478 diligentia
994 1421 1073 1465 det
1095 1434 1279 1476 operam
1304 1421 1355 1463 P.
1384 1419 1669 1471 Leonardus,
1697 1426 1747 1462 ut
1764 1421 1846 1462 ha-

213 1499 319 1543 beat
337 1498 630 1543 coadiutores
662 1498 950 1554 temporales,
981 1497 1059 1554 qui
1095 1497 1273 1541 labores
1301 1496 1528 1542 sustinere
1555 1496 1731 1553 possint
1751 1497 1846 1540 col—

208 1575 336 1632 legii,
359 1575 596 1632 presertim
618 1575 813 1628 culinae,
837 1582 888 1618 ut
909 1589 1000 1618 non
1022 1567 1245 1631 cogamur
1260 1573 1495 1617 continere
1511 1573 1556 1615 in
1580 1573 1733 1617 culina
1748 1588 1843 1627 eos,

209 1652 291 1708 qui
310 1659 496 1709 possent
523 1667 624 1697 esse
651 1652 752 1708 apti.
772 1651 953 1696 studiis.
993 1634 1178 1707 ltaque,·
1207 1651 1286 1706 qui
1322 1665 1446 1695 nunc
1482 1650 1528 1693 in
1558 1650 1711 1693 culina
1738 1659 1846 1693 sunt

206 1729 302 1786 apti
319 1729 501 1782 studiis,
522 1729 667 1786 primo
688 1743 869 1784 quoque
891 1735 1095 1785 tempore
1115 1728 1239 1771 illinc
1265 1728 1564 1771 traducantur
1593 1728 1650 1770 ad
1673 1728 1840 1771 studia.

298 1806 526 1851 Aduertat
542 1805 747 1862 superior
763 1821 822 1850 ne
839 1812 1093 1862 grauentur
1109 1804 1395 1848 coadiutores
1407 1805 1678 1861 temporales
1695 1804 1845 1867 nimiis

208 1882 588 1939 occupationibus
621 1883 698 1927 uel
732 1882 981 1925 laboribus:
1021 1881 1067 1924 id
1089 1882 1185 1936 fiet,
1215 1881 1253 1925 si
1274 1881 1426 1938 potius
1461 1882 1666 1925 abundet
1687 1897 1843 1927 eorum

209 1973 443 2013 numerus,
468 1974 604 2016 quam
626 1959 665 2003 si
685 1959 745 2004 sit
766 1960 990 2015 adequate
1009 1959 1305 2011 conueniens,
1325 1958 1411 2002 etsi
1428 1959 1504 2002 alii
1522 1959 1683 2003 nouitii
1706 1959 1842 2003 desti-

207 2043 392 2091 nentur,
417 2037 495 2093 qui
516 2051 598 2080 eos
614 2037 790 2089 iuuent,
815 2037 975 2080 saltem
998 2051 1131 2081 mane
1151 2043 1198 2080 et
1214 2036 1409 2092 vesperi,
1429 2037 1487 2080 ad
1503 2037 1723 2079 lauandas
1740 2051 1842 2080 scu-

210 2114 354 2158 tellas.

297 2191 409 2235 Coci
429 2199 475 2235 et
502 2191 687 2235 omnino
714 2190 1001 2235 coadiutores
1028 2191 1229 2234 habeant
1256 2205 1363 2234 suas
1391 2190 1712 2244 recreationes,
1746 2199 1840 2233 tum

208 2275 259 2310 ut
280 2268 574 2325 egrediantur
591 2269 713 2312 foras
729 2269 787 2312 ad
804 2282 1003 2324 campOS‚
1023 2275 1069 2311 et
1085 2269 1244 2311 ludant
1266 2282 1370 2310 cum
1388 2268 1501 2319 aliis,
1523 2275 1619 2310 tum
1641 2276 1688 2310 ut
1705 2269 1841 2311 etiam

188 2353 411 2389 *recreent
432 2359 482 2388 se
503 2361 530 2388 a
550 2345 742 2402 prandio
769 2352 815 2389 et
836 2360 862 2388 a
884 2359 1041 2388 coena:
1073 2352 1119 2389 et
1141 2344 1179 2387 si
1207 2346 1364 2389 eadem
1393 2346 1506 2388 hora
1533 2360 1623 2388 non
1647 2345 1837 2401 possint,

203 2421 296 2465 alia
312 2422 424 2466 hora
440 2423 639 2466 habeant
654 2437 783 2466 suam
802 2421 1148 2474 recreationem,
1169 2435 1274 2464 cum
1291 2422 1379 2465 illis
1396 2422 1576 2464 uacabit
1594 2422 1836 2465 interdum.

294 2499 558 2543 Inueniatur
583 2500 761 2552 modus,
786 2514 893 2555 quo,
917 2499 995 2555 qui
1018 2498 1227 2544 seruiunt
1258 2499 1302 2542 in
1331 2499 1498 2550 culina,
1531 2500 1771 2542 comedant
1794 2498 1838 2540 in

207 2576 467 2621 refectorio.

294 2654 541 2709 Queratur‚
562 2653 639 2709 qui
661 2653 804 2710 possit
824 2653 843 2679 b
864 2653 1046 2711 praefici
1072 2662 1243 2710 portae,
1269 2654 1347 2710 qui
1370 2654 1482 2697 sciat
1504 2653 1707 2709 linguam
1731 2667 1838 2708 ger·

203 2729 423 2790 manicam
442 2737 488 2774 et
509 2729 711 2782 latinam,
731 2730 871 2787 etqui
893 2730 950 2774 sit
967 2730 1167 2788 probatis
1185 2730 1403 2783 moribus,
1425 2730 1501 2786 qui
1519 2729 1660 2786 possit
1679 2744 1838 2773 omnes

202 2805 432 2850 edificare.

274 2951 293 2968 Β
317 2941 448 2977 Dubia
464 2931 596 2993 lectio.
647 2944 714 2971 —b
740 2943 812 2979 Ms.
826 2946 958 2989 posset
975 2943 1039 2978 hic
1057 2948 1098 2978 et
1113 2943 1153 2978 in
1161 2942 1229 2981 fra.

276 3048 286 3068 ¹
338 3048 377 3083 Is
395 3054 478 3083 erat
496 3049 544 3084 P.
568 3048 798 3084 Franciscus
817 3048 1019 3095 Costerus,
1037 3061 1125 3084 cum
1144 3050 1240 3084 haec
1260 3048 1464 3084 instructio
1480 3048 1625 3094 scripta
1643 3046 1735 3082 fuit.
