2098 3470
320 246 392 292 840
894 249 1032 285 Episr.
1060 249 1104 284 P.
1133 249 1283 286 NADAL

272 348 461 412 rentiam
484 363 600 400 esse,
627 356 674 391 vt
698 349 847 406 legem
871 349 960 402 Xfi,
986 357 1032 393 vt
1056 351 1249 407 gratiam
1271 351 1372 404 Dei,
1398 361 1447 394 vt
1469 352 1691 409 spiritum,
1717 362 1765 397 vt
1792 369 1903 398 con-

269 425 368 470 silia
399 425 489 479 X.³‚
515 434 562 468 vt
592 433 782 470 mortem
810 441 891 484 pro
919 429 1004 471 X.‘'
1039 428 1311 481 desiderare,
1343 437 1572 486 oppetere,
1603 438 1650 473 vt
1672 431 1901 475 inimicum

269 501 474 559 diligere,
501 510 549 545 vt
572 503 765 547 animam
788 504 959 560 ponere
982 520 1063 561 pro
1085 505 1267 559 ouibus,
1288 513 1350 558 et,
1376 514 1423 549 vt
1446 508 1584 551 semel
1601 507 1766 562 dicam,
1786 523 1903 564 quae

268 579 368 634 puri
391 587 499 622 sunt
521 579 708 636 spiritus
736 588 782 624 et
805 595 944 637 purae
971 582 1076 626 fidei
1109 581 1275 635 omnia,
1302 591 1349 626 vt
1378 591 1396 608 ³
1418 591 1608 629 naturae
1641 586 1901 630 facultatem

266 657 511 701 excedunt.
536 657 644 710 Iam,
670 657 707 699 si
732 658 846 701 haec
869 666 1025 701 contra
1058 666 1267 702 naturam
1291 668 1416 712 sunt,
1442 667 1596 704 nostra
1619 676 1802 718 quoque
1830 661 1901 706 in-

266 731 521 777 differentia
539 742 696 777 contra
715 741 923 777 naturam
942 734 1043 779 erit.
1067 736 1205 791 Quod
1227 735 1264 779 si
1286 738 1399 780 haec
1416 752 1508 780 non
1525 738 1670 782 solum
1687 753 1779 782 non
1796 747 1902 783 sunt

267 817 427 852 contra
449 811 701 853 naturalem
724 811 892 867 legem,
914 813 995 855 sed
1012 812 1132 855 illam
1151 812 1304 869 potius
1326 813 1503 867 iuuant,
1524 816 1626 860 Deo
1649 815 1768 860 illam
1791 817 1901 860 sub-

264 886 441 938 iiciunt,
462 900 518 929 ex
542 887 630 929 illis
652 887 791 931 sumit
813 888 931 931 vires
955 897 1134 941 natura,
1161 889 1271 932 nihil
1293 898 1363 934 est
1379 892 1501 946 quod
1520 900 1727 936 naturam
1745 900 1903 937 contra

266 971 466 1007 nostram
491 963 842 1008 indifferentiam
865 980 1028 1009 armes.

888 1042 1002 1098 1F0.
1040 1043 1110 1096 58.
1148 1043 1206 1086 fa.
1239 1055 1277 1088 Ι.

357 1119 537 1173 «Quum
563 1126 769 1173 oporteat
791 1133 871 1175 per
893 1120 1104 1163 affectum
1128 1135 1184 1162 ex
1207 1120 1292 1163 Dei
1315 1135 1466 1164 amore
1487 1122 1676 1166 coelitus
1699 1122 1899 1167 infusum

263 1195 360 1238 fieri
383 1195 697 1248 electionem»,
723 1203 810 1239 etc.

350 1273 463 1316 Fere
486 1271 702 1316 exercitia
723 1280 879 1315 nostra
901 1274 958 1315 ad
986 1273 1230 1318 electiones
1259 1281 1404 1320 status
1434 1274 1552 1319 vitae
1569 1275 1775 1332 xpianae.
1796 1292 1900 1334 spe·

261 1357 401 1402 etant,
429 1357 475 1391 vt
505 1357 683 1392 constat
712 1365 767 1393 ex
797 1349 1171 1394 annotationibus
1208 1351 1379 1407 primis,
1406 1367 1462 1396 ex
1495 1353 1808 1408 fundamento,
1843 1370 1899 1399 ex

256 1427 414 1470 ordine
439 1426 799 1479 meditationum,
826 1443 882 1470 ex
906 1427 1077 1483 regulis
1099 1429 1156 1471 de
1173 1428 1485 1472 discernendis
1506 1429 1756 1485 spiritibus,
1781 1445 1898 1486 quae

259 1505 316 1547 ad
335 1504 523 1560 primam
546 1505 619 1548 vel
641 1518 756 1560 quae
779 1505 836 1547 ad
859 1512 954 1547 2.³¹¹¹
976 1506 1310 1548 hebdomadam
1327 1506 1579 1561 pertinent3
1602 1507 1815 1552 breuiter:
1841 1523 1898 1554 ex

259 1589 454 1624 tractatu
486 1582 542 1624 de
569 1581 989 1625 electionibustam
1018 1581 1242 1639 diligenti.
1276 1583 1384 1627 Sine
1413 1583 1712 1627 electionibus
1745 1591 1898 1630 tamen

256 1666 302 1701 et
325 1658 440 1701 'tradi
462 1666 654 1714 possunt
675 1658 907 1711 exercitia,
940 1667 985 1702 et
1014 1660 1256 1702 traduntur
1287 1660 1563 1716 frequenter,
1589 1660 1676 1704 illis
1704 1661 1893 1715 scilicet,

260 1736 426 1790 quibus
444 1736 501 1780 de
523 1742 646 1778 statu
664 1735 785 1779 vitae
803 1735 912 1778 nihil
931 1743 1000 1780 est
1018 1737 1139 1791 quod
1157 1736 1392 1793 ambigant
1410 1738 1482 1781 vel
1499 1738 1755 1792 consulant,
1777 1746 1894 1782 tam-

257 1812 342 1856 etsi
366 1813 520 1856 nullus
545 1813 615 1857 192
644 1821 662 1837 ²²
693 1820 777 1866 est,
804 1813 877 1856 cui
907 1828 999 1856 non
1029 1813 1086 1855 sit
1114 1827 1279 1869 operae
1308 1814 1509 1870 precium
1539 1814 1783 1870 aliquando
1813 1815 1896 1859 ali·

258 1905 347 1945 qua
369 1891 426 1934 de
450 1904 496 1933 re
519 1887 795 1943 consultare,
821 1898 869 1932 vt
891 1898 961 1934 est
984 1890 1218 1933 hominum
1254 1890 1346 1934 vita
1377 1891 1499 1934 varia
1537 1899 1673 1947 atque
1702 1892 1891 1937 incerta.

257 1969 327 2011 De
355 1967 577 2011 electione
610 1982 718 2010 vero
750 1982 919 2020 rerum,
945 1982 1062 2022 quae
1095 1968 1151 2010 ad
1183 1968 1317 2011 finem
1351 1969 1631 2022 conducunt,
1666 1969 1729 2012 ita
1755 1970 1888 2014 doce-

223 2062 233 2065 *
257 2059 374 2096 mus,
402 2059 493 2087 non
517 2044 636 2087 enim
660 2044 939 2087 consulimus
961 2046 1106 2087 solum
1127 2045 1238 2100 'quid
1268 2045 1378 2088 satis
1402 2046 1458 2088 sit
1482 2047 1538 2088 ad
1570 2046 1706 2089 finem
1731 2061 1892 2091 conse-

258 2123 506 2177 quendum,
543 2122 622 2164 sed
661 2121 767 2176 quid
807 2122 966 2164 melius
1002 2122 1077 2174 sit,
1119 2122 1228 2176 quid
1267 2122 1442 2174 Vtilius,
1474 2122 1583 2178 quid
1619 2122 1891 2179 expeditius,

259 2199 379 2254 quod
404 2200 556 2242 nullus
580 2213 671 2241 non
701 2198 807 2241 boni
831 2200 1055 2251 consulat,
1081 2199 1118 2241 si
1142 2201 1254 2242 X.¹¹¹¹¹
1277 2199 1455 2252 imitati,
1482 2199 1690 2244 homines
1717 2200 1774 2243 ad
1797 2215 1894 2245 me-
1922 2207 1927 2210 '

255 2276 365 2319 liora
403 2277 762 2319 manuducamus
805 2289 908 2318 cum
949 2275 1069 2318 illius
1111 2276 1274 2332 gratia.
1321 2276 1393 2321 190
1439 2276 1792 2320 Praescribimus
1835 2291 1894 2320 ne

258 2361 547 2408 praepostere
579 2351 698 2394 circa
731 2351 868 2394 finem
901 2359 946 2395 et
979 2366 1152 2404 eorum,
1180 2366 1295 2407 quae
1326 2353 1384 2395 ad
1416 2353 1551 2396 finem
1585 2353 1777 2404 ducunt,
1803 2353 1893 2397 ele-

256 2429 451 2473 ctionem
476 2436 716 2472 versentur
738 2428 783 2479 ii,
809 2427 976 2482 quibus
998 2428 1339 2471 deliberandum
1364 2436 1449 2482 est;
1477 2430 1597 2484 quod
1625 2429 1677 2472 fit
1706 2428 1780 2472 vbi
1803 2429 1902 2485 pri-'

256 2520 380 2548 mum
404 2505 549 2549 media
568 2504 931 2557 considerantur,
956 2504 1002 2547 in
1027 2504 1114 2548 illis
1135 2506 1329 2549 affectus
1351 2505 1509 2561 figitur
1530 2505 1746 2561 primum,
1763 2506 1894 2551 dein·

256 2598 362 2639 ceps
378 2584 435 2626 ad
457 2583 594 2627 finem
613 2582 687 2624 illa
705 2589 992 2637 coaptantur,
1015 2582 1161 2637 quasi,
1181 2583 1256 2637 qui
1276 2582 1544 2634 deliberant,
1564 2583 1701 2626 finem
1721 2584 1778 2626 ad
1794 2598 1892 2628 me-

255 2661 327 2703 dia
366 2660 597 2704 inflectere
628 2660 825 2703 debeant
864 2674 943 2714 pro
980 2674 1064 2702 suo
1101 2661 1337 2712 arbitratu;
1374 2661 1495 2714 quod
1527 2669 1686 2704 contra
1719 2661 1890 2704 facturn

220 2786 226 2792 “
255 2737 470 2794 oportuit:
504 2737 697 2793 primum
727 2736 829 2778 finis
858 2737 1235 2792 contemplandus
1269 2745 1405 2791 atque
1437 2737 1887 2791 animaduertendus,

256 2829 360 2857 cum
379 2820 606 2863 accurate,
635 2822 728 2855 tum
747 2813 818 2869 pie
836 2827 888 2856 ac
905 2814 1088 2864 deuote,
1109 2813 1274 2857 deinde
1291 2813 1408 2856 ratio
1425 2813 1675 2856 mediorum
1692 2813 1891 2858 ineunda

326 2950 343 2965 a
393 2937 615 2975 Obliterata
630 2937 787 2973 videtur
801 2937 897 2972 haec
912 2937 1112 2983 particula,
1130 2937 1198 2972 sed
1214 2949 1292 2973 non
1306 2938 1410 2972 clare
1428 2943 1603 2983 apparet.
1655 2948 1719 2965 -a
1736 2937 1887 2974 Folium
1919 2960 1922 2964 ·
1988 2959 1990 2962 ·
2011 2931 2025 2961 ’.

259 3007 324 3043 192
341 3004 432 3034 ante
456 2997 591 3033 folium
616 3005 683 3040 190
702 2995 947 3040 exhibemus;
967 3008 1015 3032 eo
1031 2996 1135 3043 quod
1154 2996 1192 3032 in
1211 2996 1346 3032 codice
1374 3007 1575 3042 perperam
1595 3002 1682 3043 post
1705 3005 1765 3042 191
1787 2997 1887 3044 posi-

255 3064 336 3093 tum
355 3063 428 3102 est,
450 3062 564 3103 prout
582 3068 630 3101 ex
653 3056 737 3102 ipso
754 3055 898 3102 scripto
917 3056 1060 3091 elucet.
