2098 3470
336 279 409 326 334
812 280 967 317 PATms
983 281 1238 318 'HiERoNYm
1265 281 1415 318 NADAL

380 383 451 426 Ne
472 381 684 426 habitent
700 381 748 425 in
771 382 1004 426 cemiterio
1027 382 1258 427 mulieres.

377 458 480 512 His,
507 474 623 514 quae
647 459 877 515 potuimus
900 460 1119 516 colligere
1142 459 1444 517 Assemburgi
1467 475 1524 504 ex
1545 460 1679 504 dictis
1711 460 1828 504 Rmi.
1855 475 1926 504 ar-

283 535 586 592 chiepiscopi,
627 536 847 592 praesulis
885 536 1191 589 illustrissimi,
1228 536 1394 593 poterit
1433 537 1498 579 uti
1532 539 1586 580 P.
1633 538 1922 589 Lambertus,

288 614 471 669 quando
493 612 579 656 erit
601 627 731 669 opus:
752 613 798 656 in
816 613 871 656 iis
890 621 1057 666 tamen,
1078 613 1244 669 quibus
1260 613 1430 670 aliquid
1448 614 1709 657 dubitamus
1726 614 1784 659 de
1803 614 1924 670 prin-

282 689 399 746 cipis
414 690 667 744 voluntate,
688 698 796 748 aget
812 691 1059 743 moderate;
1073 697 1118 734 et
1134 697 1372 747 prestaret,
1393 690 1431 733 si
1448 690 1618 746 aliquid
1635 697 1756 735 esset
1773 690 1918 743 dubii,

286 781 469 810 rursum
493 766 778 823 interrogare
799 767 1064 823 principem.

374 843 566 888 Fercula
587 844 719 900 plura
737 857 831 887 non
851 844 1032 896 dentur,
1059 857 1144 886 nec
1166 843 1348 897 rectori,
1373 858 1458 888 nec
1477 843 1760 900 prouinciali,
1782 858 1918 901 quam

283 920 400 964 aliis:
421 935 476 964 ea
497 927 651 963 tamen
669 920 848 977 possint
869 920 968 963 dari
988 921 1124 976 paulo
1146 920 1316 965 maiora
1337 927 1384 965 et
1405 935 1514 964 cum
1527 935 1662 966 caseo
1679 935 1821 966 unum
1840 935 1922 978 po-

284 1012 426 1050 mum,
451 998 525 1041 vel
546 997 717 1054 aliquid
733 997 895 1041 simile:
920 1004 966 1040 et
989 997 1203 1041 fratribus
1225 1012 1320 1041 non
1338 998 1481 1042 detur*
1503 997 1593 1041 nisi
1612 1011 1792 1043 casetm:
1818 1004 1923 1055 pot-

284 1082 422 1118 erunt
444 1074 579 1119 etiam
602 1074 670 1117 uti
690 1074 813 1118 vino.

373 1153 525 1208 Quam
563 1152 823 1196 facultatem
845 1167 900 1195 ex
938 1152 1108 1208 regulis
1139 1151 1336 1208 catalogi
1359 1152 1534 1195 romani
1556 1166 1800 1208 possumus
1819 1147 1924 1196 'ha—

283 1231 410 1282 bere,
431 1244 487 1274 ex
505 1242 574 1281 ea,
595 1243 730 1284 quam
746 1229 870 1272 dedit
888 1229 1018 1272 nobis
1037 1229 1203 1272 Illmus.
1225 1229 1452 1285 princeps,
1468 1243 1566 1272 earn
1584 1228 1751 1285 poterit
1769 1235 1920 1272 rector

285 1321 366 1363 pro
390 1306 556 1350 nostris
572 1321 805 1363 vsurpare;
832 1314 1082 1362 praeterea,
1108 1306 1146 1349 si
1178 1321 1314 1362 quam
1337 1322 1391 1351 ex
1420 1306 1519 1350 aliis
1547 1305 1921 1349 concessionibus

282 1383 568 1440 superiorum
591 1390 862 1440 temporum,
888 1398 941 1427 ea
964 1383 1099 1426 etiam
1123 1383 1287 1439 poterit
1310 1391 1459 1428 rector
1481 1383 1545 1426 vti
1567 1397 1649 1439 pro
1671 1382 1854 1437 nostris,
1873 1390 1920 1426 et

281 1468 437 1525 tamen
455 1459 641 1504 lectioni
661 1460 879 1503 librorum
903 1460 1231 1517 prohibitorum
1256 1474 1314 1503 ne
1336 1467 1521 1503 vtantur
1543 1459 1702 1524 nostri,
1727 1459 1813 1503 nisi
1836 1473 1918 1503 ne-

282 1538 504 1591 cessario,
523 1552 579 1581 ex
596 1539 684 1582 hac
702 1539 931 1581 facultate:
951 1553 1057 1581 nam
1075 1537 1152 1593 qui
1169 1546 1276 1581 sunt
1297 1538 1400 1580 libri
1418 1539 1474 1580 ab
1491 1532 1791 1581 heresiarchis
1808 1537 1918 1580 editi

282 1615 355 1658 vel
378 1615 436 1658 ab
458 1614 557 1659 aliis
579 1615 806 1668 hereticis,
831 1615 907 1670 qui
931 1622 1125 1659 tractant
1148 1616 1204 1658 de
1232 1616 1370 1659 rebus
1399 1616 1457 1658 ad
1480 1614 1746 1671 religionem
1770 1614 1914 1670 perti-

281 1691 512 1745 nentibus,
538 1691 593 1735 iis
615 1692 767 1735 nullus
788 1699 958 1746 Vtatur,
983 1691 1068 1735 nisi
1092 1692 1169 1748 qui
1192 1699 1297 1736 ante
1319 1692 1570 1736 aduentum
1599 1706 1750 1734 meum
1764 1692 1915 1735 habe-

280 1770 359 1812 bat
380 1769 660 1822 facultatem,
685 1775 731 1812 et
748 1775 899 1812 tamen
920 1769 1086 1825 poterit
1110 1770 1301 1812 facultas
1318 1768 1416 1811 dari
1440 1767 1667 1825 theologis
1688 1768 1916 1824 professo-

239 1878 244 1882 .
280 1845 421 1898 ribus,
445 1852 495 1888 ut
518 1845 658 1889 libros
673 1846 898 1890 hereticos
915 1847 1070 1902 legere
1086 1845 1260 1902 possint
1277 1846 1469 1899 oblatos,
1493 1853 1541 1888 ut
1558 1845 1742 1889 videant
1760 1860 1817 1888 an
1835 1847 1916 1889 he-

281 1922 411 1966 retici
434 1922 543 1966 sint.

371 2001 463 2043 Pro
485 1999 770 2043 scholasticis
791 2007 943 2044 autem
975 2000 1258 2043 auditoribus
1287 2000 1453 2044 nostris
1482 2001 1640 2044 eadem
1669 1999 1746 2043 illa
1770 1999 1916 2042 facul-

278 2083 389 2129 tate,
414 2091 550 2132 quam
574 2076 832 2133 accepimus
854 2092 880 2120 a
903 2079 1054 2130 Rmo.,
1080 2077 1146 2121 uti
1178 2077 1343 2134 poterit
1365 2084 1527 2131 rector3
1560 2077 1641 2121 sed
1668 2076 1730 2119 ita
1761 2083 1913 2120 tamen

280 2161 331 2197 ut
353 2154 468 2196 nulli
496 2155 717 2198 concedat
744 2154 909 2197 librum
947 2156 1004 2198 ab
1041 2154 1242 2198 heretico
1278 2153 1598 2210 compositum,
1639 2152 1718 2208 qui
1740 2151 1915 2196 scilicet

280 2245 371 2274 non
395 2238 503 2287 agat
524 2231 582 2275 de
604 2230 841 2288 religione,
867 2231 954 2274 nisi
977 2231 1102 2288 prius
1123 2232 1406 2275 emendatur.

371 2309 476 2351 Duo
498 2308 629 2364 pueri
657 2308 914 2365 moguntini
941 2310 1030 2351 hoc
1055 2323 1175 2351 anno
1197 2322 1288 2351 non
1317 2307 1593 2364 recipiantur
1624 2307 1683 2350 ad
1710 2306 1914 2351 Societa-

282 2391 391 2438 tem,
417 2385 496 2427 sed
519 2385 741 2429 habeatur
761 2399 916 2428 eorum
941 2399 1051 2428 cura
1073 2392 1123 2428 ut
1146 2384 1441 2428 instituantur
1463 2385 1520 2426 ad
1537 2383 1768 2440 pietatem:
1790 2397 1915 2426 anno

279 2460 483 2517 proximo
505 2463 562 2506 de
579 2461 649 2505 his
671 2462 868 2506 referent
890 2463 946 2505 ad
968 2461 1311 2518 pronincialem‚
1331 2469 1376 2504 et
1392 2469 1643 2516 sequentur
1659 2460 1758 2505 eius
1781 2475 1913 2517 prae-

275 2537 515 2594 scriptum3
536 2538 654 2594 patri
673 2552 781 2583 uero
798 2553 953 2583 eorum
972 2538 1179 2591 satisfiat,
1200 2538 1582 2593 quemadmodum
1597 2536 1691 2580 dixi
1706 2538 1761 2582 P.
1779 2537 1914 2581 Lam-

280 2615 470 2660 berto...
1305 2626 1307 2629 ⁴

369 2691 658 2735 Adhibeatur
684 2706 810 2744 cura,
835 2706 893 2735 ne
924 2707 1005 2748 per
1036 2700 1248 2736 externas
1279 2691 1603 2748 occupationes
1631 2690 1817 2747 spiritus
1839 2692 1914 2735 vel

276 2768 463 2812 deuotio
485 2768 798 2812 coadiutorum
821 2769 1136 2825 temporalium
1158 2768 1435 2822 debilitetur,
1455 2782 1573 2823 quae
1595 2767 1633 2810 si
1655 2767 1912 2812 debilitare-

279 2851 368 2897 tur,
393 2844 538 2902 possit
559 2845 650 2888 illis·
666 2845 768 2902 plus
791 2845 1005 2902 temporis
1033 2845 1129 2889 dari
1158 2846 1216 2888 ad
1245 2839 1511 2896 orationem,
1537 2852 1583 2888 et
1614 2844 1754 2888 semel
1776 2843 1911 2887 etiam

277 2921 395 2965 infra
416 2922 746 2966 hebdomadam
768 2936 896 2966 sacra
918 2922 1176 2966 communio
1199 2922 1406 2966 concedi.

367 2999 510 3042 Curet
531 3006 680 3043 rector
702 3005 752 3042 ut
773 3000 935 3042 fratres
963 2999 1054 3042 sint
1081 2999 1289 3052 modesti;
1321 3013 1414 3042 non
1443 2999 1590 3050 leues,
1623 2999 1702 3042 sed
1726 2996 1909 3049 maturi,

276 3089 369 3118 non
393 3076 538 3119 tetrici
562 3083 730 3131 tamen,
755 3076 835 3120 sed
858 3076 1045 3120 iucundi
1069 3085 1114 3121 et
1136 3076 1302 3120 hilares
1331 3076 1379 3118 in
1400 3076 1612 3146 Qomino.
