2098 3470
231 0 385 9 ,,,,,,

827 242 1259 281 Ιεετιυοτιοηκε-ὁι
1743 250 1815 288 405

316 344 498 398 Nullus,
521 344 596 389 vel
616 351 781 398 rector,
805 345 879 390 vel
899 343 1186 402 praepositus
1207 343 1383 397 localis,
1404 345 1479 388 vel
1499 345 1759 401 praefectus
1775 358 1861 388 no-

223 420 458 475 uitiorum,
474 422 554 466 sed
574 421 630 468 97
652 421 943 478 prouincialis
956 428 1150 474 tanturn,
1170 420 1429 466 dimittendi
1452 435 1479 464 e
1499 421 1729 466 Societate
1749 420 1860 465 sim-

223 497 405 555 pliciter
440 499 607 543 habeat
641 498 977 550 authoritatem,
1001 511 1059 541 ex
1087 497 1408 542 commissione
1443 505 1594 541 tamen
1632 497 1860 555 generalis

222 574 484 631 praepositi.
510 576 679 619 Verum
703 574 791 619 illis
810 575 1003 620 liberum
1024 573 1126 626 erit,
1151 575 1335 630 quando
1362 574 1408 617 id
1430 574 1643 629 expedire
1666 589 1860 619 censue-

226 649 332 705 rint,
350 651 408 695 ad
424 650 749 708 prouincialem
764 651 1025 696 huiusmodi
1041 651 1237 704 mittere,
1256 661 1345 707 qua
1363 652 1421 694 de
1438 666 1487 695 re
1503 651 1744 695 consulent
1761 651 1856 708 pri-

220 741 352 771 mum
373 727 716 784 prouincialem,
742 729 828 773 nisi
847 744 922 774 res
943 735 1105 786 vrgeat
1126 730 1439 774 vehementer.

313 804 546 850 Ecclesiae
566 819 619 848 ac
641 805 796 862 templi
818 804 960 849 nostri
982 805 1214 862 campanis
1237 812 1414 848 tantum
1435 805 1620 862 signum
1645 805 1778 850 detur
1800 806 1859 849 ad

227 895 300 926 res
326 881 658 926 ecclesiasticas
684 889 730 926 et
756 897 924 935 sacras,
949 897 1042 926 non
1062 889 1215 927 autem
1243 883 1302 926 ad
1322 881 1612 935 domesticas,
1632 883 1706 925 vel
1727 882 1785 925 ad
1801 881 1856 925 li-

206 957 390 1002 -teraria
405 965 664 1002 nostrorum
679 958 910 1003 exercitia.
930 960 1006 1003 Ad
1022 961 1135 1003 haec
1152 958 1273 1004 enim
1290 959 1493 1003 solemus
1509 958 1608 1003 aliis
1626 958 1857 1015 campanis

220 1034 306 1078 vti:
330 1050 422 1078 vna
443 1036 501 1078 ad
522 1050 595 1079 res
615 1035 904 1091 domesticas,
927 1036 1014 1080 alia
1035 1037 1094 1079 ad
1114 1035 1335 1081 lectiones
1356 1035 1580 1092 publicas.

310 1111 436 1155 Libri
477 1111 735 1168 spirituales
762 1113 832 1169 (vt
859 1113 1045 1170 vocant)
1073 1128 1164 1157 non
1198 1112 1322 1170 prius
1354 1114 1568 1170 legantur
1605 1128 1632 1156 a
1668 1112 1854 1165 nostris,

217 1201 359 1244 quam
380 1203 462 1245 per
482 1188 687 1242 idoneos,
712 1188 790 1245 qui
811 1190 870 1233 ad
885 1191 973 1234 hoc
993 1190 1220 1248 designati
1238 1190 1420 1243 fuerint,
1445 1189 1568 1233 domi
1589 1189 1854 1234 examinen-

223 1271 299 1308 tur
318 1278 372 1308 ac
393 1265 661 1322 probentur,
686 1267 932 1312 accedente
953 1275 972 1293 ²
992 1267 1265 1311 auctoritate
1280 1266 1544 1324 superioris.

309 1341 605 1386 Confidenter
628 1350 810 1399 petatur
830 1345 1134 1401 eleemosyna,
1164 1351 1215 1387 vt
1242 1344 1288 1388 in
1316 1344 1483 1388 nostris
1512 1343 1850 1388 constitutioni-

217 1418 308 1462 bus
327 1419 539 1471 habetur,
564 1421 747 1475 quando
769 1421 963 1478 collegia
984 1421 1254 1465 fundatione
1270 1429 1427 1465 carent
1449 1429 1495 1466 et
1516 1428 1673 1478 egent.

308 1496 379 1539 Ne
414 1497 723 1552 praeseferant
758 1498 1040 1555 superioreS,
1064 1499 1102 1543 si
1130 1499 1293 1553 sciant,
1324 1500 1398 1544 vel
1434 1498 1493 1545 98
1525 1499 1786 1543 coniectent
1806 1514 1856 1543 se

214 1586 321 1617 esse
341 1572 516 1616 delatos
537 1574 594 1616 ad
614 1574 960 1630 prouincialem,
985 1576 1059 1619 vel
1079 1576 1455 1630 commissarium,
1479 1576 1553 1619 vel
1574 1576 1853 1633 generalem,

217 1648 359 1692 animi
381 1663 432 1694 se
451 1650 715 1707 concepisse
731 1652 1048 1708 offensionem,
1072 1654 1154 1698 sed
1174 1653 1427 1698 consistant
1448 1653 1495 1696 in
1512 1653 1662 1697 cordis
1679 1653 1751 1697 sui
1767 1655 1829 1697 hu
1843 1679 1856 1685 ·

219 1725 410 1770 militate
430 1741 543 1783 erga
562 1726 680 1781 illos,
705 1728 783 1786 qui
804 1728 927 1786 ipsos
947 1730 1209 1774 detulerint.
1234 1731 1410 1775 Curent
1437 1730 1574 1774 etiam
1603 1729 1852 1787 diligenter

202 1817 278 1847 ine
298 1802 420 1846 illam
440 1803 701 1860 concipiant
722 1820 908 1862 quoquo
931 1814 1065 1863 pacto
1086 1806 1224 1850 animi
1241 1807 1595 1864 aegritudinem.

305 1879 442 1924 Nullo
465 1888 599 1937 pacto
620 1881 826 1938 aperiant
848 1883 1121 1929 tentationes
1149 1885 1357 1938 fratrum,
1382 1885 1455 1929 vel
1485 1884 1854 1942 imperfectiones

211 1956 473 2013 superiores
508 1958 725 2012 externis,
766 1974 820 2004 ac
856 1975 915 2006 ne
942 1960 1205 2006 domesticis
1237 1962 1438 2018 quidem;
1473 1961 1559 2006 nisi
1593 1961 1631 2005 si
1669 1962 1853 2018 quando

213 2033 485 2078 consiliariis
521 2035 762 2080 videantur
796 2037 1056 2082 necessario
1093 2037 1381 2095 aperiendae,
1415 2040 1539 2096 quod
1578 2046 1730 2084 tamen
1768 2040 1854 2082 sub

212 2109 306 2155 fide
320 2111 534 2155 seruandi
555 2113 722 2157 secreti
742 2114 841 2160 fiet.

253 2197 257 2201 ·
303 2187 398 2243 Qui
430 2187 479 2232 in
516 2189 778 2234 ministeriis
813 2191 1077 2236 domesticis
1108 2200 1380 2237 exercentur
1411 2193 1592 2246 nouitii,
1633 2193 1854 2250 proficere

208 2278 351 2321 aegre
371 2272 587 2322 poterunt
607 2265 642 2320 ¹³,
667 2267 755 2311 nisi
776 2281 832 2311 eo
859 2268 951 2312 sint
973 2283 1182 2324 numero,
1207 2278 1256 2313 vt
1277 2270 1453 2327 possint
1474 2270 1609 2314 simul
1632 2277 1678 2315 et
1700 2270 1850 2313 officia

211 2341 468 2387 domestica
488 2343 631 2397 obire,
655 2352 701 2388 et
722 2346 906 2402 regulas
923 2346 1199 2391 nouitiorum
1214 2348 1478 2393 obseruare.
1503 2349 1605 2391 Hoc
1628 2346 1849 2403 peculiari

209 2418 366 2462 studio
388 2433 551 2466 curare
566 2421 703 2466 debet
726 2430 895 2467 rector.

301 2497 552 2541 Obseruari
572 2498 739 2555 poterit
765 2515 824 2544 ne
860 2500 1005 2544 nostri
1033 2500 1196 2545 diebus
1226 2501 1467 2546 dominicis
1504 2502 1576 2544 vel
1606 2500 1733 2545 festis
1763 2499 1851 2541 iter

206 2573 562 2629 aggrediantur,
585 2590 678 2618 non
699 2583 850 2620 tamen
871 2577 1053 2622 videtur
1068 2579 1155 2621 hoc
1173 2578 1495 2623 necessarium.
1518 2577 1670 2620 Huius
1687 2576 1753 2619 rei
1777 2575 1846 2618 iu-

211 2647 380 2693 dicium
402 2650 459 2695 99
480 2651 539 2694 sit
565 2665 706 2708 penes
725 2653 1051 2709 prouincialem
1080 2654 1283 2698 cuiusuis
1312 2654 1591 2711 prouinciae,
1618 2662 1662 2696 et
1700 2653 1746 2696 id
1775 2667 1850 2695 re-

191 2715 413 2773 ¹ctoribus
428 2729 726 2774 committere.
746 2730 866 2774 Fieri
887 2731 1008 2775 enim
1029 2739 1199 2788 posset,
1218 2739 1267 2775 vt
1289 2733 1346 2775 ad
1367 2731 1631 2774 euitandum
1652 2730 1848 2774 scanda-

209 2802 305 2845 lum
327 2818 419 2847 non
440 2813 561 2850 esset
582 2805 888 2851 inchoandum
911 2807 996 2852 iter
1018 2809 1092 2853 die
1113 2809 1359 2852 dominico.

298 2880 516 2924 Rectores
536 2896 629 2925 non
650 2883 818 2928 debent
838 2884 1074 2929 discedere
1096 2900 1122 2929 a
1142 2885 1370 2942 praesenti
1396 2883 1732 2941 gubernatione
1748 2885 1846 2927 col-

223 3056 227 3058 ’
278 3059 299 3076 ²
345 3050 546 3088 accidente
564 3063 637 3091 ms.
687 3055 756 3082 —b
778 3054 956 3100 poterint
975 3066 1046 3092 ωε.
