2098 3470
275 236 346 283 438
749 240 903 277 PA'rms
929 241 1171 278 HOERONYMl
1198 242 1350 279 NADAL

321 340 378 382 Et
401 347 551 382 tamen
583 355 908 397 nonnunquam
933 343 977 385 hi
1007 350 1114 385 sunt
1146 343 1351 386 seuerius
1379 344 1649 400 accipiendi,
1685 347 1866 391 dandae

229 416 317 460 illis
339 417 661 473 poenitentiae,
686 418 820 462 etiarn
845 421 1015 475 absque
1038 421 1187 476 culpa,
1214 422 1271 463 ad
1294 436 1448 466 eorum
1473 422 1731 467 solidiorem
1753 438 1860 480 pro-

231 495 418 546 fectum,
444 494 726 551 aliorumque
746 495 1064 540 excitationem
1090 504 1135 541 et
1164 492 1435 554 exemplum.

319 572 490 614 Eorum
512 586 639 624 vero,
660 572 737 627 qui
758 573 981 628 superiori
999 588 1089 616 non
1107 574 1411 629 satisfaciunt,
1431 590 1521 630 quo
1538 577 1666 631 plura
1684 576 1727 618 in
1753 577 1867 633 ipsis.

230 647 625 702 desiderabuntur,
651 664 705 692 eo
727 650 867 693 maior
889 651 1089 706 ipsorum
1113 652 1198 695 erit
1220 653 1431 695 habenda
1453 667 1577 696 cura.

318 727 377 768 Et·
398 726 611 781 primum,
637 741 695 769 an
716 727 774 770 sit
796 716 1044 771 eiiciendus
1065 744 1091 771 a
1109 729 1353 782 Societate,
1374 729 1419 772 id
1439 738 1508 773 est
1525 730 1858 775 consultissime

230 803 686 847 animaduertendum
709 811 755 848 et
778 806 1143 861 expendendum.

318 880 525 935 Illudque
547 894 600 923 ea
616 881 663 925 in
682 881 738 926 181
755 897 804 926 re
827 882 1214 927 animaduertetur
1232 884 1588 938 accuratissime,
1609 900 1681 936 ne,
1703 884 1860 927 huius-

231 957 352 1000 modi
374 957 687 1014 indulgentius
707 959 959 1009 retinendo,
987 960 1334 1016 congregationi
1358 968 1592 1004 noceatur.

320 1034 417 1077 Erit
439 1042 589 1078 autern
615 1035 722 1080 vtile
743 1035 936 1092 singulis
959 1035 1089 1079 annis
1112 1037 1367 1092 prouidere,
1394 1053 1442 1082 re
1463 1052 1567 1080 cum
1595 1037 1864 1094 prouinciali

231 1113 504 1164 consultata,
541 1127 597 1155 an
629 1113 873 1169 collegium
905 1113 962 1156 sit
993 1115 1279 1170 purgandum
1309 1114 1571 1158 huiusmodi
1593 1114 1868 1171 importunis-

231 1189 462 1241 fratribus,
488 1191 869 1246 quemadmodum
893 1191 1007 1234 solet
1029 1204 1195 1246 corpus
1217 1191 1486 1234 humoribus
1507 1191 1672 1234 noxiis.

319 1268 390 1311 Ne
413 1267 543 1310 facile
564 1274 717 1311 tamen
738 1267 969 1310 amittatur
991 1267 1158 1311 fiducia
1180 1268 1315 1311 etiam
1332 1270 1388 1312 de
1410 1283 1481 1321 eo,
1502 1268 1580 1323 qui
1601 1269 1868 1325 deploratus>

231 1344 400 1399 alioqui
422 1343 672 1388 videretur.

323 1421 417 1477 Qui
439 1428 616 1466 secreto
638 1430 758 1466 esset
779 1422 1092 1476 dimittendus,
1114 1423 1156 1468 ei
1177 1423 1224 1465 in
1247 1422 1660 1480 peregrinationem
1677 1422 1866 1466 manife-

231 1505 347 1542 stam
369 1498 523 1551 misso,
549 1497 688 1541 indici
710 1506 941 1563 possetne
965 1499 1148 1543 rediret.

319 1577 497 1620 Interea
520 1583 687 1629 tamen,
707 1577 815 1620 dum
837 1591 941 1633 spes
963 1584 1032 1622 est
1054 1577 1199 1621 iuuari
1223 1577 1475 1632 inquietum
1492 1591 1641 1632 posse,
1662 1576 1866 1620 studium

229 1661 275 1696 et
296 1668 407 1696 cura
429 1660 498 1697 est
520 1653 666 1697 omnis
687 1654 945 1698 adhibenda
968 1662 1015 1697 vt
1039 1655 1238 1698 iuuetur.

322 1730 543 1783 Primum,
575 1737 639 1783 vt,
665 1733 813 1788 quoad
843 1731 941 1775 eius
970 1731 1066 1776 fieri
1095 1731 1279 1788 poterit,
1306 1732 1456 1775 statim
1486 1732 1672 1784 sciatur,
1705 1746 1869 1787 quarn-

234 1808 427 1864 primum
450 1809 566 1852 male
587 1808 689 1864 quis
710 1809 877 1853 habere
900 1809 1164 1865 incoeperit,
1190 1818 1235 1852 et
1257 1808 1345 1852 iam
1375 1809 1482 1853 inde
1506 1809 1704 1854 remedia
1735 1808 1868 1852 adhi-

232 1887 441 1931 beantur:
467 1886 646 1940 deinde,
672 1893 722 1928 vt
742 1886 799 1929 ad
821 1901 870 1930 se
892 1900 997 1928 eum
1019 1894 1153 1930 vocet
1178 1886 1252 1931 ¹82
1275 1887 1497 1943 superior,
1522 1886 1649 1928 illurn
1671 1873 1865 1930 instruat

233 1963 410 2008 solicite
435 1970 481 2007 et
502 1963 645 2008 iuuet.
1016 2017 1018 2019 Ι

325 2043 567 2085 Praeterea
587 2040 706 2083 idem
729 2055 807 2096 per
829 2041 939 2084 alios
961 2049 1105 2093 curet,
1131 2055 1211 2097 per
1233 2040 1576 2092 confessarium,
1603 2055 1683 2096 per
1702 2041 1864 2084 Patres

233 2118 425 2174 aliquos,
450 2127 496 2161 et
519 2118 680 2162 fratres
702 2116 904 2161 idoneos.

324 2194 569 2239 Interdicat
590 2194 653 2236 illi
675 2201 821 2237 rector
845 2202 890 2236 et
917 2194 1222 2238 confessarius
1244 2209 1301 2237 ne
1323 2202 1529 2238 versetur
1560 2208 1663 2237 cum
1693 2193 1762 2246 iis,
1788 2192 1865 2248 qui

235 2286 339 2315 eum
363 2286 455 2314 non
477 2272 654 2324 iuuant,
679 2270 753 2314 alii
773 2271 891 2315 idem
916 2271 1173 2314 consulant.

327 2351 415 2392 Per
436 2348 624 2392 idoneos
646 2348 860 2391 relatores
883 2347 1107 2404 intelligat
1129 2347 1355 2401 minutim,
1381 2362 1497 2402 quae
1514 2347 1588 2390 ille
1605 2354 1728 2404 agat,
1749 2360 1869 2402 quae

235 2426 375 2480 dieat,
401 2441 506 2469 eum
530 2426 695 2481 quibus
716 2426 944 2480 loquatur.

325 2503 542 2546 Animum
565 2510 610 2548 et
631 2501 831 2546 studium
855 2503 1051 2559 applicet
1074 2502 1280 2559 superior
1303 2503 1359 2545 ad
1381 2503 1506 2545 illurn
1530 2501 1780 2546 iuuandum
1800 2500 1871 2543 ni-

237 2581 394 2637 hilque
416 2580 638 2637 negligat.

326 2659 396 2702 Ne
419 2659 476 2701 ad
498 2664 700 2702 extrema
721 2656 807 2700 nisi
829 2656 1163 2700 consultissime
1185 2655 1356 2700 veniat.
1381 2655 1384 2658 ’

328 2735 574 2779 Prouideat
599 2749 657 2778 ne
677 2735 804 2777 locus
826 2733 900 2785 sit,
927 2734 1047 2777 vnde
1069 2733 1269 2776 iniussus
1291 2732 1415 2776 abire
1437 2731 1599 2788 possit.

327 2814 518 2858 Secreto
549 2811 778 2868 significet
808 2810 986 2853 ianitori
1014 2818 1059 2853 et
1087 2810 1268 2854 aedituo
1297 2809 1568 2866 periculum,
1601 2823 1658 2853 ne
1680 2808 1755 2853 ille
1775 2807 1869 2851 dis-

239 2890 372 2932 cedat
394 2903 475 2945 per
495 2903 652 2932 eorum
675 2887 1020 2944 negligentiam,
1045 2895 1094 2930 vt
1116 2886 1372 2930 accuratius
1399 2901 1505 2929 suas
1525 2886 1684 2929 ianuas
1716 2892 1874 2928 eusto-

239 2966 381 3020 diant,
407 2973 452 3011 et
474 2981 531 3009 ne
554 2965 819 3022 permittant
841 2964 965 3007 illum
989 2964 1162 3020 egredi,
1193 2963 1367 3008 etiamsi
1397 2963 1518 3006 dicat
1539 2977 1589 3007 se
1617 2963 1783 3007 habere
1807 2963 1876 3005 fa-

243 3044 475 3087 cultatem.
