2098 3470
723 211 1059 249 Aunounoxsss
1083 210 1411 256 commus—64
1766 211 1830 249 631

250 312 568 370 prouincialeS‚
594 321 691 356 tum
713 313 848 358 etiam
885 310 1198 365 commissarii,
1227 311 1453 367 siquidem
1483 313 1770 358 continenter
1791 314 1884 358 sint

251 389 410 433 futuri.

338 465 599 512 Videndum
619 483 679 512 an
698 467 747 511 in
769 481 855 511 usu
874 465 1208 511 benedictionis
1241 480 1399 511 mense
1432 480 1621 510 romano
1645 468 1757 511 fiant
1780 483 1883 512 mu·

214 558 221 565 ·
250 543 444 587 tationes
467 545 718 601 generales.
742 546 956 600 Lanoyus
977 543 1292 588 introduxerat
1315 545 1509 600 Pragae.

338 620 534 665 Visitato
555 636 647 664 uno
683 621 894 678 collegio,
917 621 1086 664 scribat
1106 620 1185 675 qui
1213 620 1368 664 uisitat
1396 621 1695 664 substantiam
1719 622 1882 666 uisita-

249 696 386 740 tionis
406 697 463 740 ad
484 698 744 754 generalem
769 696 1092 754 praepositum,
1131 704 1177 741 et
1215 705 1425 754 expectet
1463 698 1562 741 eius
1585 713 1874 754 responsum,

247 787 324 827 ne,
350 773 389 816 si
411 773 520 830 quid
541 774 650 817 noui
672 773 824 828 faciat,
847 773 896 818 id
915 774 1141 831 generalis
1162 773 1386 830 improbet
1403 788 1456 818 ac
1473 782 1636 819 mutet.

332 850 496 895 Statim
518 865 623 894 cum
653 851 779 895 uenit
805 852 863 895 ad
890 850 1134 907 collegium
1167 850 1393 904 uisitator,
1418 859 1549 896 curet
1572 859 1622 895 ut
1646 853 1811 898 missae
1834 862 1879 898 et

244 926 474 972 orationes
494 943 578 984 pro
600 943 650 972 se
670 935 717 972 et
736 929 931 986 collegio
951 935 970 954 ²
989 930 1090 973 Deo
1110 929 1377 973 offerantur.

336 1004 538 1049 Prouee'r
557 1009 584 1048 έι
605 1005 879 1061 semejantes
899 1019 1030 1049 casos
1049 1005 1108 1049 de
1286 1005 1346 1050 de
1524 1020 1552 1062 y
1575 1007 1632 1049 de
1653 1005 1672 1031 b
1850 1023 1879 1064 y

243 1080 288 1123 lo
309 1094 398 1136 que
418 1081 488 1124 los
524 1081 696 1125 officios
732 1097 793 1126 no
828 1096 937 1126 sean
973 1081 1074 1126 sino
1093 1082 1151 1125 ad
1188 1089 1386 1138 tempus,
1415 1097 1600 1139 aunque
1629 1084 1671 1127 el
1693 1091 1795 1132 otro
1820 1100 1877 1128 no

242 1157 362 1212 haya
383 1158 439 1200 de
460 1172 534 1201 ser
554 1165 630 1201 tan
668 1159 836 1211 bueno,
859 1173 890 1215 y
910 1159 966 1202 el·
988 1160 1139 1203 bueno
1160 1173 1238 1203 sea
1266 1173 1321 1202 su
1349 1160 1598 1213 consultor;
1631 1175 1660 1216 y
1685 1175 1765 1205 uer
1787 1175 1876 1216 que

243 1234 360 1277 mala
381 1248 440 1278 ne
461 1233 790 1287 inueterentur,
829 1235 929 1279 sino
964 1250 1054 1292 que
1074 1236 1116 1278 al
1138 1235 1360 1292 principio
1396 1250 1446 1280 se
1475 1251 1644 1293 prouea
1665 1253 1692 1293 y
1717 1252 1806 1294 que
1827 1253 1877 1282 se

242 1309 425 1353 atienda
446 1312 488 1354 al
509 1311 733 1368 gouierno
772 1312 1017 1365 uniuersal,
1051 1327 1083 1368 y
1108 1327 1199 1368 que
1234 1327 1312 1357 sea
1334 1317 1432 1357 mas
1468 1314 1526 1357 de
1547 1328 1608 1356 un
1633 1315 1876 1358 secretario

241 1387 316 1431 del
337 1389 539 1443 general,
564 1404 595 1445 y
616 1403 704 1445 que
732 1390 802 1432 los
838 1390 1105 1434 assistentes
1135 1390 1368 1434 attiendan
1390 1395 1417 1434 a
1445 1405 1524 1434 sus
1551 1391 1826 1447 prouincias,
1845 1409 1876 1448 y

242 1477 331 1520 que
347 1478 456 1508 sean
479 1478 504 1520 3
527 1465 811 1509 comissarios
827 1465 1084 1520 continuos,
1105 1481 1194 1510 vno
1215 1468 1273 1511 de
1290 1468 1490 1526 Espafia,
1511 1468 1638 1511 Italia
1655 1484 1684 1525 y
1703 1469 1872 1522 Sicilia,

240 1554 271 1596 y
291 1536 391 1584 otro
411 1541 485 1586 del
508 1542 834 1587 Settentrional
852 1559 884 1600 y
900 1550 999 1587 otro
1019 1558 1129 1600 para
1148 1544 1276 1588 India
1298 1552 1330 1587 ⁰.
1923 1532 1925 1534 ¹

328 1618 420 1662 Vbi
439 1618 485 1661 in
522 1618 674 1676 aliquo
710 1620 905 1676 collegio
940 1627 1080 1678 egent
1100 1622 1269 1666 lectore
1292 1622 1367 1666 uel
1389 1620 1734 1677 concionatore,
1759 1632 1870 1676 etc.,

235 1701 285 1739 et
305 1702 468 1751 petunt
489 1710 516 1739 a
536 1696 739 1753 generali
760 1696 1030 1750 subsidium,
1055 1712 1147 1741 non
1167 1699 1315 1742 solum
1337 1698 1506 1743 scribat
1527 1699 1573 1742 id
1597 1707 1764 1754 rector,
1791 1702 1872 1746 sed
1927 1737 1933 1741 .

215 1781 226 1789 ‘
238 1771 528 1828 prouincialis
549 1771 585 1826 d,
609 1773 687 1829 qui
709 1774 831 1816 bona
852 1775 943 1819 fide
958 1774 1131 1820 videbit
1150 1775 1344 1833 primum
1362 1791 1421 1819 an
1436 1791 1494 1820 ex
1510 1777 1744 1833 prouincia
1763 1791 1871 1834 pos-

238 1848 297 1892 sit
317 1848 382 1892 illi
402 1850 662 1894 necessitati
700 1850 928 1907 prouideri
950 1859 981 1905 e;
1022 1853 1145 1908 quod
1165 1852 1204 1896 si
1230 1854 1356 1897 nulla
1386 1853 1564 1898 ratione
1586 1854 1747 1910 possit,
1774 1862 1870 1898 tum

238 1927 423 1970 tandem
440 1927 625 1970 scribat.
1330 1932 1334 1937 '

327 2004 403 2047 An
425 2005 651 2049 seruanda
672 2004 731 2048 sit
752 2004 798 2047 in
822 2006 1069 2050 Germania
1090 2009 1249 2063 regula
1271 2009 1456 2061 aeditui,
1478 2023 1595 2065 quae
1614 2008 1756 2062 iubet,
1777 2010 1869 2066 pri-

232 2079 309 2124 die
329 2094 466 2137 quam
487 2081 546 2125 sit
567 2081 746 2134 concio,
771 2068 950 2139 uesperi
973 2097 1075 2127 esse
1095 2084 1386 2140 pulsandum.

325 2157 374 2202 Si
397 2157 499 2212 quis
529 2166 651 2203 esset
671 2158 846 2215 impure
876 2168 1066 2204 uocatus
1093 2168 1138 2204 et
1161 2169 1268 2206 uota
1295 2163 1491 2219 primum
1522 2165 1704 2210 fecisset
1732 2166 1868 2210 etiam

235 2247 328 2276 non
349 2234 530 2291 integro
558 2234 726 2288 animo,
766 2236 1084 2292 explicandum
1121 2239 1244 2294 quod
1275 2254 1356 2296 per
1395 2243 1736 2286 renouationem
1767 2243 1869 2286 illae

236 2311 459 2354 tolluntur
478 2311 783 2368 impuritates,

323 2387 418 2443 Qui
440 2387 710 2444 promittunt
730 2389 1001 2434 distribuere
1022 2391 1142 2435 bona
1162 2402 1263 2449 post
1280 2409 1467 2447 annum,
1488 2396 1595 2451 quid
1613 2398 1670 2440 de
1692 2397 1746 2439 iis
1769 2398 1864 2449 fiet,

232 2463 311 2508 vbi
347 2464 588 2510 discedunt
625 2467 756 2509 ante?
793 2466 1020 2511 Videntur
1049 2469 1241 2526 amplius
1278 2486 1368 2515 non
1407 2473 1566 2517 teneri.
1608 2474 1864 2518 Dicendum

301 2672 320 2690 ²
345 2662 454 2698 Haec
471 2662 550 2698 duo
566 2663 688 2699 verba
705 2675 727 2699 a
745 2663 835 2701 Nat.
855 2664 987 2700 addita
1005 2671 1116 2704 sunt.
1158 2656 1236 2696 '-b
1254 2668 1334 2715 Sic,
1354 2669 1479 2705 tribus
1499 2670 1634 2716 spatiis
1654 2671 1787 2706 vacuis
1806 2683 1863 2706 re-

186 2751 190 2757 .
229 2722 348 2760 lictis.
397 2733 462 2752 —c
489 2723 602 2760 Prius
620 2723 674 2760 ita
692 2725 880 2771 scriptum
899 2725 1039 2762 fuerat:
1060 2728 1360 2773 SettentrionaL
1377 2742 1403 2776 y
1422 2743 1496 2776 que
1514 2731 1631 2778 luego
1649 2743 1720 2777 que
1734 2743 1784 2777 yo
1796 2743 1863 2767 sea

166 2822 170 2826 ,
229 2794 279 2818 en
297 2783 444 2827 Roma,
456 2783 577 2830 salga
591 2786 679 2819 otro
694 2783 895 2820 uisitador
908 2787 1080 2833 general
1091 2790 1202 2835 para
1215 2789 1380 2836 Espaffa
1396 2801 1466 2825 con
1482 2790 1644 2825 licentia
1659 2791 1724 2826 del
1742 2802 1822 2837 rey,
1838 2803 1862 2836 y

176 2876 179 2879 Δ
196 2868 198 2871 v
224 2844 336 2889 para
352 2842 534 2878 Francia
546 2855 572 2889 y
589 2843 652 2879 las
668 2847 780 2880 otras
793 2845 1031 2892 prouincias
1045 2849 1362 2888 setentrionales.
1383 2849 1540 2893 Postea,
1562 2849 1711 2885 Natalis
1732 2861 1861 2895 manu,

230 2906 274 2937 ut
291 2913 425 2949 supra.
481 2904 549 2930 -d
574 2903 687 2939 Prius
706 2903 759 2940 ita
776 2905 873 2940 haee
886 2905 1030 2951 scripta
1047 2905 1216 2944 fuerant:
1240 2908 1311 2944 Vbi
1324 2910 1368 2944 in
1386 2909 1522 2954 aliquo
1539 2909 1706 2957 collegio
1723 2912 1779 2944 est
1798 2921 1862 2945 ne·

228 2971 330 2997 cmc
346 2963 391 2996 ut
406 2961 599 2998 mittatur
615 2964 770 3010 aliquis
778 2964 900 3000 lector
917 2965 984 3001 uel
1000 2965 1271 3009 concionator,
1290 2971 1377 3010 etc„
1396 2980 1474 3003 non
1493 2968 1639 3003 scribat
1656 2969 1700 3003 id
1716 2972 1863 3013 rector,

226 3021 298 3056 sed
309 3021 596 3067 prouincialis.
615 3022 767 3060 Natalis
785 3029 828 3059 ut
846 3035 975 3071 supra.
1027 3045 1060 3052 —·
1075 3036 1092 3054 e
1117 3027 1376 3062 Emendatum
1396 3039 1417 3062 a
1441 3027 1534 3065 Nat.
1552 3038 1601 3062 ex
1623 3028 1862 3074 prouidere.
