2098 3470
806 208 1238 248 lusrnucnousss—61
1722 214 1787 252 52¹

205 317 317 360 hora
337 315 425 359 alio
446 330 504 360 ne
525 321 763 367 vocentur3
789 315 900 358 haec
921 319 1074 356 autem
1098 313 1210 354 hora
1237 309 1303 354 sic
1330 309 1646 361 distribuatur,
1677 316 1727 351 vt
1753 313 1839 355 430

205 407 298 436 non
318 393 477 439 eadem
497 390 710 435 omnibus
731 391 804 434 vel
824 389 1031 447 pluribus
1050 387 1326 444 assignetur,
1350 394 1401 429 vt
1416 400 1516 430 esse
1533 401 1714 442 semper
1737 400 1838 442 pos-

203 469 310 522 sint,
335 469 413 525 qui
433 470 616 512 valeant
639 467 846 524 proximo
867 467 1067 511 iuuando
1090 479 1270 510 vacare.

292 546 703 590 Animaduertatur
723 560 782 590 ne
802 545 883 588 fiat
903 542 1111 600 exceptio
1131 543 1179 586 in
1201 541 1439 585 audiendis
1455 541 1834 594 confessionibus,

202 622 442 667 mulierum
465 622 619 678 potius
641 636 776 677 quam
794 621 992 665 virorum
1000 634 1011 673 ;
1030 620 1122 663 imo
1139 634 1248 664 vero
1266 620 1520 662 vacandum
1543 618 1695 674 potius
1717 626 1838 662 esset

201 699 311 742 viris
331 713 467 754 quam
490 694 699 743 foeminis
721 698 975 743 audiendis:
1006 703 1135 740 tanto
1162 696 1283 741 enim
1310 694 1454 738 maior
1478 694 1711 750 colligitur
1740 695 1836 736 fru-

202 783 321 828 ctus,
345 783 518 832 quanto
540 776 754 818 maiorem
775 775 839 818 illi
861 776 1033 819 habent
1049 773 1371 816 authoritatem
1394 771 1680 829 gubernandi
1704 772 1836 815 fami-

203 852 306 896 liam
326 867 472 905 suam;
505 861 704 907 suntque
731 852 872 908 pluris
900 850 1112 904 faciendi,
1143 858 1281 906 atque
1308 849 1552 906 ampliores
1582 850 1754 892 habent
1790 857 1835 891 et

199 930 317 973 male
338 938 384 974 et
406 929 524 974 bene
553 929 745 972 faciendi
773 928 1050 980 occasioneS,
1081 935 1127 971 et
1154 927 1447 971 difficilliores
1474 940 1573 970 esse
1603 926 1750 970 solent
1778 927 1835 969 ad

199 1005 506 1050 deuotionem.

288 1082 567 1135 Adhibeant,
599 1090 692 1126 tam
719 1091 738 1107 ³
773 1081 1036 1127 confessarii
1075 1095 1252 1132 omneS,
1292 1095 1428 1136 quam
1466 1079 1829 1132 concionatores,

197 1172 352 1203 curam
380 1167 427 1203 et
452 1159 732 1215 diligentiam
764 1166 813 1201 vt
840 1174 918 1203 eas
949 1172 1182 1215 personas,
1222 1172 1337 1213 quas
1372 1156 1538 1213 spiritu
1574 1171 1628 1199 ac
1664 1156 1834 1212 pietate

200 1235 447 1291 profecisse
469 1235 696 1287 nouerint,
722 1237 794 1280 vel
816 1244 999 1292 sperent
1021 1236 1222 1278 fructum
1251 1236 1466 1286 facturas,
1492 1240 1708 1277 moneant
1730 1234 1832 1276 hor·
1895 1232 1901 1244 “

199 1318 442 1367 tenturque
466 1321 514 1354 vt
536 1312 728 1369 quisque
749 1327 834 1356 suo
866 1313 1018 1364 modo,
1048 1320 1100 1355 vt
1126 1311 1299 1355 scilicet
1324 1310 1487 1355 melius
1515 1310 1680 1366 poterit
1705 1309 1831 1353 iuxta

197 1401 327 1431 suam
351 1389 628 1440 facultatem,
654 1388 765 1431 alios
786 1388 947 1433 iuuare
967 1396 1097 1432 curet
1115 1388 1162 1431 in
1193 1387 1409 1440 Domino,
1434 1394 1655 1443 quantum
1683 1388 1830 1430 hone-

199 1472 270 1508 ste
290 1464 388 1508 fieri
409 1465 575 1520 poterit
606 1472 744 1520 atque
775 1467 1011 1518 decenter,
1049 1464 1164 1509 citra
1199 1464 1431 1521 proprium
1460 1464 1736 1520 periculum3
1776 1461 1830 1507 ac

197 1547 323 1585 tanto
360 1546 434 1588 4³1
463 1542 610 1598 magis
643 1542 688 1585 id
716 1543 895 1587 efficere
923 1543 1219 1594 contendant,
1250 1550 1422 1597 quanto
1458 1555 1562 1598 spes
1598 1541 1831 1597 amplioris

197 1617 376 1661 fructus
396 1618 581 1675 spiritus
602 1619 797 1671 affuerit,
821 1629 867 1663 et
889 1620 946 1664 de
968 1634 1021 1664 ea
1048 1633 1159 1662 cura
1180 1627 1226 1662 et
1257 1619 1508 1662 ministerio
1534 1620 1734 1661 referant
1771 1619 1829 1661 ad

194 1709 302 1739 suos
323 1695 641 1748 confessarios,
663 1696 739 1739 vbi
760 1697 1052 1740 confitentur.

281 1772 558 1817 Confessarii
595 1788 818 1828 nusquam
846 1773 1048 1818 mulieris
1084 1773 1277 1817 alicuius
1308 1781 1436 1817 extra
1471 1772 1710 1817 ecclesiam
1742 1788 1827 1816 no-

191 1855 330 1892 stram
351 1857 642 1905 peccatorum
669 1850 856 1893 audiant
883 1850 1231 1903 confessionem,
1260 1850 1348 1894 nisi
1379 1851 1427 1893 in
1454 1850 1635 1907 propria
1666 1851 1823 1904 domo,

190 1933 237 1970 et
257 1925 437 1982 quidem
462 1934 646 1982 propter
668 1914 994 1980 infirmitatem,
1013 1928 1076 1971 ita
1093 1935 1245 1972 tamen
1259 1935 1327 1982 vt,
1347 1928 1729 1983 quemadmodum
1755 1943 1827 1971 re-

190 2003 300 2059 gula
321 2003 600 2059 praescribit,
620 2004 762 2060 possit
783 2019 809 2047 a
825 2004 949 2048 socio
972 2005 1102 2048 facile
1123 2004 1281 2050 videri.
1308 2005 1554 2049 Memoriae
1576 2005 1697 2048 enim
1720 2020 1826 2061 pro-

189 2078 335 2122 ditum
357 2087 425 2122 est
448 2081 503 2122 R.
530 2081 588 2123 P.
619 2081 680 2125 N.
708 2087 893 2124 sanctae
921 2081 1248 2124 recordationis
1275 2080 1504 2138 Ignatium
1538 2082 1721 2124 cuidam
1755 2097 1825 2125 sa-

188 2155 362 2200 cerdoti
397 2156 666 2213 imposuisse
702 2157 1043 2213 poenitentiam,
1083 2166 1133 2201 vt
1170 2166 1296 2201 tanto
1332 2173 1383 2203 se
1420 2159 1635 2215 temporis
1671 2159 1824 2216 spacio

187 2233 380 2290 flagellis
401 2234 627 2286 caederet,
659 2242 830 2290 quanto
858 2234 975 2279 alius
1002 2235 1173 2279 diceret
1200 2238 1424 2293 psalmum
1458 2236 1702 2280 «Miserere
1735 2235 1824 2279 mei

189 2310 343 2355 Deus»
369 2310 551 2367 septies,
576 2325 679 2354 cum
702 2311 741 2354 is
762 2311 874 2355 citra
893 2311 1043 2377 ‘Vllum
1071 2314 1354 2365 scandalum,
1390 2328 1442 2358 ac
1473 2328 1641 2370 magna
1673 2314 1823 2369 potius

185 2401 292 2430 eum
314 2388 627 2432 aedificatione
648 2389 788 2432 semel
809 2389 1011 2433 mulieris
1033 2389 1271 2434 cuiusdam
1294 2406 1349 2434 eo
1371 2391 1416 2434 in
1440 2392 1541 2434 loco
1570 2389 1822 2433 confessio-

187 2478 292 2508 nem
312 2464 515 2508 audisset
535 2465 654 2509 inter
674 2465 878 2521 priuatos
899 2467 1110 2523 parietes,
1135 2468 1212 2511 vbi
1234 2483 1261 2511 a
1281 2468 1408 2512 socio
1434 2468 1577 2512 videri
1605 2482 1695 2509 non
1726 2474 1821 2522 pot-

185 2548 299 2594 erat,
324 2555 414 2596 quo
437 2542 557 2584 facto
578 2541 688 2585 satis
709 2543 906 2586 ostendit
929 2545 1308 2600 prudentissimus
1333 2548 1468 2589 Pater
1496 2559 1630 2600 quam
1661 2551 1820 2587 exacte

185 2619 245 2662 ad
264 2618 529 2675 effugienda
549 2620 754 2676 pericula
774 2622 847 2664 lex
870 2623 982 2664 haec
1004 2623 1178 2666 seruari
1199 2624 1378 2667 debeat.

270 2701 357 2743 432
395 2697 485 2740 Vbi
521 2711 656 2741 casus
694 2708 956 2743 reseruatus
992 2700 1050 2742 de
1086 2700 1292 2753 consilio,
1334 2716 1426 2743 non
1463 2702 1519 2744 de
1556 2706 1814 2756 praecepto,

184 2782 446 2818 occurreret
468 2775 761 2828 confessario,
785 2776 824 2819 si
846 2776 978 2819 facile
1000 2777 1249 2833 poenitenti
1271 2777 1534 2834 persuaderi
1551 2791 1642 2819 non
1662 2783 1818 2831 posset

183 2858 233 2892 vt
248 2851 467 2907 superiori
482 2851 527 2894 id
544 2860 806 2908 exponeret,
826 2861 948 2898 esset
966 2861 1119 2898 tamen
1137 2855 1247 2899 alias
1264 2857 1381 2899 bene
1398 2853 1662 2910 dispositus,
1684 2853 1816 2895 abso-

252 3030 271 3047 ἃ
319 3022 406 3054 tum
426 3031 496 3055 ms.
