2098 3470
810 246 1242 286 lumucrronsss—oi
1727 244 1794 291 531

207 351 398 409 aperiat,
423 351 509 396 nisi
531 351 578 395 id
600 352 771 396 faceret
801 364 859 395 ex
888 349 1153 394 confessarii
1185 349 1260 393 vel
1291 347 1536 404 superioris
1564 347 1770 400 consilio,
1795 354 1847 390 vt

206 428 287 474 45!
312 429 453 486 possit
473 428 532 473 ab
553 439 612 473 eo·
630 427 778 472 iuuari
798 427 845 472 in
861 425 1041 485 spiritu.

851 561 915 591 DE
947 559 1205 590 PROFESSIS

305 659 503 704 Professi
524 667 720 716 quatuor
740 666 968 711 votorum,
993 672 1099 701 cum
1123 664 1232 701 sunt
1253 657 1299 700 in
1322 656 1534 714 collegio,
1559 663 1746 701 seruent
1773 672 1847 701 re—

215 737 350 794 gulas
370 743 418 780 et
439 737 531 780 sint
551 736 721 780 subditi
744 735 922 788 rectori,
945 735 1121 780 etiamsi
1143 749 1235 778 non
1257 734 1316 778 sit
1337 735 1583 791 professus.
1610 733 1849 777 Constitu-

212 813 281 857 tio
301 820 470 866 autem,
495 828 613 870 quae
634 813 746 856 dicit
767 795 1052 857 coadiutores
1079 826 1171 855 non
1204 825 1337 868 posse
1359 825 1518 854 curam
1546 812 1715 855 habere
1742 826 1850 868 pro-

219 891 459 943 fessorum,
479 882 750 947 intelligitur
769 889 1011 943 ordinarie,
1028 889 1148 932 sicut
1164 888 1389 933 ordinarie
1410 903 1501 932 non
1523 889 1658 931 datur
1674 889 1851 944 profes-

214 981 298 1011 sus
319 966 540 1024 collegiis.
567 968 700 1010 Hanc
722 966 858 1010 etiam
878 966 1192 1010 difficultatem
1216 966 1343 1010 tollet
1364 966 1487 1021 quod
1509 965 1554 1008 in
1574 965 1852 1021 plenioribus

213 1043 430 1101 collegiis
451 1057 551 1088 esse
571 1044 718 1087 solent
739 1043 931 1100 professi
951 1049 1278 1099 superstantes.
1306 1043 1551 1087 Praeterea
1572 1041 1619 1084 in
1642 1041 1854 1085 domibus

219 1119 534 1177 professorum
564 1119 840 1164 ordinarium
869 1119 971 1169 erit,
1003 1127 1053 1163 vt
1079 1118 1272 1176 professi
1299 1118 1471 1162 subditi
1498 1118 1591 1161 sint
1619 1118 1852 1171 ministris,

214 1196 316 1252 qui,
336 1204 386 1239 vt
407 1196 668 1252 plurimum,
688 1204 822 1241 erunt
838 1196 1140 1249 coadiutores‚
1159 1196 1320 1240 saltem
1337 1195 1552 1239 obediant
1568 1195 1655 1238 illis
1673 1194 1856 1239 nomine

224 1273 468 1330 praepositi
490 1272 561 1316 sui
583 1288 665 1329 per
685 1273 1045 1335 commissionem
1068 1273 1346 1329 generalem.
1375 1273 1442 1315 Ita
1469 1287 1652 1328 quoque
1680 1272 1857 1328 profes-

221 1365 321 1403 sus,
346 1349 424 1406 qui
447 1349 584 1395 fuerit
609 1349 656 1393 in
678 1349 887 1406 collegio,
912 1349 986 1393 cui
1006 1349 1061 1402 is,
1087 1338 1165 1405 qui
1187 1357 1382 1406 praeest,
1407 1365 1500 1393 non
1520 1356 1590 1393 est
1606 1338 1854 1406 professus,

221 1425 528 1477 obedientiam
553 1441 578 1468 a
602 1426 866 1482 prouinciali
890 1427 962 1470 vel
982 1426 1185 1484 generali
1206 1426 1392 1471 habebit
1414 1434 1464 1469 vt
1486 1425 1857 1470 obediat'rectori

222 1516 288 1549 ex
306 1503 644 1547 commissione.

316 1585 405 1629 452
435 1580 618 1624 Editum
641 1587 799 1636 postea
825 1588 896 1624 est
915 1581 1149 1625 decretum
1170 1595 1216 1624 in
1241 1589 1307 1636 33²
1328 1580 1690 1638 congregatione
1713 1595 1856 1637 gene-

226 1657 329 1710 rali,
355 1658 479 1713 quod
502 1657 618 1701 tollit
640 1671 816 1701 omnem
840 1657 1152 1702 difficultatem
1175 1660 1204 1702 ¹.

596 1790 659 1820 DE
690 1789 1083 1821 COADIUTORIBUS
1114 1790 1490 1822 TEMPORALIBUS

321 1887 464 1932 Coadi
472 1896 624 1931 utores
645 1888 787 1931 nostri
810 1889 1078 1945 temporales
1093 1889 1311 1934 adiuuare
1327 1898 1541 1946 poterunt
1558 1891 1614 1933 ad
1631 1891 1861 1934 docendos

228 1978 397 2021 pueros
418 1963 669 2008 doctrinam
691 1964 998 2010 christianam.

321 2041 415 2097 Qui
438 2041 606 2097 recepti
628 2049 735 2084 sunt
762 2048 812 2084 vt
837 2041 927 2085 sint
954 2039 1245 2088 coadiutores
1273 2045 1563 2101 temporaleS‚
1594 2059 1679 2089 nec
1712 2045 1861 2088 adhuc

192 2120 196 2124 ⁴
227 2125 340 2162 sunt
370 2118 564 2170 formati,
598 2125 811 2174 poterunt
834 2118 996 2162 studiis
1023 2120 1239 2164 destinari
1267 2121 1395 2165 iussu
1426 2122 1736 2178 prouincialis,
1768 2121 1805 2164 si
1837 2136 1862 2164 e

232 2194 390 2243 maiori
412 2195 497 2238 Dei
518 2195 706 2239 seruitio
727 2195 774 2238 id
794 2197 1000 2239 futurum
1021 2197 1255 2251 iudicabit,
1279 2199 1544 2255 praesertim
1568 2199 1605 2242 si
1627 2214 1720 2242 non
1742 2208 1863 2242 esset

228 2271 548 2315 coadiutorum
570 2271 760 2315 aliorum
779 2272 968 2316 offensio
985 2273 1170 2330 grauior
1185 2276 1538 2331 subsequutura;
1559 2278 1672 2321 haec
1688 2275 1863 2319 etiamsi

231 2361 326 2390 non
347 2346 578 2404 impediat,
607 2355 756 2392 tamen
775 2344 826 2392 'in
848 2349 1008 2393 eodem
1030 2350 1225 2407 collegio
1247 2366 1340 2395 non
1368 2353 1543 2396 dabunt
1564 2353 1726 2396 studiis
1755 2367 1864 2408 ope—
1929 2347 1934 2351 ⁹

234 2436 349 2477 ram3
379 2423 432 2467 iis
461 2438 588 2476 vero,
620 2425 697 2481 qui
725 2433 834 2468 sunt
861 2425 1148 2470 coadiutores
1175 2428 1373 2482 formati,
1405 2429 1555 2472 studia
1584 2430 1708 2472 nullo
1732 2436 1864 2485 pacto

235 2501 550 2546 concedentur
571 2502 742 2558 absque
762 2502 945 2547 licentia
966 2504 1195 2560 generalis
1215 2506 1457 2563 praepositi
1480 2521 1708 2563 expressa.

326 2577 558 2623 Officiales
579 2579 981 2623 communicabunt
1001 2581 1147 2637 primo
1162 2596 1296 2627 mane
1312 2591 1418 2626 ante
1436 2591 1656 2638 caeteros,
1676 2590 1724 2625 vt
1741 2597 1867 2626 com-

236 2654 416 2698 modius
437 2654 531 2698 suis
551 2660 639 2702 453
661 2656 822 2699 officiis
844 2656 1020 2712 possint
1046 2672 1228 2705 vacare.

329 2731 629 2777 Coadiutores
652 2734 925 2789 temporales
946 2733 1186 2779 inferiores
1207 2744 1360 2782 vestes
1378 2745 1577 2794 gestent,
1599 2751 1711 2792 quas
1728 2738 1870 2793 vulgo

235 2813 423 2851 sotanas
445 2816 626 2861 vocant,
650 2809 900 2863 breuiores,
925 2810 972 2854 id
992 2819 1078 2864 est,
1103 2813 1240 2868 paulo
1261 2813 1378 2856 infra
1399 2813 1591 2857 mediam
1617 2813 1788 2856 tibiam.

329 2883 528 2927 Curetur
558 2885 803 2943 diligenter
829 2894 879 2930 vt
905 2887 1172 2932 admittatur
1202 2890 1519 2934 coadiutorum
1554 2890 1870 2946 temporalium

313 2988 326 3011 ¹
375 2989 438 3026 Cf.
455 2990 656 3027 decretum
675 3001 718 3028 21
739 2993 879 3029 tertiae
896 2995 1213 3040 congregationis
1237 3007 1346 3043 gen.‚
1374 2997 1504 3032 [nstit.
1531 2997 1616 3032 Soc.
1639 2996 1737 3044 Jesu
1762 2996 1874 3042 (edit.

241 3047 345 3094 cit.),
362 3048 415 3095 ΙΙ,
433 3048 519 3086 223.
