2098 3470
309 250 380 296 650
782 251 937 288 Pums
963 253 1207 289 HOERONYm
1234 253 1387 289 NADAL

253 351 333 407 qui
356 359 452 397 erat
474 351 559 408 ipsi
581 367 637 396 eo
660 352 707 395 in
745 353 905 398 itinere
942 353 1094 396 socius
1130 362 1166 395 ³.
1215 355 1289 397 Ad
1311 356 1423 398 haec
1460 369 1564 398 cum
1603 363 1816 412 ageretur
1836 359 1897 402 de

257 429 449 472 formula
471 428 682 483 instituti,
709 444 799 486 quo
821 430 944 473 illam
966 431 1062 475 sedi
1079 430 1352 486 apostolicae
1371 433 1586 476 offerrent
1608 435 1765 477 Patres
1781 449 1893 477 con·

252 506 535 558 firmandam,
561 513 612 549 ut
634 506 681 550 in
703 522 752 551 re
774 507 1061 563 grauissima,
1088 508 1144 549 ad
1168 507 1393 551 internam
1424 509 1652 563 quandam
1684 510 1896 554 deuotio-

254 597 358 627 nem
375 589 512 638 atque
534 583 718 639 spiritus
740 597 924 627 sensum
948 583 1227 639 compositus
1252 586 1303 626 P.
1331 584 1538 640 Ignatius
1555 586 1692 629 enixe
1710 600 1764 628 ac
1783 600 1897 630 con-

254 659 430 702 firmate
454 646 700 715 postulauit
722 675 747 702 a
771 660 908 703 sociis
931 667 980 702 ut
1018 660 1132 702 illud
1155 675 1321 705 nomen
1347 661 1569 705 Societati
1606 664 1824 715 facerent,
1850 662 1898 706 id

253 750 303 780 se
325 750 488 792 rogare
510 743 556 780 et
578 737 856 781 contendere
874 739 930 779 ab
947 737 1159 780 omnibus
1183 744 1231 780 ut
1255 737 1339 780 sibi
1359 739 1708 784 concederetur.
1728 740 1896 782 Eodem

253 813 368 855 illud
388 817 554 869 spectat
574 812 608 866 b,
634 827 740 857 cum
763 814 883 858 enirn
907 813 1140 856 incidisset
1162 829 1327 867 sermo,
1349 823 1399 857 ut
1417 816 1484 867 fit,
1505 817 1562 859 de
1580 816 1764 860 nomine
1785 831 1897 859 con-

254 889 538 946 gregationis
560 898 756 943 nostrae,
784 898 883 947 post
915 890 1155 935 Societatis
1177 905 1241 934 sc.
1269 892 1675 945 confirmationem,
1701 901 1746 936 et
1767 893 1893 937 dice-

251 974 320 1012 ret
342 967 541 1023 quidam:
571 967 706 1023 «quid
733 968 770 1011 si
801 967 920 1010 aliud
950 982 1116 1012 nomen
1148 967 1366 1012 Societati
1396 969 1672 1012 faceremus»
1700 984 1890 1025 respon—

251 1044 316 1088 dit
338 1045 474 1088 Pater
495 1051 649 1088 noster
670 1059 725 1089 ex
743 1044 881 1088 animi
898 1044 1145 1088 deuotione
1162 1052 1425 1088 constanter
1442 1044 1553 1088 illud
1570 1061 1738 1091 nornen
1757 1060 1866 1102 prae
1878 1071 1892 1079 ·

251 1128 319 1166 ter
341 1123 491 1165 Deum
514 1122 688 1164 nullum
712 1136 844 1177 posse
865 1121 1104 1164 immutare
1126 1128 1156 1164 0.
1189 1122 1364 1175 Quibus
1381 1136 1437 1164 ex
1453 1122 1588 1164 rebus
1604 1123 1714 1165 satis
1737 1130 1895 1179 aperte

249 1212 492 1254 possumus
522 1198 778 1254 intelligere
814 1212 870 1240 ex
906 1198 1070 1239 diuina
1108 1199 1412 1253 inspiratione
1436 1198 1577 1243 fuisse
1606 1213 1631 1241 a
1655 1201 1754 1243 Deo
1776 1198 1888 1243 illud

248 1289 414 1318 nomen
436 1275 645 1317 Societati
667 1276 942 1330 impositum.
970 1275 1091 1319 Socii
1115 1274 1256 1331 igitur
1278 1289 1435 1318 sumus
1465 1274 1540 1318 X}
1561 1278 1672 1333 Jesu
1701 1290 1758 1319 ex
1787 1277 1894 1319 illu-

249 1351 330 1395 stri
352 1352 547 1407 quadam
571 1359 708 1407 atque
731 1352 893 1395 eximia
915 1351 962 1394 in
986 1366 1069 1395 nos
1090 1351 1375 1407 benignitate
1397 1366 1451 1396 ac
1473 1352 1675 1408 gratia...

415 1443 586 1486 magna
606 1436 652 1472 et
673 1429 831 1472 salutis
854 1436 899 1471 et
938 1428 1227 1484 perfectionis
1263 1436 1446 1472 nostrae
1484 1443 1586 1485 pars
1607 1429 1654 1472 in
1684 1429 1887 1473 iuuando

249 1506 455 1561 proximo
478 1505 726 1549 constituta
749 1506 821 1558 sit3
849 1506 1062 1561 quocirca
1082 1506 1156 1547 vbi
1177 1506 1235 1548 ad
1253 1505 1499 1549 ministeria
1517 1506 1741 1549 mittimur
1763 1521 1788 1549 a
1811 1521 1892 1551 su-
1936 1534 1939 1535 ν

251 1564 519 1638 perioribus,
561 1582 672 1625 nihil
713 1583 1033 1626 addubitemus
1070 1582 1180 1638 quin
1218 1583 1442 1625 maximus
1474 1582 1531 1625 sit
1554 1583 1685 1626 nobis
1707 1584 1894 1627 futurus

242 1663 498 1716 prouentus
519 1673 575 1702 ex
598 1659 847 1702 ministerio
870 1659 915 1702 in
938 1659 1211 1715 proximum,
1237 1661 1292 1702 ad
1314 1661 1401 1702 hoc
1423 1659 1543 1704 enirn
1574 1674 1808 1713 uocamur,
1836 1662 1895 1704 ad

250 1738 337 1780 hoc
360 1740 544 1779 nostrae
567 1736 802 1793 religionis
820 1737 984 1793 gratia
1001 1736 1183 1793 proprie
1200 1737 1326 1779 ducit
1343 1743 1388 1780 et
1405 1737 1548 1780 iuuat.
1572 1737 1758 1781 Memini
1780 1752 1888 1794 ego,

249 1827 353 1856 cum
377 1813 630 1856 insinuaret
650 1813 760 1856 mihi
783 1814 918 1858 Pater
945 1813 1167 1870 Ignatius,
1194 1814 1252 1856 ad
1274 1814 1401 1857 initia
1425 1814 1512 1858 mei
1534 1815 1590 1857 ad
1612 1814 1890 1859 Societatem

247 1891 498 1947 ingressus,
518 1897 569 1933 ut
590 1890 1002 1946 praedicationibus
1018 1898 1064 1934 et
1086 1890 1291 1947 proximo
1320 1905 1505 1946 operam
1527 1891 1697 1944 darem,
1731 1898 1777 1935 et
1800 1904 1892 1947 ego

246 1967 596 2023 ineptitudinem
618 1981 763 2010 meam
786 1968 842 2010 de
861 1967 972 2012 meis
994 1967 1196 2023 peccatis
1217 1975 1264 2011 et
1292 1967 1470 2011 miseria
1499 1981 1785 2019 excusarem,
1810 1981 1888 2012 re-

247 2043 484 2100 spondisse
510 2046 708 2089 Patrem:
737 2045 882 2097 «Hoc,
913 2044 1076 2099 inquit,
1118 2053 1249 2100 pacto
1287 2044 1512 2100 proficies,
1554 2044 1591 2087 si
1614 2045 1671 2087 ad
1694 2044 1888 2100 proximi

247 2122 441 2165 salutem
478 2121 731 2165 attendas».
771 2123 835 2166 Ut
866 2122 1006 2164 semel
1043 2121 1184 2177 igitur
1211 2122 1374 2173 dicam,
1416 2122 1569 2164 nullus
1606 2135 1691 2165 suo
1719 2121 1891 2164 iudicio

247 2198 470 2255 in[n]ixus
496 2199 622 2254 quod
653 2197 949 2254 imperfectus
986 2198 1060 2250 sit,
1100 2199 1223 2254 quod
1252 2199 1433 2254 ineptus
1461 2199 1584 2254 quod
1613 2198 1658 2240 in
1688 2198 1891 2254 periculo

252 2284 477 2329 uersetur;
503 2276 577 2319 uel
609 2282 843 2332 grauetur,
872 2277 944 2320 uel
970 2275 1173 2332 ambigat
1198 2275 1403 2332 proximo
1424 2275 1662 2328 inseruire;
1687 2276 1784 2327 sed,
1810 2289 1885 2318 ex-

249 2353 415 2409 plicata
437 2352 717 2397 cunscientia
738 2352 974 2409 superiori,
1000 2353 1038 2396 si
1060 2352 1282 2404 mittatur,
1309 2366 1477 2408 magno
1499 2351 1652 2395 animo
1675 2366 1727 2395 ac
1758 2353 1892 2408 pleno

247 2431 397 2474 bonae
423 2430 520 2487 spei
557 2429 854 2486 aggrediatur
876 2445 1006 2486 opus:
1048 2431 1127 2474 fiet
1149 2445 1206 2474 ex
1228 2429 1448 2486 singulari
1478 2431 1591 2487 Jesu
1614 2428 1688 2473 Χ.ἰ
1721 2428 1888 2486 gratia,

251 2522 342 2563 qua
368 2521 497 2551 suam
535 2506 853 2563 complectitur
891 2507 1183 2559 Societatem,
1212 2514 1262 2549 ut
1283 2514 1329 2550 et
1351 2506 1465 2550 nihil
1502 2506 1802 2562 periclitetur,
1846 2512 1893 2550 et

249 2600 469 2642 magnum
497 2585 626 2629 breui
662 2592 935 2640 prouentum
967 2584 1257 2640 perfectionis
1295 2591 1620 2639 consequatur,
1652 2584 1787 2627 modo
1819 2598 1892 2627 ra-

249 2661 419 2706 tionem
443 2661 680 2706 ministerii
698 2660 939 2706 Societatis
956 2662 1256 2717 amplectatur
1279 2669 1324 2705 et
1346 2660 1568 2716 imprimis
1588 2675 1678 2703 non
1704 2659 1886 2703 omittat

251 2740 458 2796 spiritum
483 2754 563 2796 per
578 2734 836 2782 orationem
858 2753 942 2782 suo
966 2746 1172 2794 tempore
1189 2737 1505 2782 refocillare»..

321 2892 340 2909 a
365 2882 474 2917 Haec
507 2889 548 2926 15
579 2882 700 2917 verba
730 2879 1004 2927 praecedentia
1033 2880 1163 2915 deleta
1181 2885 1273 2915 sunt
1297 2891 1319 2914 a
1350 2879 1458 2923 Nat„
1488 2878 1555 2925 qui
1581 2878 1634 2914 ita
1653 2877 1826 2924 incoepit
1843 2888 1890 2913 ea

251 2941 474 2976 emendare:
496 2941 582 2977 Hoc
598 2952 686 2987 ego,
701 2951 801 2987 quae
819 2939 937 2974 etiam
955 2939 1196 2985 obliteravit,
1211 2945 1251 2974 et
1265 2950 1342 2974 non
1361 2937 1602 2974 emendavit.
1654 2957 1686 2964 -
1702 2939 1720 2965 b
1748 2937 1882 2973 Emen-

250 2999 384 3035 datum
409 3012 431 3035 a
456 3000 549 3035 Nat.
574 3011 624 3035 ex
650 2998 737 3046 Ego
759 3010 910 3044 quoque
934 2999 990 3034 sic
1011 2998 1284 3034 commemini.
1347 3007 1411 3025 ...c
1437 2996 1719 3032 praecedentia
1737 2997 1786 3032 ab
1805 2995 1885 3032 illis

250 3059 383 3095 verbis
404 3060 554 3095 Eodem
572 3059 679 3094 illud
695 3061 855 3105 spectat,
878 3058 980 3093 linea
1004 3058 1259 3093 transversim
1284 3057 1414 3102 ducta,
1436 3055 1643 3092 obliterata
1662 3060 1766 3092 sunt.
