2098 3470
134 513 199 548 61.

537 225 674 262 Iunssx
696 233 932 262 GENERALIS
958 234 1116 268 QUART!
1144 234 1367 263 vounnms

606 364 759 399 Patr-is
777 364 955 399 Natali·
973 364 1304 400 instructiones.

254 511 359 548 Patri
373 511 548 550 oliverio
562 511 759 557 Manareo,
771 511 1036 547 commissario
1050 511 1277 555 Galliarum,
1292 512 1507 559 instructio,
1525 524 1626 560 quae

322 571 466 619 poterit
481 570 764 607 accommodari
781 570 1087 618 provincialibus
1104 571 1258 618 quando
1276 571 1448 610 visitant.
1473 571 1575 616 1563.
1587 598 1596 607 .
1610 598 1620 608 .

252 630 460 667 Instructio
472 629 766 677 provincialium
775 656 1616 668 ....................................

254 689 464 726 Rectorum
481 688 703 726 instructio.
729 715 1618 728 ......................................

252 748 313 784 De
331 748 538 796 suffragiis,
559 760 659 797 quae
675 749 866 796 praecipit
884 749 1060 785 Societas
1066 775 1618 787 ........................

254 806 438 846 Officium
454 807 815 855 superintendentis
832 807 989 855 collegii
1014 808 1088 844 sub
1111 807 1342 854 compendio
1351 834 1620 844 ............

254 867 592 914 Quemadmodum
611 869 668 904 uti
686 879 757 905 suo
775 868 903 904 officio
920 867 1064 904 debeat
1081 872 1207 903 rector
1225 867 1393 914 collegii,
1412 867 1478 903 ubi
1497 879 1629 914 super-

323 927 531 964 intendens
549 934 610 964 est
614 954 1622 965 ...........................................

253 987 359 1024 Usus
376 987 493 1024 officii
512 988 676 1024 ministri
686 1014 1622 1025 ........................................

254 1047 360 1084 Usus
376 1047 493 1083 officii
510 1048 753 1084 subministri
760 1073 1622 1086 .....................................

254 1106 592 1153 Quemadmodum
611 1107 653 1154 ii,
670 1108 738 1155 qui
755 1113 954 1155 praesunt,
981 1119 1023 1143 se
1045 1118 1184 1154 gerere
1208 1106 1356 1142 debent
1379 1118 1471 1153 erga
1495 1107 1630 1142 Patres

324 1171 366 1202 et
382 1165 523 1202 fratres
528 1192 1624 1204 ...............................................

255 1225 594 1272 Quemadmodum
613 1238 656 1262 se
673 1238 812 1273 gerere
830 1227 974 1263 debeat
991 1226 1168 1274 superior
1183 1237 1271 1262 cum
1290 1226 1576 1262 consultoribus
1592 1253 1599 1261 .
1617 1253 1624 1261 .

254 1283 438 1322 Officium
454 1284 709 1322 admonitoris
715 1311 1623 1324 .......................................

256 1344 595 1391 Quemadmodum
615 1358 658 1382 se
674 1358 815 1393 gerere
833 1346 976 1383 debeat
993 1345 1169 1393 superior
1186 1357 1274 1381 curn
1298 1351 1543 1393 procuratore
1566 1344 1632 1380 do·

327 1415 414 1440 mus
432 1405 494 1441 vel
511 1405 670 1452 collegii
676 1431 1506 1443 ....................................
1524 1434 1527 1437 .
1546 1433 1553 1440 .
1569 1431 1577 1439 .
1593 1431 1600 1439 .
1616 1430 1625 1439 .

256 1462 401 1499 Addita
418 1463 467 1500 ad
484 1463 656 1500 officium
674 1466 934 1512 procuratoris
938 1490 1624 1504 .............................

258 1521 321 1558 Ad
338 1523 529 1559 rationem
547 1530 588 1560 et
601 1525 926 1561 consuetudinem
940 1536 1108 1561 annuam
1122 1524 1279 1571 collegii
1290 1524 1438 1560 romani
1452 1524 1632 1560 Patribus

330 1587 370 1618 et
386 1582 572 1620 fratribus
590 1584 910 1621 mortificationes
928 1584 1217 1633 proponendae,
1232 1583 1459 1631 praesertim
1475 1583 1542 1618 ubi
1556 1588 1634 1618 stu-

329 1641 393 1678 dia
410 1642 722 1680 intermittuntur
726 1669 1627 1681 .......................................

257 1700 471 1749 catalogus
489 1714 639 1750 eorum,
657 1715 758 1751 quae
776 1705 855 1750 legi
872 1703 922 1739 ad
943 1715 1118 1740 mensam
1142 1709 1321 1751 possunt,
1345 1702 1571 1750 praesertim
1595 1702 1634 1737 in

327 1762 505 1809 collegiis
510 1788 1627 1802 ................................................

258 1821 303 1857 In
319 1821 523 1870 colloquiis
541 1821 702 1859 fratrum
721 1823 1412 1870 agendum....................²
1426 1848 1626 1858 .........

260 1881 322 1917 De
338 1880 631 1928 coadjutoribus
649 1883 927 1929 temporalibus
945 1883 1150 1919 instructio
1155 1907 1625 1919 .....................

259 1939 397 1987 Casus,
413 1952 576 1989 quorum
596 1943 790 1979 absolutio
814 1948 1014 1979 reservata
1038 1948 1099 1978 est
1116 1941 1306 1990 superiori
1323 1940 1461 1977 domus
1479 1941 1541 1976 vel
1560 1941 1636 1976 col-

332 2000 442 2048 legii,
463 2007 504 2037 et
527 2003 578 2038 ab
602 2002 693 2048 alio,
718 2003 793 2039 nisi
818 2003 868 2039 de
892 2003 977 2050 ejus
1002 2008 1187 2050 expressa
1212 2001 1384 2046 licentia,
1403 2000 1554 2036 absolvi
1573 2011 1635 2034 ne-

328 2066 479 2107 queunt
482 2086 1630 2100 .................................................

262 2118 465 2156 Resolutio
483 2120 610 2157 Patris
627 2122 778 2158 Natalis
796 2122 899 2159 circa
916 2133 1030 2158 casus
1053 2126 1275 2158 reservatos
1299 2120 1401 2155 facta
1425 2118 1636 2165 Compluti‚

334 2179 380 2214 26
399 2180 514 2226 Febr.
537 2181 642 2227 1561,
660 2193 682 2217 a
700 2182 745 2218 P.
765 2182 902 2218 Lainio
925 2182 1138 2230 approbata
1146 2205 1629 2218 .....................

263 2237 551 2276 Annotationes
574 2239 613 2276 in
632 2252 746 2278 casus
764 2247 987 2278 reservatos
1000 2263 1629 2278 ...........................

262 2296 474 2334 Instructio
486 2302 560 2346 'pro
577 2299 828 2338 co'nfessariis
845 2307 1066 2337 nostrorum
1077 2322 1628 2338 ........................

264 2355 474 2393 Instructio
504 2358 676 2403 Panum,
707 2361 773 2408 qui
805 2360 968 2397 audiunt
1004 2359 1272 2396 confessiones
1307 2362 1539 2399 nostrorum,
1572 2354 1637 2389 ubi

334 2417 563 2463 praesertim
581 2418 790 2456 difficultas
810 2421 938 2467 aliqua
957 2418 1164 2456 obvenerit
1174 2439 1630 2453 ....................

263 2474 403 2522 Casus,
422 2487 584 2524 quorum
603 2479 798 2515 absolutio
817 2485 1017 2516 reservata
1035 2484 1098 2515 est
1115 2477 1303 2524 superiori
1322 2475 1458 2510 domus
1483 2474 1544 2508 vel
1563 2474 1638 2507 col-

332 2534 440 2582 legii,
473 2542 513 2573 et
531 2538 581 2573 ab
605 2538 698 2580 alio,
717 2539 791 2574 nisi
817 2538 866 2574 de
892 2538 977 2585 ejus
1002 2548 1189 2585 expressa
1214 2534 1383 2579 licentia,
1403 2532 1554 2568 absolvi
1574 2542 1639 2566 ne·

334 2601 499 2642 queunt,
518 2595 557 2632 in
576 2597 748 2633 secunda
767 2597 1074 2644 congregatione
1091 2594 1266 2643 generali
1283 2592 1498 2629 confirmati
1510 2616 1633 2629 ......

265 2653 403 2699 Casus,
436 2666 459 2690 a
488 2655 532 2692 P.
563 2656 762 2692 Everardo
794 2657 1037 2692 Mercuriano
1068 2655 1261 2701 recogniti
1292 2665 1341 2689 ex
1367 2650 1639 2687 commissione

333 2715 650 2761 congregationis
669 2725 742 2752 2.ae
761 2722 800 2751 et
818 2716 894 2751 3.ae
911 2716 1121 2762 generalis.
1143 2723 1184 2750 21
1202 2716 1287 2760 Jan.
1312 2721 1400 2757 1575
1411 2735 1633 2746 ..........

268 2772 362 2808 Post
378 2773 663 2810 confessionem
681 2776 907 2821 generalem
927 2775 1099 2822 proderit
1114 2775 1153 2810 in
1169 2772 1423 2820 sequentibus
1440 2769 1631 2805 meditari.

265 2832 479 2878 Instructio
497 2845 566 2879 pro
584 2833 648 2877 iis,
667 2835 734 2881 qui
751 2841 843 2870 sunt
860 2834 900 2870 in
919 2834 1042 2881 prima
1060 2833 1289 2881 probatione
1296 2854 1631 2867 ...............

267 2882 386 2926 Index
406 2891 770 2939 interrogationum,
790 2893 892 2929 unde
906 2894 1038 2939 juvari
1062 2898 1245 2939 poterunt
1269 2889 1389 2926 nostri
1413 2887 1638 2923 confessarii

341 2950 494 2998 quando
521 2951 685 2988 audiunt
708 2953 977 2988 consessiones
1001 2953 1207 2998 generales
1233 2951 1387 2985 Patrum
1408 2955 1446 2982 et
1466 2947 1637 2986 fratrum,

337 3009 481 3057 quibus
499 3012 599 3046 solet
618 3012 717 3047 ratio
735 3011 852 3047 etiam
872 3011 1084 3058 apertionis
1102 3009 1364 3047 conscientiae
1383 3006 1503 3053 accipi
1511 3030 1631 3042 ......

326 3110 440 3139 Emsr.
461 3110 497 3139 Ρ.
518 3110 654 3147 NADAL,
674 3119 748 3140 rou.
770 3111 832 3141 lv.
1561 3105 1600 3132 ⁶⁰

1651 235 1721 273 929

1655 447 1740 483 1²23.

1675 572 1744 617 364

1674 631 1745 677 378

1675 700 1741 736 401

1676 759 1745 796 424

1676 817 1744 854 425

1677 927 1745 973 432
1797 928 1801 933 ’

1678 986 1748 1032 433

1678 1045 1748 1092 434

1679 1164 1747 1211 435

1679 1234 1745 1270 441

1680 1294 1750 1330 444

1685 2066 1755 2103 454

1686 2186 1755 2222 455

1686 2245 1754 2280 457

1686 2296 1754 2339 462

1687 2413 1755 2457 464

1688 2710 1757 2753 469

1687 2777 1757 2813 470

1688 2836 1752 2871 471

1690 3013 1756 3047 472
