2098 3470
535 217 547 222 ”
595 233 872 270 ΜοΝωιΕΝτΑ
896 238 1155 269 pnovmcmss
1180 231 1496 278 Aus‘rmAE-49
1744 231 1810 268 301

202 315 409 393 gallice,
433 335 574 380 latine
596 333 901 378 mediocriter.
926 333 1095 379 Scribit
1117 333 1249 377 male.
1270 333 1461 390 Ingenio
1480 334 1764 394 etkmemoria
1780 349 1862 391 pa-

225 427 328 457 rurn
352 413 494 456 ualet.
516 413 751 456 Robustus
767 419 836 456 est
853 424 1044 468 corpore
1064 418 1110 454 et
1127 409 1325 466 diligens
1345 410 1391 453 in
1415 411 1509 453 suis
1531 412 1683 464 rebus,
1705 412 1741 455 si
1764 412 1864 456 ani-

227 503 352 532 mum
371 489 539 532 adiicit.

307 560 384 611 ¹18.
450 565 797 610 Bartholomeus
832 565 1127 609 Bastonensis
1150 565 1331 608 uidetur
1360 565 1508 621 magis
1545 566 1792 621 profecisse
1814 566 1860 608 in

220 643 565 687 humanioribus
602 657 736 698 quam
773 642 820 684 in
857 642 1061 698 phisicis,
1101 656 1187 686 nec
1227 641 1405 684 uidetur
1442 643 1612 685 habere
1648 657 1860 698 magnam

222 718 524 776 aptitudinem
546 720 604 762 ad
630 718 808 772 altiora,
837 719 960 774 quod
987 719 1153 763 habeat
1181 726 1390 761 naturam
1419 718 1667 761 remissam.
1703 721 1863 763 Potest

182 780 185 782 .
222 797 427 853 profiteri
449 795 777 841 humanitatem
795 803 841 840 et
862 795 1053 851 poesim.
1070 795 1294 850 Loquitur
1309 795 1448 838 latine
1465 804 1511 839 et
1532 796 1710 852 gallice.
1736 797 1860 840 Scri-

180 874 182 877 ’
221 873 287 916 bit
309 880 559 928 utcunque.
586 872 776 929 Ingenio
797 879 844 915 et
865 873 1084 915 memoria
1105 873 1227 916 ualet
1250 880 1499 927 utcunque.
1531 857 1766 916 Robustus
1789 881 1860 917 est

220 964 410 1007 corpore
432 963 496 1013 ac·
508 949 704 1006 diligens
725 949 772 992 in
789 949 884 992 suis
902 950 1053 992 rebus.

315 1039 384 1084 19.
449 1026 708 1083 Gregorius
729 1027 871 1070 Heldt
892 1025 1083 1082 profecit
1104 1026 1275 1081 aliquid
1302 1026 1349 1068 in
1373 1025 1579 1082 phisicis,
1605 1025 1651 1068 in
1677 1026 1860 1081 reliquis

220 1103 388 1147 minus.
418 1103 582 1159 Aptior
603 1110 673 1148 est
705 1104 762 1146 ad
783 1103 1033 1147 ministeria
1054 1118 1190 1159 quam
1219 1104 1276 1146 ad
1305 1103 1474 1146 studia.
1508 1105 1668 1148 Potest
1696 1117 1860 1159 regere

221 1180 412 1225 classem
436 1183 771 1237 grammatices.
795 1180 1018 1237 Loquitur
1039 1180 1176 1224 latine
1197 1190 1244 1223 et
1265 1179 1545 1236 germanice.
1570 1180 1739 1225 Scribit
1762 1196 1858 1225 me-

221 1257 451 1302 diocriter.
476 1257 666 1314 Ingenio
689 1272 741 1300 ac
769 1257 985 1301 memoria
1021 1272 1115 1300 non
1138 1258 1331 1300 multum
1354 1259 1490 1301 ualet.
1529 1258 1766 1300 Robustus
1788 1265 1857 1302 est

221 1347 408 1390 corpore
431 1348 484 1377 ac
507 1333 705 1390 diligens
726 1334 772 1378 in
795 1334 1022 1388 omnibus,
1047 1334 1085 1377 si
1108 1335 1223 1377 uult.

309 1422 381 1454 20.
448 1410 643 1455 Michael
666 1412 931 1455 Cardaneus
953 1427 1111 1468 parum
1142 1412 1383 1455 admodum
1415 1411 1611 1468 profecit
1640 1411 1687 1454 in
1710 1412 1857 1454 omni-

219 1489 308 1530 bus
330 1486 509 1539 studiis,
533 1494 579 1531 et
601 1488 659 1530 ad
681 1503 733 1532 ea
756 1503 915 1544 parurn
938 1496 1008 1533 est
1029 1496 1179 1545 aptus,
1205 1496 1301 1531 tum
1319 1489 1610 1544 acquirenda,
1637 1496 1733 1531 tum
1751 1504 1856 1545 pro-

217 1565 403 1608 fitenda.
430 1564 653 1619 Loquitur
673 1565 811 1608 latine
833 1573 879 1609 et
901 1565 1175 1622 germanice.
1203 1565 1372 1610 Scribit
1390 1565 1694 1610 mediocriter.
1719 1567 1856 1622 Inge-

218 1641 296 1685 nio
319 1649 366 1686 et
388 1642 604 1685 memoria
624 1656 716 1684 non
739 1643 931 1685 multum
955 1643 1094 1688 ualet.
1118 1643 1351 1686 Robustus
1374 1651 1444 1687 est
1465 1657 1671 1699 corpore,
1699 1643 1859 1686 tardus

222 1717 270 1762 in
291 1717 387 1762 suis
408 1719 546 1761 rebus
561 1733 618 1762 ex
634 1727 811 1762 natura.

308 1807 381 1839 21.
448 1788 679 1852 Georgius
700 1796 985 1840 Decimarius
1007 1796 1156 1840 minus
1180 1797 1372 1853 profecit
1394 1797 1438 1839 in
1462 1784 1689 1849 omnibus,
1718 1811 1852 1853 quam

223 1868 507 1928 sperabatur,
531 1873 635 1928 plus
658 1874 816 1917 tamen
831 1888 1103 1930 progressus
1126 1882 1195 1918 est
1210 1874 1256 1916 in
1274 1874 1476 1930 phisicis.
1503 1875 1579 1918 Ad
1598 1874 1856 1930 theologica

154 1984 156 1988 ,
223 1949 405 1994 uidetur
427 1958 577 2006 aptus,
603 1951 684 1993 sed
705 1965 797 1993 non
815 1959 884 1994 est
905 1951 1094 1994 stabilis:
1126 1959 1278 2007 potest
1305 1953 1460 2008 legere
1489 1951 1850 2008 grammaticam.

219 2031 444 2088 Loquitur
465 2033 603 2076 latine
620 2041 666 2076 et
687 2033 964 2090 germanice.
994 2034 1161 2078 Scribit
1191 2042 1440 2090 utcunque.
1474 2035 1663 2091 Ingenio
1691 2043 1736 2078 et
1758 2051 1854 2079 me-

219 2109 360 2152 moria
389 2110 511 2154 ualet
541 2109 846 2154 mediocriter.
877 2112 1111 2155 Robustus
1138 2120 1208 2155 est
1235 2117 1438 2168 corpore.
1471 2112 1682 2169 Diligens
1710 2121 1779 2156 est
1810 2113 1855 2154 in

218 2185 314 2230 suis
337 2187 490 2238 rebus,
515 2186 553 2230 si
575 2201 623 2230 se
645 2196 887 2243 componat
910 2189 967 2231 ad
990 2189 1188 2244 quietem
1210 2189 1362 2231 animi.

306 2274 379 2306 22.
445 2263 641 2307 Michael
679 2265 799 2316 Polt,
839 2259 1033 2308 multum
1064 2266 1255 2322 profecit
1282 2265 1328 2308 in
1352 2266 1551 2322 phisicis,
1578 2267 1635 2309 ad
1664 2281 1781 2322 quae
1810 2274 1855 2309 et

217 2339 377 2384 altiora
400 2339 581 2383 uidetur
601 2340 762 2396 aptior.
791 2342 964 2385 Poterit
985 2342 1228 2398 aliquando
1249 2344 1407 2387 eadem
1436 2343 1653 2399 profiteri.
1682 2342 1855 2397 Loqui-

217 2425 291 2467 tur
319 2416 458 2460 latine
487 2423 533 2459 et
562 2417 840 2473 germanice.
873 2420 998 2463 Bene
1026 2419 1198 2462 scribit.
1227 2420 1362 2464 Valet
1389 2420 1574 2476 ingenio
1603 2434 1655 2462 ac
1685 2434 1855 2463 memo-

217 2492 296 2536 ria.
322 2492 607 2537 Delicatulus
629 2503 700 2538 est
721 2509 927 2551 corpore.
953 2495 1162 2552 Diligens
1184 2505 1253 2541 est
1274 2497 1320 2539 in
1345 2497 1438 2539 suis
1462 2499 1598 2539 rebus
1617 2496 1652 2539 si
1676 2497 1789 2538 uult.

305 2580 377 2625 23.
443 2571 621 2627 Gaspar
644 2571 902 2625 Vinclerus,
927 2580 972 2615 et
1002 2573 1078 2616 hic
1105 2573 1215 2617 satis
1243 2574 1438 2629 profecit
1468 2573 1512 2615 in
1542 2573 1780 2616 rhetoricis
1809 2580 1854 2616 et

215 2646 419 2703 phisicis,
445 2648 502 2690 ad
523 2646 643 2703 quae
665 2656 710 2692 et
739 2649 896 2692 altiora
920 2658 1052 2706 aptus
1075 2659 1160 2703 est,
1186 2658 1232 2695 et
1253 2652 1411 2694 eadem
1441 2651 1604 2706 poterit
1634 2649 1850 2706 profiteri.

214 2724 438 2780 Loquitur
458 2724 614 2777 latine,
639 2737 685 2770 et
707 2726 982 2782 germanice.
1015 2728 1184 2772 Scribit
1212 2735 1476 2783 utcumque.
1511 2728 1644 2769 Valet
1667 2726 1854 2781 ingenio

216 2814 270 2843 ac
286 2801 518 2844 memoria.
539 2803 644 2845 Non
662 2811 729 2845 est
754 2803 885 2846 ualde
909 2805 1138 2856 robustus,
1159 2819 1297 2847 sanus
1316 2812 1482 2856 tamem
1503 2803 1698 2858 diligens
1716 2802 1851 2844 etiarn

217 2875 255 2919 si
277 2891 327 2920 se
349 2877 562 2934 applicat.

305 2965 376 3007 24.
443 2954 662 2998 Nicolaus
684 2957 839 3000 Vrtica
860 2958 1071 3012 *profecit
1111 2966 1357 3013 utcumque
1381 2958 1425 3000 in
1455 2957 1631 3012 logicis,
1658 2964 1702 2999 et
1726 2956 1853 2999 uide-

217 3035 292 3070 tur
312 3029 457 3085 aptior
478 3032 535 3073 ad
557 3032 728 3087 phisica
750 3040 795 3076 et
819 3035 1096 3090 theologica,
1122 3050 1257 3090 quam
1287 3036 1343 3078 ad
1374 3034 1614 3087 rhetorica,
1640 3041 1727 3075 etc.
1755 3032 1853 3075 Ali-
