2098 3470
332 279 401 332 282
810 296 965 333 PATRJS
989 297 1232 333 Hmnouvm
1259 297 1415 333 Naum.

375 399 552 441 Docere
575 413 666 442 non
689 398 855 455 poterit
883 400 936 442 P.
967 398 1186 452 Victoria,
1217 406 1401 455 propter
1429 398 1762 455 occupationes:
1790 402 1922 456 quod

282 473 319 517 si
342 476 429 519 hae
452 489 544 517 non
566 474 852 532 impedirent,
879 490 970 519 non
998 477 1228 532 praeleget
1258 483 1408 520 tamen
1437 475 1482 518 in
1511 477 1677 521 scholis
1706 478 1921 534 publicis,

279 551 360 594 sed
379 551 529 607 potius
546 552 667 595 domi
685 551 729 594 in
747 552 913 596 scholis
932 553 1145 596 fratribus
1162 553 1218 595 ad
1236 552 1435 596 iuuanda
1452 567 1607 596 eorum
1627 554 1790 598 studia.
1811 556 1919 600 Non

280 629 403 685 leget
433 635 601 681 tamen,
634 628 719 672 nisi
749 628 874 686 prius
904 631 1111 673 consulat
1139 630 1415 686 generalem,
1446 638 1491 673 et
1519 629 1582 673 illi
1609 631 1837 688 significet
1868 647 1925 676 se

278 705 450 761 absque
473 692 748 750 detrimento
771 704 958 750 aliarum
982 706 1332 762 occupationum
1355 721 1488 763 posse
1510 707 1677 763 legere.

367 783 460 826 Sed
478 789 645 836 tamen,
666 783 703 826 si
721 782 889 839 aliquid
906 791 1024 827 esset
1042 782 1125 839 ipsi
1143 783 1238 837 otii,
1259 784 1380 839 quod
1397 783 1656 829 ministeriis
1673 785 1924 830 Societatis

277 858 486 903 addicere
507 859 666 916 possit,
690 859 900 903 iuuandis
922 859 1093 904 scilicet
1117 859 1347 914 fratribus,
1374 867 1467 903 tum
1487 860 1621 904 etiam
1640 861 1838 907 externis
1856 863 1922 906 ad

277 934 509 991 pietatem,
536 951 628 979 non
652 943 721 980 est
742 937 864 991 quod
886 936 1012 980 illum
1036 937 1320 982 admoneam.

366 1013 498 1068 Quae
535 1013 593 1058 de
629 1014 716 1057 hac
752 1013 1051 1056 instructione
1088 1013 1208 1056 dicta
1245 1021 1366 1066 sunt,
1408 1013 1466 1057 ita
1506 1022 1614 1057 sunt
1651 1014 1918 1072 accipienda»

277 1090 330 1132 P.
356 1089 606 1143 Victoriae,
631 1089 826 1146 primurn
849 1097 898 1132 ut
920 1090 965 1132 in
988 1089 1076 1133 illis
1096 1105 1191 1133 non
1213 1091 1408 1147 pendeat
1435 1106 1490 1135 ex
1519 1091 1677 1134 iuditio
1709 1091 1912 1144 alterius,

274 1180 409 1221 quam
442 1166 668 1223 generalis
696 1161 954 1223 praepOsiti,
985 1167 1062 1211 uel
1089 1181 1205 1220 meo,
1237 1168 1382 1212 donec
1403 1182 1504 1211 sum
1526 1167 1570 1210 in
1594 1167 1842 1212 Germania
1867 1167 1920 1212 et*

274 1257 363 1286 non
387 1243 576 1300 perueni
599 1243 881 1297 Tridentum3
910 1251 1059 1287 tamen
1082 1243 1127 1286 in
1151 1245 1286 1287 rebus
1307 1244 1514 1300 agendis,
1539 1245 1597 1289 de
1625 1244 1792 1300 quibus
1823 1259 1922 1301 ego

273 1319 577 1376 particulatim
599 1320 769 1377 aliquid
792 1320 1072 1377 praescripsi,
1098 1321 1135 1363 si
1158 1321 1267 1376 quid
1288 1320 1350 1363 illi
1375 1321 1637 1374 occurrerit,
1669 1329 1918 1378 antequam

273 1411 362 1453 ego
384 1396 633 1450 discedam,
659 1397 819 1442 melius
835 1397 881 1440 id
902 1397 1013 1439 mihi
1035 1397 1278 1454 significet.
1303 1399 1404 1441 Hoc
1427 1398 1562 1443 etiarn
1583 1399 1767 1454 quando
1787 1399 1912 1443 fece-

274 1473 345 1527 rit,
373 1473 410 1516 si
433 1473 542 1529 quid
563 1473 715 1528 etiam,
742 1489 811 1518 me
834 1476 1036 1527 absente,
1061 1474 1124 1517 illi
1147 1475 1356 1519 uideatur
1376 1475 1553 1528 melius,
1573 1475 1784 1518 consulto
1802 1490 1915 1531 pro—

274 1550 472 1603 uinciali,
511 1551 550 1595 si
587 1551 720 1603 adsit,
762 1552 835 1596 uel
872 1559 1045 1596 rectore
1082 1551 1279 1608 collegii,
1320 1551 1398 1595 ubi
1432 1551 1587 1604 fuerit,
1628 1559 1674 1596 et
1705 1567 1778 1596 res
1814 1566 1913 1595 non

270 1627 501 1684 patientur
530 1643 720 1682 moram,
752 1635 801 1671 vt
828 1629 1064 1672 consulere
1091 1643 1163 1672 me
1194 1629 1268 1672 uel
1300 1621 1559 1685 generalem
1589 1628 1715 1686 prius
1747 1628 1909 1685 possit,

270 1718 374 1748 cum
398 1705 546 1762 gratia
562 1705 649 1749 Dei
666 1713 933 1761 exequetur,
954 1706 1075 1761 quod
1092 1704 1356 1750 sibimelius
1373 1705 1617 1749 uidebitur.
1640 1705 1689 1750 Si
1709 1720 1817 1749 uero
1835 1719 1916 1748 res

270 1796 443 1826 moram
465 1782 678 1838 patiatur,
704 1783 912 1825 consulat
934 1783 1059 1838 prius
1081 1797 1151 1825 me
1175 1783 1246 1826 uel
1270 1783 1546 1839 generalem.

357 1860 604 1915 Impensas,
630 1873 742 1915 quas
765 1859 898 1903 faciet
923 1861 977 1904 Ρ.
1002 1859 1219 1911 Victoria,
1245 1859 1346 1914 quis
1367 1859 1425 1902 sit
1445 1859 1694 1912 soluturus,
1720 1859 1805 1902 erit
1832 1858 1904 1902 iu-

268 1935 429 1978 ditium
452 1935 758 1992 prouincialis,
785 1936 861 1991 qui
884 1935 946 1978 illi
969 1935 1225 1992 prouidebit
1246 1937 1302 1979 de
1331 1935 1597 1979 necessariis
1623 1943 1668 1979 et
1700 1935 1907 1990 vtilibus,

267 2014 391 2068 quod
415 2013 579 2069 poterit
602 2013 766 2066 facere,
786 2013 823 2055 si
843 2012 903 2055 illi
923 2013 1120 2068 aliquam
1138 2027 1361 2055 summam
1379 2013 1457 2056 det
1472 2012 1548 2055 vbi
1566 2012 1830 2069 indiguerit,
1852 2028 1914 2057 ex⁴

268 2104 358 2145 qua
386 2090 460 2133 ille
486 2090 714 2146 impensas
744 2105 849 2133 suas
878 2089 1012 2132 faciet
1043 2098 1089 2133 et
1119 2089 1246 2142 socii,
1282 2096 1472 2146 excepto
1511 2089 1613 2132 cibo
1650 2088 1904 2144 vtriusque‚

268 2181 372 2210 nam
395 2166 521 2210 illum
550 2166 775 2222 accipient
803 2182 858 2210 ex
887 2160 1083 2222 collegio
1115 2165 1191 2209 ubi
1221 2173 1369 2210 erunt.
1402 2165 1558 2209 Faciat
1586 2165 1672 2209 iter
1704 2165 1749 2208 in
1771 2178 1916 2208 curru>

269 2244 342 2287 uel
363 2243 410 2286 in
433 2257 569 2298 equo,
598 2250 647 2285 ut
669 2242 754 2299 ipsi
776 2242 1019 2286 videbitur.

358 2321 527 2363 Totum
551 2320 786 2376 negotium
812 2320 1058 2364 Cassouiae
1080 2320 1165 2364 erit
1187 2321 1239 2363 P.
1266 2320 1512 2364 Victoriae.

357 2390 405 2441 'Si
429 2396 580 2452 aliqua
602 2396 648 2439 in
670 2410 720 2440 re
742 2383 972 2462 uidebitur
989 2411 1126 2453 egere
1148 2396 1433 2453 prouintialis
1455 2398 1529 2440 uel
1551 2403 1749 2440 rectores
1771 2409 1912 2451 opera

266 2472 319 2517 P.
347 2473 594 2526 Victoriae,
620 2474 902 2517 confidenter
923 2475 979 2516 ab
1002 2474 1078 2516 illo
1101 2481 1258 2530 petant
1280 2473 1496 2516 auxilium
1521 2488 1574 2517 ea
1596 2473 1641 2516 in
1663 2488 1730 2525 re,
1756 2479 1801 2517 et
1833 2472 1911 2516 ille

268 2550 418 2603 faciet,
451 2551 574 2606 quod
603 2550 688 2594 sibi
710 2549 939 2594 uidebitur
962 2551 1234 2604 faciendum3
1271 2557 1416 2593 toturn
1447 2550 1567 2594 enim
1600 2549 1686 2593 erit
1722 2549 1769 2591 in
1805 2548 1915 2591 eius.

268 2627 474 2680 arbitrio,
501 2643 559 2670 an
581 2627 640 2670 sit
662 2629 883 2679 facturus,
910 2635 954 2672 et
977 2627 1195 2671 continuo
1217 2627 1275 2670 sit
1303 2629 1522 2680 facturus,
1554 2627 1675 2682 quod
1697 2641 1802 2669 eum
1831 2639 1904 2668 ro-

267 2706 462 2760 gabunt:
489 2703 536 2746 in
559 2704 629 2746 his
651 2705 788 2747 rebus
811 2704 894 2746 erit
917 2705 953 2747 si
978 2706 1161 2759 quando
1184 2711 1386 2748 rectores
1409 2704 1594 2748 uideant
1615 2717 1748 2759 posse
1768 2703 1910 2759 prod--

268 2795 368 2825 esse
409 2783 461 2823 P.
507 2780 754 2824 Victoriam
797 2780 843 2823 in
882 2781 1119 2825 audiendis
1155 2780 1520 2824 confessionibus
1556 2778 1912 2824 domesticorum

267 2858 583 2912 quorumdam,
610 2858 682 2901 vel
705 2857 865 2900 dandis
886 2857 1131 2910 exercitiis,
1157 2866 1245 2902 etc,

355 2934 564 2990 Accipiet
593 2934 811 2978 rationem
843 2935 1012 2990 recepti
1044 2942 1089 2978 et
1121 2933 1307 2989 expensi
1344 2949 1370 2976 a
1406 2932 1674 2990 prouinciali
1711 2931 1912 2988 singulis

265 3010 410 3054 annis:
453 3011 529 3065 qui
559 3010 694 3054 etiam
723 3010 788 3052 illi
819 3011 1050 3053 exhibebit
1079 3018 1305 3053 rectorum
1335 3010 1554 3062 rationes,
1581 3024 1694 3065 quas
1720 3008 1816 3064 ipse
1846 3009 1912 3050 ab

265 3087 352 3129 illis
375 3087 614 3143 acceperit.
630 3090 690 3136 P.
713 3086 915 3131 Victoria
938 3087 1064 3130 dabit
1087 3087 1307 3130 rationem
1331 3087 1438 3130 item
1461 3085 1631 3143 recepti
1649 3092 1695 3130 et
1717 3084 1910 3141 expensi
