2098 3470
318 250 388 296 374
789 250 942 287 PA‘rms
968 251 1211 287 Hmnomm
1236 250 1387 287 NADAL

271 352 409 404 ditur,
441 351 789 408 gubernationis
820 352 1039 396 rationem
1079 351 1207 408 sequi
1237 351 1420 408 poterit,
1461 359 1638 408 praeter
1660 352 1751 407 illa,
1785 368 1905 410 quae

272 428 558 486 peculiariter
579 444 603 472 a
627 429 882 485 praeposito
905 429 1107 485 generali
1130 428 1214 485 ipsi
1243 428 1598 473 committentur.

363 505 577 549 Officium
608 504 920 558 commissarii,
959 506 1080 561 quod
1103 506 1159 549 ad
1191 504 1568 561 gubernationem
1607 505 1768 549 attinet
1795 518 1901 563 pro-

275 582 541 634 uinciarum,
568 581 764 637 positum
786 582 870 626 erit
892 582 938 624 in
975 581 1222 625 directione
1251 588 1387 636 atque
1425 582 1686 627 actuatione
1714 582 1902 638 prouin-

272 658 451 702 cialium
476 659 521 700 in
543 659 637 701 suis
654 658 827 711 officiis,
863 666 907 703 et
925 673 1005 714 per
1028 658 1128 700 illos
1145 667 1192 700 vt
1209 658 1454 714 praepositi
1471 659 1655 711 locales,
1683 666 1903 713 rectores,

274 735 493 792 praefecti
512 734 842 791 probationum,
864 742 908 780 et
927 734 1015 787 alii,
1038 734 1114 790 qui
1132 741 1301 790 gerunt
1318 734 1480 791 officia,
1500 734 1547 777 in
1565 735 1658 778 suis
1676 734 1782 779 item
1801 736 1902 778 offi-

274 812 355 856 ciis
377 818 632 855 actuentur.
674 813 955 856 Extendetur
991 811 1127 854 etiam
1160 810 1258 855 eius
1288 825 1397 854 cura
1425 814 1471 855 in
1503 826 1661 855 omnes
1683 826 1906 867 personas

274 888 610 946 prouinciarum
632 903 832 941 suarum,
858 888 1121 945 praesertim
1144 887 1180 931 si
1203 889 1259 931 ab
1283 903 1372 931 vna
1394 887 1439 931 in
1468 888 1598 931 aliam
1621 888 1903 945 prouinciam

274 965 646 1018 sintmittendae,
670 972 716 1008 et
738 967 795 1008 ad
818 980 975 1009 omnes
997 966 1172 1018 domos,
1197 964 1388 1021 collegia
1412 971 1457 1009 et
1480 964 1728 1008 ministeria
1745 964 1902 1010 Socie-

275 1042 395 1095 tatis,
418 1043 552 1085 modo
570 1042 825 1086 immediate
842 1043 958 1085 sinat
975 1042 1049 1085 illa
1067 1042 1218 1085 omnia
1235 1057 1314 1098 per
1332 1057 1439 1085 suos
1457 1041 1712 1098 superiores
1730 1043 1901 1098 guber—

274 1119 392 1172 nari,
417 1126 460 1163 et
483 1118 656 1175 possint
679 1134 835 1164 omnes
857 1120 913 1162 ad
931 1134 1032 1163 eum
1057 1120 1241 1172 referre,
1268 1133 1383 1175 quae
1406 1118 1562 1173 velint,
1596 1126 1822 1174 tamquam
1845 1119 1901 1162 ad

275 1195 551 1253 superiorem
589 1195 832 1239 mediatum
856 1204 900 1240 et
929 1210 1191 1251 supremum
1219 1195 1331 1239 citra
1359 1197 1635 1252 generalem.
1667 1195 1906 1252 Spectabit

274 1287 384 1317 vero
399 1272 748 1326 commissarius,
773 1280 821 1315 vt
843 1272 1144 1329 prouinciales
1172 1287 1329 1317 omnes
1351 1280 1396 1316 et
1412 1271 1677 1329 prouinciae
1701 1272 1820 1317 inter
1851 1285 1902 1315 se

275 1348 503 1400 vniantur,
529 1356 574 1393 et
594 1362 698 1391 cum
736 1349 937 1406 generali
974 1348 1244 1405 praeposito,
1281 1356 1326 1393 et
1354 1348 1581 1393 Societate
1609 1348 1665 1391 ad
1689 1347 1902 1393 maiorem

274 1426 465 1483 gloriam
487 1425 590 1479 Dei,
615 1425 810 1482 plurium
833 1425 1083 1469 animarum
1115 1426 1175 1470 24
1197 1427 1389 1469 salutem
1418 1433 1464 1470 et
1492 1425 1832 1482 perfectionem,
1856 1431 1902 1469 et

274 1502 516 1548 Societatis
541 1509 861 1559 augmentum.
1046 1498 1049 1501 ”

362 1580 459 1624 Sub
482 1580 579 1624 eius
601 1579 850 1624 directione
872 1579 1175 1636 prouinciales
1197 1579 1290 1623 suis
1313 1579 1471 1623 officiis
1501 1581 1752 1636 fungentur
1769 1580 1906 1636 pleno

272 1657 386 1710 iure3
417 1656 570 1713 itaque
597 1671 686 1700 non
710 1656 796 1701 erit
825 1658 946 1712 quod
984 1656 1321 1700 commissarius
1344 1664 1474 1713 gerat
1496 1656 1694 1699 officium
1716 1656 1902 1713 prouin-

273 1733 397 1777 cialis
414 1733 460 1777 in
483 1733 632 1790 aliqua
654 1732 904 1790 prouincia,
929 1734 1008 1777 sed
1031 1748 1164 1777 suum
1186 1733 1232 1776 in
1255 1733 1571 1790 prouinciales.

360 1810 591 1868 Intelligat
613 1826 660 1854 se
682 1810 729 1853 in
762 1811 1023 1867 prouinciis,
1066 1818 1243 1867 praeter
1273 1810 1383 1854 alias
1400 1825 1560 1854 causas
1585 1810 1898 1867 particulares,

272 1894 511 1945 propterea
534 1887 705 1931 versari
727 1888 850 1944 quod
887 1889 1029 1930 multa
1060 1889 1234 1931 soleant
1261 1902 1377 1940 esse,
1409 1902 1525 1943 quae
1555 1894 1645 1930 tam
1670 1887 1801 1931 facile
1823 1902 1906 1943 per

272 1966 506 2009 absentem
530 1965 788 2022 generalem
817 1964 1063 2021 gubernari
1094 1979 1184 2008 non
1211 1972 1422 2022 possunt,
1453 1965 1527 2009 vel
1555 1965 1613 2008 de
1641 1963 1807 2021 quibus
1830 1978 1902 2007 re-

271 2057 487 2098 sponsum
511 2058 537 2086 a
568 2041 780 2099 generale
802 2042 1058 2098 praeposito
1094 2043 1267 2098 absque
1303 2042 1476 2085 iactura
1499 2041 1648 2097 aliqua
1675 2040 1903 2097 expectari

270 2133 359 2162 non
386 2126 552 2175 potest.

359 2196 504 2252 Igitur
527 2197 750 2253 generalis
783 2197 1026 2254 praepositi
1051 2197 1196 2242 vicem
1229 2203 1275 2240 et
1296 2196 1394 2240 eius
1416 2209 1655 2252 personam
1688 2195 1750 2237 ita
1773 2201 1903 2251 geret

271 2272 317 2315 in
338 2273 604 2329 prouinciis,
630 2281 679 2316 vt
706 2273 753 2318 in
776 2273 847 2328 iis,
874 2289 990 2329 quae
1014 2275 1167 2317 nullus
1195 2272 1485 2330 prouincialis
1508 2271 1686 2329 poterit,
1712 2279 1758 2315 et
1787 2285 1906 2327 quae

270 2349 548 2394 videbuntur
569 2352 625 2393 ab
648 2351 748 2408 ipso
787 2352 959 2406 absque
991 2350 1218 2406 generalis
1246 2349 1489 2406 praepositi
1527 2363 1743 2404 responso
1772 2362 1903 2404 prae·

269 2426 406 2469 scribi
429 2441 563 2483 posse
584 2434 630 2471 et
651 2414 832 2484 deb-ere,
858 2442 910 2470 ea
933 2427 1227 2483 praescribat.
1253 2428 1324 2471 De
1347 2426 1446 2469 aliis
1476 2432 1684 2481 expectet
1711 2438 1920 2489 genera--

270 2502 325 2546 lis
348 2504 592 2560 praepositi
614 2503 830 2548 iudicium
854 2511 900 2548 et
922 2506 1220 2547 voluntatem.
1246 2505 1317 2548 De
1339 2505 1475 2546 rebus
1499 2509 1649 2545 tamen
1671 2501 1902 2553 omnibus,

271 2587 317 2623 et
341 2587 435 2623 tota
456 2581 629 2625 ratione
652 2582 708 2626 25
731 2580 1076 2638 gubernationis
1098 2582 1262 2625 referet
1284 2581 1341 2624 ad
1359 2582 1540 2623 Patrem
1565 2579 1840 2635 generalem.

363 2658 501 2712 Quod
518 2659 575 2700 ad
596 2657 881 2714 particularia
917 2658 1094 2710 attinet,
1120 2664 1298 2714 praeter
1333 2655 1679 2700 instructionem
1702 2654 1906 2711 particu-

273 2735 431 2787 larem,
458 2749 592 2790 quam
615 2734 838 2791 acceperit
861 2749 886 2776 a
909 2734 1164 2791 praeposito
1186 2733 1406 2790 generali,
1426 2732 1511 2776 erit
1532 2731 1630 2775 eius
1653 2746 1762 2774 cura
1783 2730 1905 2773 inui-

275 2810 436 2867 gilare,
457 2819 507 2854 vt
524 2827 578 2856 ea
599 2810 855 2856 executioni
873 2813 1159 2864 mandentur,
1181 2824 1298 2867 quae
1314 2825 1370 2854 ex
1387 2825 1470 2853 sua
1482 2810 1555 2853 vel
1570 2808 1772 2865 proxima
1788 2808 1899 2850 alte-

275 2887 370 2930 rius
389 2887 647 2932 visitatione
670 2894 804 2932 erunt
820 2887 1077 2931 executioni
1093 2888 1349 2931 mandanda
1370 2887 1416 2930 in
1438 2886 1650 2935 domibus
1670 2885 1744 2929 vel
1761 2884 1903 2928 colle-

275 2964 383 3020 giis3
424 2972 576 3009 Vtatur
612 2979 721 3009 vero
759 2965 816 3007 ad
853 2964 1232 3020 gubernationem
1270 2971 1316 3007 et
1353 2961 1818 3019 superintendentiam
1856 2960 1906 3004 in

273 3055 432 3085 omnes
455 3042 715 3098 prouincias
737 3055 790 3085 ea
811 3055 961 3085 rerum
979 3040 1295 3098 intelligentia,
1327 3055 1462 3095 quam
1490 3038 1725 3096 collegerit
1756 3053 1812 3082 ex
1832 3037 1907 3080 vi-
