2098 3470
799 223 1230 263 INSTRUCTIONEs——61
1721 224 1793 270 609
1807 215 1809 217 ’

199 343 259 373 ne
280 328 339 372 sit
359 328 561 373 tenacior
582 341 693 385 erga
715 341 953 385 pauperes:
979 326 1216 382 indulgeat
1233 325 1386 382 potius
1407 333 1456 368 vt
1474 326 1727 370 maiuscula
1746 329 1838 371 fru-

198 406 320 450 stula
341 404 471 467 panis
492 412 538 448 et
559 405 764 448 carnium
787 404 861 447 vel
882 402 1090 460 piscium,
1117 403 1311 446 frustula
1334 402 1469 447 etiam
1492 403 1612 446 casei
1634 411 1679 447 et
1700 405 1837 460 pauci

199 475 377 529 fructus
398 482 567 526 residui
595 489 863 538 separentur
894 495 976 538 pro
1011 479 1306 536 pauperibus,
1337 489 1467 524 curet
1496 480 1631 524 etiam
1661 489 1709 524 vt
1741 497 1832 525 non

200 555 346 604 solum
365 559 502 613 offae,
517 559 638 616 quod
656 558 873 602 fratribus
889 566 909 584 ⁸
923 556 1192 609 remanebit,
1204 556 1482 613 pauperibus
1500 559 1649 612 detur,
1664 560 1743 603 sed
1761 575 1834 601 or-

133 694 139 700 *
199 636 327 681 dinet
348 643 399 679 vt
414 637 518 693 plus
540 636 660 681 offae
681 643 866 692 paretur
886 649 1022 691 quam
1043 649 1127 691 pro
1150 634 1385 688 fratribus,
1410 643 1456 679 et
1477 628 1629 678 omnia
1650 635 1834 692 dispen-

199 719 359 760 sentur
379 713 674 770 pauperibus,
699 712 818 758 inter
845 727 962 768 quos
989 711 1187 768 eligatur
1214 725 1394 768 semper
1422 711 1585 767 aliquis
1615 727 1834 756 verecun-

198 791 303 842 dus,
329 789 408 846 qui
430 805 520 833 non
546 797 755 834 teneatur
775 789 932 834 venire
954 790 1012 833 ad
1033 788 1231 841 ianuam.

881 928 884 930 ’
905 924 970 954 DE
992 922 1134 954 VOTIS

287 1023 339 1066 In
364 1022 661 1067 renouatione
698 1030 908 1081 votorum
940 1021 1156 1066 videntur
1183 1036 1284 1065 esse
1315 1022 1616 1066 describenda
1647 1032 1752 1066 vota
1780 1026 1836 1066 ab

200 1113 478 1156 vnoquoque
504 1107 551 1143 et
578 1099 909 1145 subscribenda
937 1098 1122 1143 nomina
1149 1107 1287 1156 atque
1323 1099 1600 1156 cognomina
1637 1101 1833 1157 propria,

199 1176 377 1222 adiecto
396 1177 515 1230 loco,
540 1176 614 1221 die
636 1185 683 1221 et
704 1191 825 1221 anno
846 1175 1221 1220 confirmationis.
1250 1179 1494 1221 Praeterea
1515 1177 1574 1220 sit
1596 1177 1711 1236 liber
1734 1178 1835 1234 qui-

199 1254 320 1307 dam,
340 1253 470 1310 quasi
492 1261 700 1297 votorum
720 1255 996 1310 archetypus
1011 1253 1046 1306 b,
1070 1253 1146 1296 vbi
1163 1253 1442 1310 descriptum
1461 1253 1520 1298 sit
1537 1262 1711 1307 votum,
1731 1269 1835 1298 cum

199 1330 395 1387 primum
412 1330 583 1375 editum
603 1347 629 1374 a
645 1330 810 1386 quouis
827 1330 980 1383 fuerit,
1000 1345 1139 1375 manu
1155 1331 1338 1387 propria
1354 1331 1490 1376 etiarn
1508 1331 1834 1388 subscriptum,

199 1407 275 1451 cui
297 1410 382 1454 646
403 1414 512 1450 voto
533 1408 824 1451 subscribent
845 1406 1093 1453 identidem
1115 1422 1199 1451 sua
1221 1407 1407 1452 nomina
1429 1417 1475 1452 et
1492 1409 1768 1465 cognomina
1792 1409 1836 1452 in

199 1484 500 1532 renouatione
521 1498 627 1527 cum
650 1484 724 1529 die
746 1492 792 1528 et
814 1499 952 1537 anno,
977 1492 1024 1530 et
1046 1486 1342 1530 testabuntur
1363 1501 1412 1529 se
1440 1493 1549 1529 vota
1572 1501 1835 1538 renouasse,

199 1561 458 1606 subscribet
484 1561 593 1606 item
623 1576 757 1605 suum
790 1576 970 1616 nomen,
999 1561 1078 1618 qui
1105 1562 1266 1607 fecerit
1295 1549 1499 1616 sacrum,
1532 1563 1578 1606 in
1618 1578 1709 1619 quo
1746 1563 1838 1607 sint

198 1645 305 1682 vota
327 1639 609 1692 confirmata,
635 1647 680 1684 et
702 1640 828 1683 hunc
849 1639 1015 1683 librum
1038 1639 1225 1684 habebit
1247 1648 1413 1684 rector.

286 1716 618 1762 Describantur
639 1731 749 1760 vero
772 1732 798 1760 a
819 1716 1015 1774 singulis
1037 1724 1127 1761 tam
1151 1732 1286 1774 saepe
1308 1719 1366 1762 ad
1388 1718 1604 1763 maiorem
1627 1719 1835 1763 deuotio·

202 1806 306 1837 nem
327 1799 374 1838 et
401 1793 589 1850 spiritus
617 1794 962 1847 recreationem,
993 1794 1175 1838 maioris
1202 1795 1311 1840 item
1340 1795 1676 1841 obseruationis
1704 1784 1840 1840 causa

198 1876 246 1913 et
266 1870 642 1923 confirmationis,
668 1872 811 1927 fitque
834 1871 968 1916 simul
990 1872 1264 1929 subscriptio
1293 1872 1340 1916 in
1370 1873 1502 1925 libro,
1528 1873 1743 1916 firmioris
1771 1889 1837 1917 re·

201 1946 479 1992 cordationis
499 1961 655 2003 causa,
679 1948 1048 2004 quandoquidem
1072 1950 1204 1995 facile
1225 1959 1418 2007 possunt
1440 1966 1607 2008 paruae
1625 1966 1677 1995 ac
1694 1951 1839 1995 disso-

200 2023 325 2068 lutae
346 2025 549 2077 chartae,
573 2025 651 2068 vbi
673 2033 828 2069 essent
850 2025 947 2082 ipsa
969 2033 1091 2080 vota,
1117 2026 1279 2083 perire.

288 2100 526 2145 Absolutis
543 2101 699 2158 primis
715 2103 899 2146 duobus
916 2103 1065 2157 anniS,
1084 2117 1243 2148 omnes
1259 2105 1470 2149 emittent
1489 2114 1592 2150 vota
1610 2095 1693 2150 sua
1711 2106 1839 2151 iuxta

201 2177 568 2231 constitutiones,
594 2186 639 2223 et
660 2179 698 2223 si
729 2181 845 2224 forte
873 2180 1246 2227 dubitaretur'de
1274 2182 1467 2226 alicuius
1495 2185 1722 2240 profectu,
1748 2198 1838 2227 non

202 2253 306 2300 ideo
326 2255 464 2300 debet
490 2254 565 2298 ille
594 2260 679 2303 647
711 2256 1013 2301 intermittere
1050 2266 1173 2311 vota,
1199 2259 1305 2317 quia
1333 2269 1540 2304 remanet
1568 2275 1748 2317 semper
1785 2261 1838 2302 li—

203 2332 356 2376 bertas
377 2331 502 2375 illum
526 2332 782 2377 dimittendi
806 2341 852 2377 et
874 2349 900 2377 a
922 2334 1042 2379 votis
1070 2336 1357 2391 absoluendi,
1383 2337 1420 2380 si
1452 2353 1543 2380 non
1573 2337 1841 2381 satisfecerit

203 2407 434 2453 vocationi
455 2423 582 2453 suae.

294 2484 405 2544 Qui,
441 2485 655 2530 astrictus
683 2495 807 2540 voto,
839 2489 1056 2546 recipitur
1082 2490 1129 2533 in
1155 2491 1451 2544 Societatem,
1489 2492 1525 2534 si
1560 2500 1713 2535 votum
1753 2506 1840 2533 non

206 2561 266 2606 sit
288 2559 523 2619 religionis
550 2564 894 2618 determinatae,
919 2566 1034 2609 dixit
1062 2569 1363 2625 congregatio
1382 2557 1618 2626 'generalis
1652 2572 1658 2589 ¹
1699 2569 1739 2611 ei
1770 2583 1844 2610 su-

205 2652 373 2696 spensa
394 2654 495 2684 esse
522 2648 648 2695 vota,
674 2642 821 2686 donec
842 2642 901 2686 sit
923 2643 968 2686 in
987 2644 1233 2699 Societate,
1257 2646 1435 2689 etiamsi
1466 2660 1554 2688 non
1582 2645 1716 2688 faciat
1738 2660 1841 2701 pro-

208 2715 470 2760 sessionem.
497 2718 632 2762 Ratio
656 2733 764 2763 vero
786 2727 871 2763 est:
898 2736 1001 2764 nam
1025 2724 1207 2778 quando
1236 2732 1305 2768 est
1334 2726 1534 2769 nouitius
1558 2726 1729 2779 absque
1763 2737 1820 2765 vo

206 2790 284 2846 tis,
323 2793 618 2849 suspenditur
654 2794 835 2840 illorum
874 2805 1085 2842 votorum
1124 2801 1351 2853 executio,
1385 2811 1429 2846 et
1466 2809 1771 2844 commutatur
1800 2800 1844 2842 in

276 2938 295 2956 ²
335 2928 525 2976 fratibus
538 2941 611 2967 ms.
631 2931 694 2967 hic
713 2937 754 2968 et
772 2932 886 2970 infra.
937 2955 968 2960 —
987 2937 1005 2963 b
1030 2936 1261 2983 architypus
1281 2950 1351 2973 ms.

276 3034 285 3054 ¹
338 3033 604 3082 Congregatio
622 3037 758 3086 prima,
778 3038 883 3078 decr.
911 3040 987 3077 132.
1008 3041 1070 3078 Cf.
1087 3044 1219 3080 Instit.
1240 3044 1426 3091 Soc.sesu
1443 3044 1551 3081 (edit.
1575 3045 1673 3091 cit.),
1693 3046 1739 3091 11,
1763 3046 1833 3090 185.

380 3097 496 3128 Erisr.
520 3102 561 3129 Ρ.
585 3101 721 3138 Numi„
741 3110 822 3133 rou.
845 3105 910 3134 IV.
1626 3111 1661 3138 Δυ
