2098 3470
0 990 20 1166 A'NU-ssv'
0 919 15 976 ’,ἺΓΓ
0 881 4 887 ⁷
0 820 5 826 ⁷
0 795 2 803 “
0 739 7 758 ''
0 691 6 698 '

804 253 1237 292 IusrnucrioNsss—oi
1719 253 1787 290 381

202 358 354 416 gulas,
379 358 437 401 ad
457 357 719 415 generalem
741 357 854 400 dent
873 370 927 400 ea
947 356 1005 401 de
1026 369 1076 399 re
1096 355 1267 409 literas,
1291 354 1330 398 si
1354 370 1427 399 res
1459 356 1648 411 grauior
1678 356 1834 400 videa-

199 442 290 479 tur:
316 434 381 478 sic
404 434 569 478 certior
588 447 642 477 ac
662 433 868 479 securior
882 432 1125 476 habebitur
1141 431 1206 476 rei
1223 439 1551 476 controuersae
1571 433 1836 490 intelligen-

155 559 161 562 ,
201 511 280 564 tia,
305 526 425 568 quae
447 512 630 556 tandem
646 525 673 553 a
689 510 893 567 generali
908 509 1168 566 praeposito
1185 508 1447 566 accipienda
1464 517 1535 552 est
1552 512 1637 552 sub
1655 525 1839 555 summo

197 587 434 646 pontifice.·
449 589 626 632 Interea
647 587 879 632 silentium
900 598 948 631 et
974 594 1201 631 secretum
1231 585 1460 629 indicatur
1489 601 1544 631 ea
1571 587 1628 631 de
1651 602 1700 630 re
1729 602 1835 644 gra-

197 665 397 709 uissimis
417 665 568 709 verbis
589 672 636 708 et
673 679 835 709 seuera
871 663 1131 720 disciplina,
1163 671 1209 706 et
1247 663 1551 720 praecipiatur
1571 673 1621 706 vt
1643 679 1837 720 suspen-

139 742 154 795 ]
174 744 176 746 ’
197 743 311 786 dant
338 741 555 799 iudicium
592 742 741 799 plane,
780 741 859 797 qui
880 741 927 784 in
964 742 1054 784 hoc
1074 740 1236 783 vitium
1258 740 1518 784 inciderint.
1553 741 1690 796 Quod
1714 742 1774 784 4⁰
1798 742 1836 784 si

195 819 299 875 quis
330 826 453 864 esset
485 819 774 876 deploratior,
810 832 893 875 pro
926 833 982 863 eo
1018 819 1239 862 Vtendum
1279 818 1590 862 admonitione
1627 818 1703 861 illa
1731 818 1835 870 erit,

198 910 319 952 quae
340 895 531 940 inferius
551 896 737 953 ponitur
751 910 834 952 pro
855 895 1102 952 deploratis
1123 895 1200 938 fol.
1228 892 1270 952 [5
1276 896 1335 950 5].

284 973 458 1017 Curent
479 973 781 1030 prouinciales
801 980 852 1015 vt
873 987 1033 1016 omnes
1054 971 1385 1016 obliuiscantur
1400 971 1749 1027 praeteritorum
1770 974 1835 1029 (sut

195 1050 256 1094 D.
281 1050 454 1094 Paulus
474 1050 639 1106 docet),
664 1064 718 1093 ac
738 1063 788 1093 se
808 1050 866 1093 ad
886 1049 1113 1092 anteriora
1133 1048 1427 1105 perfectionis
1448 1050 1699 1092 extendant
1725 1051 1734 1071 ¹
1763 1050 1809 1092 in
1823 1075 1836 1080 -

194 1135 338 1179 tense,
354 1127 797 1184 progredianturque
809 1133 995 1171 strenue
1008 1126 1155 1183 magis
1169 1126 1218 1169 in
1235 1126 1450 1170 inchoata
1465 1126 1610 1169 diuini
1628 1124 1842 1182 obsequii

195 1202 282 1248 via.
308 1205 466 1259 Itaque
486 1204 719 1259 requirant
739 1205 798 1247 ab
824 1203 1035 1247 omnibus
1063 1203 1278 1247 maiorem
1304 1203 1522 1247 virtutem
1551 1203 1755 1259 spiritus,
1788 1211 1835 1246 et

195 1280 420 1324 feruorem
451 1281 713 1324 deuotionis
743 1288 790 1324 et
822 1280 1109 1324 obedientiae
1137 1280 1440 1334 exactionem,
1470 1288 1516 1324 et
1544 1281 1665 1324 vitae
1695 1280 1839 1324 totius

192 1356 472 1414 spiritualem
488 1358 846 1401 renouationem:
866 1358 1112 1402 obseruent
1128 1365 1281 1402 autem
1298 1372 1421 1410 eum,
1443 1358 1521 1414 qui
1538 1358 1601 1401 ita
1617 1372 1710 1401 non
1727 1373 1835 1414 pro-

193 1433 331 1485 cedit,
354 1441 401 1489 et
422 1435 662 1479 attendant
682 1435 804 1478 illius
825 1434 1147 1478 emendationi.

281 1511 448 1555 Nullus
469 1511 675 1568 superior
696 1512 847 1555 locum
870 1511 1108 1556 audiendis
1129 1511 1494 1556 confessionibus
1521 1512 1584 1555 ita
1612 1513 1698 1556 sibi
1730 1528 1833 1569 pro-

192 1587 341 1644 prium
356 1602 410 1632 ac
426 1587 704 1645 singularem
722 1589 920 1645 delegat,
939 1588 1060 1641 vtis,
1081 1589 1159 1644 qui
1175 1590 1292 1633 forte
1307 1589 1642 1633 confessionem
1666 1590 1834 1634 ibidem

127 1693 130 1695 Δ
193 1664 386 1717 audiret,
399 1665 668 1721 prouinciali
679 1666 754 1708 vel
765 1665 987 1722 superiori
1003 1665 1293 1718 adueniente,
1310 1667 1413 1709 loco
1429 1674 1639 1710 teneatur
1651 1668 1829 1712 cedere.

223 1784 226 1785 γ
282 1741 631 1790 Animaduertat
651 1741 957 1799 prouincialis,
983 1743 1165 1798 quando
1196 1743 1254 1787 de
1290 1742 1390 1787 aliis
1427 1744 1738 1800 superioribus
1775 1746 1833 1788 ad

191 1817 339 1876 ipsum
361 1818 530 1875 aliquid
552 1820 762 1872 refertur,
786 1834 845 1863 ne
866 1833 962 1863 rem
985 1827 1210 1876 aggrauet
1230 1833 1384 1863 coram
1407 1820 1452 1865 41
1470 1821 1680 1874 relatore,
1702 1837 1759 1866 ne
1775 1822 1834 1864 sit

190 1909 331 1941 causa
345 1895 650 1941 contentionis
667 1895 848 1939 maioris
865 1895 983 1940 inter
1000 1895 1234 1939 subditum
1252 1904 1299 1941 et
1320 1897 1615 1953 superiorem,
1640 1899 1712 1941 vel
1734 1898 1837 1942 eius

190 1972 513 2018 authoritatem
533 1986 592 2015 ne
619 1972 914 2016 infirmiorem
941 1972 1123 2026 efficiat;
1154 1974 1235 2016 sed
1262 1974 1479 2017 defendat
1505 1974 1658 2030 potius
1685 1975 1830 2028 illum,

189 2049 230 2092 'si
257 2063 330 2092 res
356 2049 542 2106 patitur,
571 2050 833 2092 excusando
859 2057 939 2092 aut
966 2049 1269 2106 significando
1296 2065 1347 2094 se
1368 2050 1547 2107 plenius
1571 2051 1832 2096 intellectu-

190 2140 308 2180 rum,
332 2134 380 2171 et
400 2141 494 2170 rem
518 2125 701 2182 quidem
722 2126 896 2170 notabit
916 2134 963 2170 et
983 2128 1301 2183 reprehendet,
1326 2127 1364 2171 si
1385 2128 1597 2171 excusari
1615 2143 1706 2172 non
1725 2144 1832 2185 pos-

188 2201 267 2256 sit,
290 2203 493 2246 nondum
515 2210 667 2247 tamen
688 2203 746 2247 de
765 2203 949 2248 homine
969 2203 1203 2247 iudicabit:
1235 2211 1365 2249 curet
1387 2212 1540 2248 autem
1562 2221 1620 2249 ne
1649 2206 1828 2250 facilem

191 2294 243 2325 se
260 2280 476 2336 praebeat
497 2280 555 2322 ad
575 2281 851 2324 credendum
874 2280 1089 2337 quicquid
1111 2280 1302 2324 aliorum
1326 2282 1469 2325 relatu
1494 2291 1573 2325 aut
1600 2283 1828 2327 delatione

192 2356 252 2400 de
271 2356 372 2400 aliis
392 2356 600 2401 audierit.

279 2431 378 2476 Erit
390 2440 542 2476 autem
555 2448 691 2490 opere
705 2433 914 2490 pretium,
929 2442 1065 2490 atque
1079 2435 1193 2478 adeo
1206 2435 1532 2488 necessarium,
1546 2436 1830 2480 animaduer-

194 2517 306 2563 tere,
329 2525 388 2555 ne
409 2510 706 2554 subditisuos
721 2511 977 2568 superiores
994 2512 1344 2557 calumnientur:
1366 2528 1513 2568 neque
1532 2513 1664 2556 facile
1682 2513 1830 2555 cuiuis

191 2586 239 2630 in
260 2600 315 2630 ea
330 2601 379 2630 re
393 2587 671 2631 credendum
688 2595 774 2631 est.
794 2589 923 2632 Haec
938 2602 1044 2632 cum
1062 2588 1124 2632 ita
1140 2589 1246 2642 sint,
1268 2589 1536 2646 prouideant
1555 2599 1705 2632 tamen
1725 2604 1826 2645 pro—

190 2663 409 2707 uinciales
428 2664 758 2722 circumspecte
779 2679 832 2708 ac
854 2665 1096 2722 diligenter
1116 2666 1163 2709 in
1186 2666 1358 2722 primis,
1385 2675 1433 2708 vt
1451 2667 1705 2722 superiores
1723 2680 1832 2709 suos

190 2740 396 2784 defectus
417 2742 675 2786 emendent.
700 2743 771 2785 De
791 2757 949 2786 eorum
971 2743 1107 2786 etiam
1130 2743 1223 2786 vita
1243 2752 1289 2786 et
1314 2743 1661 2786 conuersatione
1687 2743 1830 2786 inter-

192 2825 357 2875 rogent
376 2817 425 2860 in
454 2817 726 2870 visitatione,
758 2826 853 2862 tum
881 2819 1008 2873 alias,
1038 2819 1076 2862 si
1103 2819 1313 2863 videatur
1342 2820 1448 2862 vtile
1479 2821 1701 2873 futurum,
1734 2835 1828 2863 non

189 2895 337 2938 solum
358 2895 657 2947 consultores,
681 2896 761 2938 sed
783 2895 894 2939 alios
916 2896 1067 2948 etiam,
1089 2896 1127 2939 si
1143 2897 1220 2953 qui
1239 2896 1406 2940 vtiliter
1424 2896 1574 2952 rogari
1594 2904 1827 2952 poterunt.

263 2999 273 3020 ⁰
326 3011 447 3048 <cquae
469 2999 628 3048 quidem
651 3007 757 3037 retro
779 3007 872 3037 sunt
894 3001 1149 3049 obliviscens,
1174 3002 1223 3038 ad
1247 3014 1293 3038 ea
1321 3014 1428 3046 vem,
1447 3014 1547 3049 quae
1571 3009 1663 3037 sunt
1687 3003 1828 3049 priora,

190 3059 411 3095 extendens
429 3058 660 3106 meipsum»,
676 3059 860 3104 Panna,
871 3059 942 3103 111,
961 3059 1018 3095 13.
