2098 3470
272 256 343 292 862
848 259 985 295 Episr.
1015 259 1057 296 P.
1087 259 1236 295 NADAL

226 357 357 415 quasi
380 358 637 415 praeterita,
664 366 846 416 propter
867 360 1053 405 visionis
1076 360 1410 415 certitudinem,
1437 377 1463 405 a
1488 362 1719 418 prophetis
1752 378 1857 407 nar-

226 436 313 480 rari
336 436 499 480 solent.

318 514 447 558 Haec
469 512 623 568 itaque
651 513 743 557 duo
771 513 872 558 loca
899 514 1088 571 attingis
1111 523 1176 568 tu,
1208 514 1374 558 laboris
1396 514 1481 559 Dei
1504 523 1550 559 et
1577 515 1666 569 X.³‚
1692 515 1858 571 quibus

227 589 370 635 lenire
401 589 569 634 videris
598 590 715 634 velle
748 590 959 635 vanitatis
991 598 1172 636 nostrae
1200 591 1591 647 contemplationis
1621 591 1854 647 inuidiam;

225 672 310 714 229
342 668 424 712 sed
445 666 598 711 ieiune
619 675 637 692 ³
658 666 766 711 illuc
797 668 907 712 facis
938 683 990 712 ac
1023 668 1376 722 dissimulanter,
1410 683 1499 712 non
1532 669 1610 724 qui
1640 669 1857 714 inuidiam

226 743 439 788 vanitatis
460 743 603 796 leues,
629 744 710 788 sed
733 744 811 800 qui
832 746 994 802 culpae
1016 745 1315 801 suspitionem
1337 759 1508 802 augere
1530 745 1742 792 videaris.
1765 747 1858 791 Sed

174 876 176 878 Ι
226 821 362 866 iubeo
385 834 476 877 ego
499 827 543 864 te
566 820 614 864 in
635 821 722 865 illis
743 836 900 878 parum
926 822 1193 866 consistere.

315 899 407 941 Iam
429 899 519 941 hoc
542 897 623 941 tibi
646 899 904 943 confessum
934 898 1018 942 erit
1047 899 1222 955 opinor,
1257 907 1306 942 vt
1335 899 1577 952 catholico,
1608 900 1664 943 de
1691 899 1766 944 X}
1792 901 1861 944 la·

226 975 336 1019 bore
357 989 557 1019 amorem
579 975 652 1031 pie
669 989 770 1020 esse
784 976 1112 1032 quaerendum.
1133 977 1204 1021 De
1219 976 1373 1020 labore
1390 976 1476 1020 Dei
1492 976 1634 1032 igitur
1649 990 1855 1033 agamus.

228 1054 429 1096 Laborat
466 1053 656 1096 verbum
693 1051 779 1096 Dei
817 1052 861 1096 in
901 1055 1003 1105 X.⁰‚
1044 1053 1154 1106 sitit,
1190 1054 1484 1111 defatigatur,
1520 1055 1665 1111 luget,
1703 1061 1856 1110 pauet,

226 1130 375 1182 sudat,
400 1129 584 1187 ligatur,
610 1129 808 1182 ducitur,
829 1130 1039 1182 trahitur,
1060 1130 1202 1187 alapis
1218 1131 1439 1185 caeditur,
1459 1128 1744 1187 conspuitur,
1762 1130 1859 1174 irri-

226 1207 375 1264 detur,
399 1206 674 1263 flagellatur,
699 1206 840 1264 spinis
863 1215 1122 1260 coronatur,
1147 1222 1330 1252 crucem
1362 1207 1549 1260 baiulat,
1581 1207 1707 1251 cruci
1734 1207 1860 1251 suffi-

225 1283 367 1339 gitur,
393 1282 597 1326 moritur.
641 1282 702 1326 Hi
731 1290 839 1326 sunt
868 1284 1045 1327 labores
1067 1284 1224 1336 Verbi,
1255 1285 1432 1327 labores
1454 1284 1556 1328 Dei.
1587 1284 1594 1340 Ι
1621 1285 1786 1328 Nonne
1812 1283 1859 1326 hi

226 1359 405 1404 labores
428 1367 472 1403 te
495 1367 684 1403 mouent
705 1360 762 1403 ad
785 1375 1000 1404 amorem.
1022 1361 1079 1403 Et
1096 1367 1246 1404 tamen
1270 1360 1381 1403 nihil
1402 1360 1618 1404 diuinitas
1639 1360 1686 1403 in
1708 1374 1756 1403 se
1779 1375 1860 1416 pa-

226 1436 354 1491 titur,
385 1435 497 1479 nihil
525 1438 693 1493 Xpus.,
730 1451 820 1492 qua
851 1451 1029 1479 summa
1062 1436 1226 1480 fruitur
1259 1437 1556 1489 beatitudine;
1591 1437 1672 1480 sed
1706 1444 1859 1481 tamen

225 1516 519 1558 vehementer
546 1513 814 1557 illi'labores
837 1521 1040 1566 mouent,
1066 1529 1158 1556 non
1186 1515 1334 1557 solum
1362 1515 1484 1569 quod
1513 1513 1706 1557 hominis
1733 1521 1856 1566 sunt,

225 1592 305 1635 sed
327 1592 453 1646 quod
473 1589 561 1636 Dei
583 1606 662 1647 per
679 1590 958 1647 singularem
975 1590 1096 1634 illam
1116 1598 1251 1646 atque
1268 1590 1543 1634 ineffabilem
1561 1591 1860 1646 hypostaseos

224 1667 409 1712 diuinae
426 1667 655 1721 vnionem,
674 1669 795 1711 vnde
812 1667 1114 1724 proficiscitur
1134 1667 1397 1711 idiomatum
1422 1666 1723 1710 illustrissima
1738 1681 1860 1710 com-

225 1745 488 1789 municatio.
514 1744 668 1788 Dicas:
693 1744 778 1787 etsi
801 1759 892 1787 non
915 1744 1145 1801 attingant
1173 1745 1229 1788 ad
1258 1743 1542 1788 diuinitatem
1572 1743 1634 1786 illi
1662 1744 1856 1795 labores,

224 1836 333 1867 vere
355 1829 507 1866 tamen
530 1821 576 1864 in
599 1823 739 1878 Xp0.,
764 1823 854 1864 hoc
883 1829 967 1875 est,
1000 1828 1183 1878 propter
1214 1821 1426 1864 vnionem
1457 1819 1771 1873 humanitatis,
1802 1820 1860 1864 de

223 1901 324 1943 Deo
346 1899 578 1944 dicuntur.
602 1898 764 1942 Video:
796 1899 876 1942 sed
900 1898 1002 1942 vide
1026 1906 1074 1941 tu
1106 1913 1288 1955 quoque
1316 1897 1532 1941 vicissim:
1557 1902 1642 1944 230
1662 1898 1775 1941 haec
1797 1896 1861 1940 ita

223 1975 517 2033 contingunt:
548 1975 586 2019 si
614 1974 810 2032 primum
838 1975 1169 2018 constituamus
1198 1976 1339 2031 ipsam
1370 1975 1599 2028 vnionem,
1631 1988 1789 2018 verum
1811 1973 1859 2016 in

223 2054 382 2097 eadem
406 2053 503 2109 ipsa
525 2052 689 2096 vnione
713 2067 961 2104 versemur,
986 2052 1248 2095 humanitas
1277 2051 1431 2094 vnitur
1459 2052 1626 2103 Verbo,
1662 2051 1713 2093 fit
1741 2052 1858 2095 Ver-

223 2131 332 2173 bum
355 2144 477 2183 caro;
503 2128 646 2173 Filius
667 2129 769 2182 Dei,
794 2131 921 2173 Deus
944 2129 1055 2185 ipse,
1083 2129 1133 2171 fit
1155 2131 1306 2172 homo.
1333 2130 1497 2171 Nonne
1513 2130 1600 2171 hoc
1622 2134 1692 2172 est
1708 2129 1857 2172 Deum

223 2207 518 2260 descendere,
550 2205 794 2259 humiliari,
830 2205 1129 2250 immortalem
1162 2206 1395 2248 mortalem
1429 2204 1548 2257 fieri,
1584 2203 1856 2247 inuisibilem

225 2283 466 2337 visibilem,
491 2290 743 2335 aeternum,
770 2283 1057 2335 immensum,
1082 2282 1326 2334 infinitum,
1352 2282 1488 2326 finem
1512 2281 1715 2337 accipere
1743 2287 1859 2323 tem-

225 2361 365 2417 poris,
392 2359 676 2416 quantitatis,
701 2359 902 2403 virtutis?
925 2361 1053 2403 Haec
1082 2359 1127 2401 in
1159 2359 1325 2402 vnione
1353 2359 1450 2414 ipsa
1472 2357 1663 2414 primum
1694 2356 1861 2401 transi-

224 2445 415 2494 guntur,
441 2451 526 2481 nec
549 2436 655 2480 vnio
677 2436 765 2480 alia
787 2436 1074 2492 supponitur,
1100 2436 1219 2478 vnde
1242 2443 1495 2491 emergant,
1516 2434 1559 2476 in
1578 2448 1670 2489 quo
1688 2420 1859 2489 myste‘-

225 2514 292 2557 rio
327 2514 440 2558 nihil
478 2513 648 2570 patitur
685 2514 906 2567 Verbum,
941 2512 1053 2555 nihil
1090 2512 1203 2569 agit,
1245 2527 1334 2567 qua
1367 2511 1534 2563 vnitur,
1570 2511 1650 2554 sed
1683 2517 1856 2553 tantum

224 2590 423 2635 Trinitas
444 2591 544 2647 ipsa
566 2590 839 2634 ineffabilem
862 2589 983 2632 illam
1008 2589 1219 2632 vnionem
1237 2588 1388 2632 efficit.
1412 2589 1613 2632 Verbum
1632 2586 1799 2642 alioqui
1824 2587 1832 2643 Ι

223 2667 335 2710 nihil
357 2659 480 2710 aliud
503 2682 639 2723 quam
662 2666 874 2710 terminat
896 2665 1262 2722 dependentiam,
1289 2679 1423 2721 quam
1447 2663 1635 2720 suscipit
1656 2664 1713 2707 ad
1742 2665 1835 2708 Ver

223 2745 333 2787 bum
350 2744 626 2788 humanitas,
648 2745 813 2788 Nonne
836 2742 944 2785 hinc
967 2742 1188 2799 colligere
1211 2750 1256 2786 et
1279 2749 1408 2797 potes
1429 2748 1475 2784 et
1497 2741 1638 2784 debes
1659 2755 1857 2786 amorem

224 2821 327 2874 Dei,
355 2821 430 2864 vbi
452 2821 528 2865 illa
551 2820 706 2864 videas
727 2822 876 2864 Deum
905 2819 951 2862 in
980 2834 1030 2864 se
1058 2820 1306 2875 suscipere,
1343 2833 1459 2873 quae
1490 2825 1535 2862 et
1566 2816 1720 2860 infima
1750 2823 1857 2860 sunt

225 2905 271 2942 et
298 2897 519 2954 principia
540 2898 746 2941 laborum
776 2911 828 2940 ac
860 2897 1086 2949 dolorum,
1112 2895 1309 2951 denique
1331 2895 1488 2938 mortis
1508 2894 1595 2939 Dei
1617 2893 1778 2951 ipsius?
1800 2894 1858 2937 Et

296 3077 314 3094 a
363 3066 478 3102 ieune
495 3076 553 3101 ms
562 3091 572 3102 .
