2098 3470
302 276 373 321 432
775 278 930 315 Partus
960 279 1204 316 HmRONYm
1230 280 1382 316 NADAL
1431 325 1435 329 .

255 387 476 431 mentum,
517 379 639 434 quod
675 386 846 422 motum
884 395 910 423 a
941 388 1115 425 rectore
1147 387 1387 424 moueatur
1419 389 1463 426 et
1493 389 1615 439 agat.
1650 384 1806 439 Itaque
1833 400 1890 429 ex

256 455 577 499 commissione
612 456 800 501 rectoris
833 458 983 500 omnia
1015 458 1111 513 agit
1139 458 1208 501 vel
1239 458 1441 514 generali
1469 466 1514 502 et
1542 459 1786 514 ordinaria,
1819 463 1892 506 vel

255 533 516 588 particulari
537 541 583 576 et
605 533 974 587 extraordinaria3
1001 542 1046 576 et
1064 534 1173 576 nihil
1192 535 1332 578 habet
1349 535 1553 579 minister
1570 537 1690 579 vnde
1707 551 1891 582 mouea-

255 618 330 652 tur
345 609 475 665 quasi
497 624 552 653 ex
575 610 725 654 officio
746 625 829 654 suo
851 611 965 663 iure,
985 619 1034 653 vt
1052 618 1214 663 rector,
1235 612 1316 655 sed
1339 612 1548 655 voluntas
1572 613 1760 656 rectoris
1782 614 1891 658 facit

255 694 303 729 vt
331 695 586 731 moueatur.
622 689 846 744 Quamuis
873 688 993 732 enim
1022 689 1185 732 habeat
1217 688 1367 744 aliqua
1396 690 1656 746 conscripta
1688 690 1892 737 minister

256 765 318 820 (vt
334 766 503 808 habere
519 765 686 821 debet),
702 781 755 809 ea
772 775 921 809 tamen
939 773 987 808 vt
1005 766 1356 808 instrumentum
1375 767 1577 820 habebit,
1592 782 1683 810 non
1701 775 1750 811 vt
1766 767 1892 824 prin-

255 841 400 897 cipale
422 856 580 897 agens.
607 843 687 884 Est
707 842 848 898 igitur
870 842 1074 885 minister
1096 844 1158 897 (vt
1181 856 1346 885 nomen
1367 842 1551 899 indicat)
1575 858 1799 900 organum
1818 860 1892 888 re-

256 918 408 961 ctoris.
431 920 596 962 Rector
613 927 842 971 censetur,
863 934 951 961 non
973 926 1147 962 tantum
1166 919 1534 972 instrumentum,
1550 922 1629 964 sed
1647 921 1900 977 principale

256 1009 416 1051 agens,
448 1010 604 1039 verum
634 997 754 1051 quod
783 1012 808 1039 a
837 996 1239 1051 superintendente
1267 995 1313 1038 in
1342 996 1610 1042 executione
1641 997 1780 1040 officii
1810 998 1892 1041 de—

257 1073 469 1128 pendeat.

261 1190 335 1236 166
367 1204 686 1235 COMPENDIUM
715 1205 813 1243 Quo
847 1204 1235 1235 PERSTRINGITUR
1268 1205 1641 1243 QUEMADMODUM
1679 1207 1755 1236 vri
1797 1206 1894 1237 SUO

305 1282 498 1312 OFFICIO
526 1282 716 1312 DEBEAT
742 1282 929 1312 RECTOR
952 1281 1178 1312 COLLEGII
1203 1282 1281 1312 vm
1307 1282 1740 1313 SUPERINTENDENS
1765 1283 1855 1314 EST

347 1381 534 1438 Cogitet
556 1395 609 1424 ac
631 1389 781 1437 speret
803 1382 848 1423 in
870 1381 1066 1424 Domino
1088 1388 1272 1437 propter
1293 1381 1507 1434 officium,
1533 1383 1653 1436 quod
1676 1382 1886 1434 sustinet,

258 1458 345 1502 sibi
368 1459 523 1502 datum
545 1458 600 1501 iri
622 1458 831 1515 gratiam,
858 1458 894 1500 si
918 1457 1064 1514 seipse
1081 1458 1355 1514 disposuerit
1371 1472 1475 1501 cum
1492 1458 1579 1503 Dei
1596 1459 1780 1512 auxilio,
1801 1474 1891 1515 qua

258 1536 442 1592 explere
463 1550 631 1578 munus
652 1550 785 1578 suum
806 1535 948 1591 possit
970 1536 1026 1578 ad
1048 1534 1262 1579 maiorem
1289 1535 1369 1579 Dei
1399 1535 1590 1591 gloriam
1618 1543 1664 1579 et
1686 1535 1887 1579 omnium

258 1612 620 1656 aedificationem
637 1619 683 1656 et
694 1614 895 1655 fructum
915 1612 1210 1667 spiritualem.
1227 1612 1436 1656 Enitatur
1453 1619 1621 1665 autem,
1637 1619 1686 1655 vt
1706 1612 1751 1656 in
1768 1613 1896 1655 omni

258 1703 344 1732 suo
368 1688 618 1733 ministerio
639 1691 790 1732 Deum
813 1688 1031 1741 inueniat,
1057 1690 1225 1743 detque
1247 1703 1447 1744 operam,
1474 1697 1519 1731 vt
1543 1689 1587 1731 in
1612 1703 1666 1733 eo
1688 1688 1787 1732 vtili
1808 1688 1890 1732 ali-

260 1780 350 1821 qua
372 1764 665 1809 meditatione
686 1764 885 1808 animum
909 1772 1135 1809 exerceat.

346 1840 558 1898 Accipiat
579 1842 714 1885 officii
736 1842 806 1885 sui
828 1843 1009 1897 regulas
1037 1858 1063 1886 a
1090 1842 1509 1898 superintendente,
1541 1849 1586 1885 et
1614 1842 1790 1886 illarum
1818 1843 1889 1885 in—

260 1919 574 1976 telligentiam,
606 1928 651 1961 et
681 1919 864 1975 modum
892 1933 1000 1961 vsus
1028 1918 1316 1974 peculiarem,
1349 1918 1720 1971 consuetudines,
1753 1919 1891 1963 tradi-

260 1996 423 2049 tiones,
458 1995 804 2039 instructionem
840 1995 1173 2050 particularem,
1213 1996 1607 2050 quemadmodum
1626 1995 1683 2038 sit
1717 1996 1888 2052 guber-

264 2074 465 2116 nandum
489 2072 748 2129 collegium.

352 2151 556 2193 Pendeat
588 2164 613 2192 a
638 2148 1046 2205 -superintendente
1072 2148 1330 2193 immediate
1360 2148 1406 2191 in
1435 2149 1572 2193 rebus
1600 2148 1811 2192 omnibus
1833 2163 1885 2193 ac
1949 2181 1954 2185 -

262 2234 358 2270 tota
382 2226 453 2272 167
471 2225 816 2283 gubernatione,
837 2233 882 2268 et
905 2225 948 2267 in
971 2225 1041 2268 his
1064 2225 1344 2283 praesertim,
1370 2240 1486 2281 quae
1507 2225 1887 2281 superintenden-

261 2304 294 2347 ti
325 2311 633 2356 reseruantur,
667 2303 740 2347 vel
771 2302 994 2345 ordinarie
1026 2303 1097 2345 vel
1130 2301 1499 2354 extraordinarie,
1535 2302 1580 2344 in
1612 2302 1811 2345 Domino
1841 2301 1893 2344 in*

259 2380 487 2424 suauitate
509 2379 807 2431 obedientiae,
833 2379 1117 2433 humilitatis,
1138 2378 1435 2435 simplicitatis
1453 2393 1506 2421 ac
1523 2378 1772 2431 charitatis,
1791 2385 1890 2422 stu—

260 2459 458 2513 deatque
479 2457 591 2501 nihil
611 2456 781 2501 habere
803 2456 1051 2500 auersionis
1073 2457 1130 2498 ab
1152 2456 1228 2499 illo
1250 2455 1383 2499 etiam
1407 2455 1639 2508 naturalis,
1670 2456 1794 2511 quod
1821 2456 1888 2499 fa-

260 2535 365 2587 ciet,
407 2535 444 2578 si
482 2549 572 2578 non
600 2533 836 2577 ,hominem
869 2535 991 2576 hunc
1023 2533 1069 2575 in
1101 2532 1199 2589 ipso
1231 2532 1502 2586 consideret,
1537 2533 1619 2581 sed
1652 2531 1891 2575 Christum

258 2612 410 2668 ipsum
432 2611 764 2667 contempletur
785 2617 830 2654 et
854 2618 1111 2664 veneretur,
1137 2616 1357 2665 quantum
1380 2610 1531 2654 decet.

347 2688 562 2733 Officium
585 2686 775 2731 rectoris
791 2686 987 2742 collegii,
1008 2686 1084 2729 vbi
1101 2695 1170 2731 est
1187 2685 1582 2742 superintendens,
1602 2685 1649 2728 in
1667 2687 1755 2728 hoc
1771 2699 1891 2728 con-

256 2766 392 2819 sistit,
416 2773 466 2808 vt
493 2766 580 2808 sub
608 2763 864 2807 obedientia
892 2762 1305 2818 superintendentis
1333 2770 1476 2806 totam
1504 2762 1684 2818 collegii
1712 2762 1889 2818 guber—

258 2842 488 2887 nationem
511 2842 808 2898 amplectatur
831 2853 883 2882 ac
906 2847 1034 2882 curet
1061 2839 1106 2881 in
1136 2839 1208 2882 his
1235 2841 1372 2884 rebus
1399 2839 1624 2892 omnibus,
1657 2853 1769 2894 quas
1797 2837 1887 2880 sibit

255 2934 351 2962 non
388 2926 594 2963 reseruat
629 2915 1023 2973 superintendens.
1050 2916 1101 2958 In
1138 2916 1208 2960 his
1241 2930 1364 2968 vero,
1405 2930 1521 2971 quae
1557 2915 1632 2958 ille
1661 2922 1880 2967 reseruat,

253 2999 372 3040 hanc
395 2997 559 3040 habeat
581 3008 752 3046 curam,
777 2998 827 3034 vt
848 2992 1088 3036 admoneat
1111 2992 1559 3048 superintendentem
1583 3005 1759 3034 summa
1777 3005 1886 3033 cum.

252 3073 509 3118 humilitate
530 3079 576 3116 et
598 3068 884 3127 simplicitate
906 3068 951 3111 in
974 3068 1176 3122 Christo,
1196 3069 1234 3112 si
1251 3069 1359 3124 quid
1375 3083 1431 3111 ex
1447 3067 1709 3124 particulari
1727 3068 1884 3111 obser-
