2098 3470
709 326 986 362 Momm-ra
1010 306 1250 366 hanan—1
1257 332 1278 370 5
1695 325 1761 372 135

115 442 118 444 “
175 427 298 482 tatis;
333 442 441 471 nam
467 426 644 472 etiamsi
670 441 839 471 nouem
863 425 1078 469 habuerit
1103 425 1257 478 socios·
1281 427 1438 478 Pater,
1470 426 1547 481 qui
1576 441 1679 470 cum
1710 427 1808 484 ipso

173 504 470 562 supplicarint
503 504 600 549 sedi
635 502 928 560 apostolieae,
959 510 1012 545 ut
1031 502 1379 546 confirmaretur
1409 503 1628 555 Societas,
1654 519 1706 546 ac
1729 504 1808 548 fie-

175 587 245 627 tet
264 581 441 638 religio,
466 588 620 625 tamen
638 579 688 624 hi
707 584 986 636 mamper
1003 581 1153 636 ipsum
1174 595 1201 622 a
1222 580 1378 624 seculo
1400 588 1507 623 sunt
1536 595 1615 636 per
1636 581 1807 624 exerci-

177 658 239 703 tia
263 658 515 719 spiritualia
552 657 726 720 uocati,
759 671 850 714 p&
876 656 1003 700 iilum
1040 657 1293 700 hauserunt
1330 656 1536 712 spiritum
1575 657 1808 714 religionis

63 732 65 734 ’
125 775 129 781 ,
174 736 471 792 appetendae;
501 734 639 788 illius,
671 733 869 785 αὖρά,
890 732 1023 776 cuius
1050 733 1309 788 exemplum
1337 740 1384 776 et
1413 733 1644 788 specimen
1676 748 1807 790 prae-

171 812 335 866 buerat
354 811 402 854 in
424 826 472 856 se
495 813 632 855 Pater
652 809 861 869 Ignatius
879 817 1123 866 antequam
1145 810 1268 866 ipsos
1286 817 1485 854 uocaret.
1508 810 1656 853 Patris
1673 812 1805 867 Igna-

177 887 228 932 tii
247 888 461 945 primario
482 889 643 941 ductu,
666 895 902 932 etvmuem
922 886 988 930 illi
1007 886 1250 944 gubernati
1273 894 1397 938 sunt,
1422 894 1665 942 antequam
1689 902 1803 930 con-

173 964 353 1008 firmata
383 972 504 1009 esset
535 963 767 1016 Societas,
793 970 846 1010 et
877 970 983 1020 post
1016 963 1116 1007 eius
1150 948 1557 1015 confirmationem,
1597 963 1804 1020 legitima

172 1041 437 1084 obedientia.
462 1042 616 1086 Vnum
643 1039 786 1097 igitur
811 1055 990 1097 semper
1010 1040 1286 1097 agnouimus
1314 1041 1496 1084 Patrem
1524 1047 1569 1083 et
1591 1041 1803 1084 fundato-

172 1131 270 1162 rem
291 1117 551 1170 Societatis,
580 1132 661 1174 per
687 1131 822 1173 quem
849 1117 987 1160 huius
1017 1115 1250 1173 religionis
1277 1115 1469 1173 gratiam
1500 1116 1694 1172 primum
1727 1118 1804 1160 X.S

176 1195 303 1238 Iasus
321 1194 370 1237 in
396 1195 552 1239 orbem
577 1194 779 1237 xianum.
809 1193 999 1237 inuexit.
1031 1193 1206 1237 Habuit
1232 1194 1368 1236 diuus
1389 1178 1674 1245 Franciscus,
1701 1201 1796 1236 tum

172 1269 309 1314 diuus
327 1270 611 1324 Dominicus,
635 1270 798 1323 socios,
823 1285 939 1326 quos
960 1271 1155 1326 primum
1176 1270 1377 1322 uocauit,
1402 1269 1479 1325 qui
1509 1270 1644 1313 etiam
1667 1270 1800 1314 simul

171 1361 278 1390 cum
297 1348 397 1390 suis
424 1347 647 1391 Patribus
674 1361 756 1404 pro
782 1347 1080 1403 religionibus
1100 1347 1196 1391 suis
1227 1355 1246 1372 ³
1277 1347 1598 1390 confirmandis
1630 1347 1803 1404 suppli-

171 1431 336 1479 carunt
355 1424 622 1468 Innocentio
644 1423 744 1468 111.⁰
766 1432 812 1469 et
834 1424 1040 1468 Honorio
1061 1423 1179 1477 111.⁰;
1204 1438 1435 1479 nunquam
1461 1431 1612 1468 tamen
1634 1425 1800 1468 funda—

171 1507 293 1546 torae
327 1500 435 1544 dicti
471 1507 594 1554 sunt,
624 1502 706 1551 sed
731 1501 1003 1544 sanctissimi
1030 1500 1093 1543 illi
1122 1503 1284 1545 Patres
1320 1502 1356 1544 F
1360 1500 1592 1544 ranciscus
1620 1510 1666 1544 et
1702 1503 1810 1545 Do-'

142 1579 150 1584 ”
170 1577 380 1621 minicus.

258 1653 361 1699 Sint
381 1653 523 1710 igitur
544 1652 675 1710 primi
699 1656 875 1706 Patres,
899 1668 991 1698 non
1019 1655 1300 1707 fundatores,
1330 1669 1444 1710 quos
1475 1657 1550 1698 Pr.
1584 1656 1664 1698 Bo.
1698 1655 1800 1698 fun-

168 1731 352 1775 datores
383 1736 533 1784 uocat;
567 1731 649 1774 sed
681 1730 936 1774 fundatoris
965 1731 1080 1774 socii
1111 1731 1259 1787 primi.
1295 1732 1425 1786 Quod
1452 1733 1494 1774 si
1515 1732 1643 1774 aliu-d
1671 1732 1802 1784 nihil,

169 1810 286 1850 cerie
311 1807 425 1850 illud
450 1807 565 1850 satis
590 1811 704 1850 esset
729 1808 791 1850 ad
818 1807 938 1851 hunc
958 1809 1103 1851 locum
1125 1808 1510 1864 confirmandum,
1533 1809 1649 1864 qnod
1670 1810 1803 1851 Pau-

167 1884 240 1926 lus
276 1883 360 1927 III
387 1884 438 1927 in
475 1884 820 1940 confirmatione
851 1886 1173 1928 exercitiorum
1208 1887 1534 1928 institutionem
1568 1886 1800 1928 Societatis

167 1960 326 2004 tribuit
346 1961 487 2004 Patri
508 1960 707 2018 Jgnatio,
729 1976 821 2004 non
844 1963 949 2004 item
970 1963 1104 2005 sociis
1127 1963 1219 2004 illis
1227 1963 1401 2018 primis
1423 1964 1451 2007 “·.
1471 1962 1523 2004 Si
1530 1964 1634 2020 fuit
1650 1965 1799 2004 autem

166 2037 443 2094 gubernatio
465 2037 706 2082 Societatis
728 2028 869 2095 penes
889 2039 1065 2092 decem,
1090 2047 1196 2084 ante
1218 2039 1486 2084 electionem
1509 2039 1639 2095 primi
1667 2052 1798 2095 prae-

166 2112 303 2170 positi
324 2114 567 2170 generalis,
590 2113 638 2157 id
658 2115 841 2170 quidem
863 2130 965 2160 esse
986 2130 1078 2158 non
1106 2116 1257 2172 potuit
1284 2117 1340 2160 de
1368 2115 1466 2160 iure
1494 2115 1539 2158 in
1571 2115 1795 2160 Societate

165 2189 255 2234 nisi
274 2205 357 2247 per
369 2191 539 2234 bullam
556 2191 915 2235 confirmationis
938 2192 1144 2248 primam.
1171 2193 1236 2236 Ea
1252 2193 1491 2236 confirmat
1508 2192 1798 2241 Societatem,

166 2265 276 2310 facit
295 2280 462 2324 corpus
482 2267 730 2324 religionis,
762 2268 874 2311 nihil
902 2268 1059 2312 tribuit
1090 2269 1179 2312 iuis
1199 2270 1374 2321 decem,
1408 2269 1493 2312 nisi
1521 2284 1610 2325 qua
1638 2282 1803 2324 corpus

168 2350 298 2387 erant
318 2343 560 2389 Societatis
580 2359 638 2388 eo
669 2353 890 2402 ternpore3
924 2345 1093 2402 alioqui
1124 2345 1291 2402 periret
1322 2360 1426 2389 cum
1458 2346 1545 2388 illis
1576 2346 1796 2397 Societas;

168 2433 312 2476 quare
331 2420 370 2464 si
402 2420 513 2476 quid
544 2421 845 2465 conficeretur
877 2437 933 2466 ex
964 2422 1108 2478 prima
1131 2422 1323 2474 ratione,
1358 2423 1470 2464 illud
1502 2431 1622 2465 esset
1654 2423 1798 2464 solum

165 2497 290 2552 quod
311 2497 495 2542 redacta
515 2505 637 2541 esset
658 2498 932 2554 gubernatio
955 2498 1197 2543 Societatis
1214 2501 1300 2542 hoc
1319 2507 1520 2554 tempore
1538 2499 1593 2540 ad
1613 2498 1797 2540 uniuer-

43 2587 46 2595 ·
96 2565 98 2568 ’
165 2587 268 2616 sum
288 2587 455 2631 corpus
486 2574 745 2627 Societatis;
780 2589 872 2617 non
894 2576 1045 2631 igitur
1066 2576 1210 2618 solum
1232 2574 1251 2600 b
1273 2576 1332 2618 ad
1346 2577 1525 2631 primos
1541 2576 1791 2631 professos.

190 2684 195 2689 ,
254 2651 393 2707 Quod
414 2650 452 2694 si
473 2651 703 2707 fingamus
734 2666 813 2707 per
845 2651 1014 2694 bullam
1046 2651 1238 2708 primam
1271 2652 1415 2695 redire
1447 2649 1797 2707 gubernationis

236 2790 256 2808 ὃ
303 2781 387 2816 suis
403 2779 518 2815 deest
535 2780 576 2815 in
593 2790 728 2826 apogr.
780 2781 846 2807 -b
894 2780 1025 2815 solum
1041 2780 1155 2815 deest
1178 2780 1218 2816 in
1236 2792 1371 2827 apogr.

235 2892 247 2913 ‘
297 2893 358 2928 En
374 2892 496 2927 verba
514 2891 626 2928 Pauli
643 2903 767 2940 papae
783 2893 854 2938 ΠΙ,
875 2892 924 2927 ad
946 2904 1047 2939 quae
1071 2893 1169 2928 haec
1193 2893 1430 2928 referuntur:
1458 2890 1656 2925 udebitum
1681 2889 1797 2924 etiam

162 2956 388 2998 respectum
409 2949 459 2986 ad
482 2950 633 2986 fructus
656 2952 814 2995 uberes,
836 2962 935 2999 quos
953 2951 1144 2997 Ignatius,
1169 2958 1209 2987 et
1233 2953 1282 2987 ab
1308 2952 1391 2997 ipso
1420 2950 1597 2985 instituta
1622 2948 1798 2982 Societas

161 3009 350 3056 praefata,
369 3009 409 3045 in
426 3009 603 3045 Ecclesia
620 3010 696 3044 Dei
714 3010 861 3056 ubique
876 3011 1055 3055 gentium
1073 3010 1288 3056 producere
1308 3022 1384 3044 non
1402 3017 1572 3052 cessant,
1593 3013 1632 3041 et
1651 3005 1698 3040 ad
1715 3017 1792 3039 ma-

160 3068 309 3104 ximum
327 3068 611 3113 adiumentum,
630 3068 734 3115 quod
750 3068 800 3103 ad
818 3067 858 3103 id
874 3069 1074 3116 praedicta
1092 3070 1289 3106 Exercitia
1308 3070 1536 3111 attulerunt,
1558 3077 1633 3101 non
1659 3065 1796 3099 imme·

55 3119 64 3123 ”
101 3159 106 3164 .
160 3127 237 3163 rito
251 3127 518 3163 habentes...»
537 3126 671 3163 Instit.
695 3127 781 3163 Soc.
795 3126 911 3173 Jesu,
931 3127 1002 3170 111,
1019 3137 1104 3172 444.
