2098 3470
282 237 353 283 654
418 276 429 277 ἶ
755 238 911 275 PATms
937 239 1182 276 Hmaonvin
1209 239 1359 275 NADAL

236 339 374 382 debet
397 337 472 382 illa
496 339 640 382 oratio
662 340 835 393 sedata,
860 348 908 383 vt
932 348 1117 396 gustum
1137 354 1292 384 secum
1311 342 1469 384 afferat
1490 349 1536 386 et
1553 342 1682 397 quasi
1698 343 1837 399 spiret
1854 352 1873 369 ²

240 415 445 467 odorem,
471 414 548 471 qui
571 416 786 459 cordibus
803 416 1084 461 audientium
1104 431 1151 460 se
1169 416 1368 460 insinuet
1385 419 1632 462 fructuose.
1655 420 1758 462 Hoc
1776 434 1871 464 ma-

241 507 384 548 gnum
408 499 477 537 est
500 492 546 535 in
569 493 760 537 ecclesia
782 493 1099 547 ministerium,
1125 494 1247 548 quod
1263 508 1289 536 e
1306 495 1568 550 prophetiae
1589 496 1711 538 dono
1735 497 1871 552 profi-

242 568 429 612 ciscitur
451 569 496 612 in
519 569 710 614 ecclesia
738 569 812 613 Χ.ἰ
834 572 925 615 Sed
960 578 1109 613 tamen
1134 570 1497 614 animaduertant
1528 571 1873 616 concionatores

241 646 413 688 donum
438 645 574 689 huius
597 646 861 703 prophetiae
883 662 984 691 esse
1008 661 1140 709 posse
1162 646 1210 689 in
1231 647 1305 690 his
1327 647 1479 701 etiam,
1498 648 1576 703 qui
1598 648 1724 692 iuxta
1746 664 1874 693 suam

243 722 526 779 prophetiam
544 737 634 766 non
655 723 826 767 viuant.
853 723 1023 767 Dicunt
1041 724 1222 779 quidem
1246 724 1479 780 splendide
1497 732 1543 769 et
1565 732 1773 781 potenter
1795 741 1875 782 pro

243 799 482 852 concione,
508 799 673 843 viuunt
697 808 845 843 tamen
868 800 914 842 in
939 800 1138 844 tenebris
1155 800 1367 843 vitiorum
1389 802 1461 844 vel
1478 801 1597 846 vitae
1613 801 1876 847 infirmitate

245 883 383 931 atque
421 876 781 932 imperfectione.
816 877 879 919 Hi
907 878 1138 919 ducuntur
1173 876 1322 933 gratia
1351 877 1522 929 sensili,
1547 878 1696 934 gratia
1734 878 1878 935 gratis

247 954 367 1005 data,
394 954 563 998 docent
595 953 705 997 vitia
742 954 945 997 deuitare
982 962 1028 998 et
1056 954 1436 1010 imperfectiones,
1467 957 1525 999 ad
1553 956 1877 1012 perfectionem

244 1030 479 1084 contendi;
505 1030 607 1087 ipsi,
632 1030 670 1074 si
693 1032 927 1087 paululum
950 1031 1236 1087 attingantur
1258 1032 1408 1087 aliqua
1426 1033 1782 1088 reprehensione
1798 1041 1878 1077 aut

249 1106 616 1159 mortificatione,
642 1109 840 1164 produnt
862 1122 990 1151 suam
1020 1107 1245 1152 miseriam
1274 1109 1614 1164 deplorandam.
1643 1109 1769 1165 Quid
1791 1109 1890 1167 igi<

253 1191 327 1226 tur
352 1184 488 1228 faciet
505 1192 660 1230 noster
677 1184 991 1228 concionator?
1008 1186 1079 1228 Ne
1096 1185 1290 1228 naturali
1305 1186 1428 1228 dono
1447 1185 1683 1242 (siquidem
1701 1186 1795 1230 nati
1815 1187 1882 1229 vi-

246 1262 413 1304 dentur
452 1260 588 1316 aliqui
628 1262 684 1304 ad
722 1261 1100 1316 concionandum)
1130 1262 1344 1305 confidat:
1384 1277 1532 1318 neque
1565 1264 1672 1306 vero
1703 1263 1742 1307 si
1774 1264 1883 1319 quid

252 1346 488 1393 praeterea
512 1339 737 1382 Dominus
758 1338 819 1380 illi
843 1337 1016 1381 dederit
1035 1339 1313 1394 prophetiae,
1334 1339 1411 1381 illo
1426 1340 1574 1382 solum
1594 1339 1782 1388 nitatur,
1803 1341 1883 1384 sed

251 1414 373 1459 vitae
396 1414 641 1471 puritatem
670 1424 715 1459 et
744 1416 1019 1470 exemplum,
1045 1422 1090 1459 et
1128 1415 1360 1459 charitatis
1389 1417 1613 1461 feruorem
1642 1417 1880 1474 adiungat;

253 1491 351 1535 sine
368 1494 454 1535 hoc
471 1492 592 1534 enim
610 1492 770 1548 spiritu
788 1493 977 1548 deputet
993 1506 1094 1536 esse
1110 1507 1217 1536 suas
1233 1493 1477 1538 conciones
1499 1494 1572 1538 vel
1589 1495 1792 1547 effoetas,
1812 1495 1886 1539 vel

254 1567 292 1610 si
317 1569 515 1611 fructum
538 1570 734 1612 afferant
751 1570 815 1625 (Vt
832 1568 929 1611 fieri
947 1568 1190 1623 aliquando
1212 1569 1453 1625 videmus),
1475 1569 1625 1613 videat
1647 1585 1705 1613 ne
1721 1571 1779 1614 de
1799 1570 1887 1614 illis

255 1644 314 1687 sit
339 1646 538 1698 tandem,
564 1645 730 1700 quibus
751 1645 959 1688 dicturus
975 1653 1044 1688 est
1062 1647 1212 1701 Xpus.
1240 1647 1385 1702 (Matt.
1409 1647 1468 1701 7.)
1490 1647 1761 1701 «Nunquam
1779 1646 1887 1690 noui

256 1737 355 1776 vos,
382 1721 559 1766 etiamsi
586 1721 968 1778 prophetaueritis
995 1729 1040 1765 et
1073 1723 1239 1766 multas
1268 1722 1459 1767 virtutes
1497 1723 1739 1776 feceritis»,
1766 1724 1887 1779 quod

256 1801 382 1843 Deus
405 1814 539 1842 omen
561 1806 752 1843 auertat.

347 1878 451 1920 Non
474 1885 543 1920 est
565 1875 700 1932 igitur
723 1875 784 1918 ita
806 1876 1186 1928 concionandum,
1211 1883 1260 1918 vt
1290 1876 1472 1933 pessimi
1500 1877 1670 1932 quique
1698 1885 1890 1934 possunt

256 1953 538 2006 concionari3
564 1954 645 1996 sed
673 1952 783 1995 illud
813 1960 987 1997 attente
1011 1960 1081 1997 est
1109 1953 1579 2008 animaduertendum,
1604 1954 1642 1997 si
1673 1955 1891 1998 naturalis

260 2031 474 2089 facultas,
499 2031 573 2074 vel
596 2029 731 2074 etiam
756 2044 812 2072 ex
834 2030 954 2072 dono
976 2029 1060 2073 Dei
1084 2030 1286 2086 gratuito
1308 2031 1524 2086 profecta,
1552 2038 1720 2075 tantam
1745 2039 1893 2088 potest

261 2107 510 2151 efficaciam
532 2106 657 2150 verbi
681 2106 940 2159 conciliare,
966 2106 1075 2162 quid
1092 2121 1184 2150 non
1206 2107 1479 2163 sperandum
1501 2109 1559 2150 ab
1581 2108 1894 2152 excellentiori

262 2185 486 2227 virtutum
510 2191 556 2227 et
578 2184 802 2226 donorum
843 2184 1074 2236 facultate,
1098 2184 1362 2240 praesertim
1391 2198 1500 2227 vero
1529 2184 1726 2240 Spiritus
1747 2185 1893 2228 sancti

261 2262 485 2306 charitate
514 2268 560 2306 et
588 2260 829 2317 sapientia?
857 2262 964 2303 Huc
992 2260 1132 2317 igitur
1161 2260 1428 2314 incumbite,
1454 2261 1818 2314 concionatores,
1843 2270 1893 2304 vt
1946 2289 1963 2304 -.

263 2340 522 2391 facultates,
547 2353 661 2394 quas
689 2338 745 2381 ad
772 2346 1046 2394 suggestum
1077 2337 1319 2390 adducitis,
1344 2337 1435 2389 vim
1467 2338 1707 2394 accipiant,
1744 2354 1838 2382 non
1869 2355 1895 2383 a

260 2416 395 2459 donis
424 2416 497 2459 vel
533 2414 817 2458 naturalibus
849 2415 919 2457 vel
947 2414 1089 2470 gratis
1116 2415 1233 2458 datis
1270 2422 1462 2468 tantum,
1489 2416 1569 2458 sed
1597 2416 1655 2459 ab
1683 2415 1753 2469 iis,
1780 2431 1897 2472 quae

265 2500 447 2549 gratum
472 2493 702 2536 hominem
731 2491 921 2544 faciunt3
948 2499 1084 2546 atque
1112 2493 1225 2535 adeo
1253 2491 1542 2549 coniungatis
1569 2492 1771 2536 omnium
1805 2492 1896 2535 vir-

266 2579 415 2614 tutum
434 2569 611 2626 copiam
634 2568 652 2595 ¹²
672 2568 970 2626 spiritualem,
990 2583 1107 2624 quae
1124 2569 1292 2624 aliquid
1310 2568 1515 2612 Vtilitatis
1531 2569 1694 2612 vestris
1712 2569 1898 2613 concio-

267 2647 403 2690 nibus
439 2648 604 2691 afferre
632 2646 789 2702 possit.
823 2646 938 2688 Illud
975 2645 1109 2689 etiam
1142 2645 1189 2688 in
1217 2645 1417 2689 animum
1447 2653 1648 2690 vestrum
1677 2645 1895 2699 inducite,

269 2740 351 2768 vos
373 2740 464 2768 non
487 2724 586 2767 aliis
608 2725 755 2767 solum
778 2718 1052 2775 concionari,
1078 2724 1158 2767 sed
1180 2723 1311 2766 vobis
1342 2730 1388 2766 et
1421 2722 1613 2779 primum
1642 2731 1690 2768 et
1716 2723 1898 2780 potissi-

270 2817 411 2845 mum.
439 2803 535 2846 Vos
563 2801 782 2852 doceatis,
815 2814 896 2842 vos
933 2799 1141 2843 excitetis
1169 2799 1381 2844 omnibus
1418 2800 1661 2844 affectibus
1689 2801 1746 2843 ad
1782 2799 1901 2844 vitae

269 2879 512 2935 puritatem
535 2886 581 2923 et
609 2876 949 2934 perfectionem.
983 2877 1131 2932 Xpus.
1156 2876 1203 2919 in
1231 2876 1364 2920 vobis
1389 2878 1615 2932 loquatur,
1640 2876 1688 2920 in
1710 2876 1839 2920 vobis
1856 2882 1902 2922 et

342 2997 360 3013 a
409 2985 594 3032 Sequitur
613 2995 732 3019 unum
752 2983 861 3019 verb.
878 2983 1143 3020 obliteratum.
1195 3003 1224 3008 -
1243 2985 1261 3010 b
1290 2983 1418 3018 Dubia
1436 2983 1566 3019 lectio.
1582 2982 1779 3030 Scriptum
1797 2981 1906 3019 vide-

269 3051 333 3080 tur
350 3045 600 3092 carregiam.
624 3043 772 3078 Sensus
791 3053 885 3078 vero
902 3041 1059 3089 copiam
1080 3043 1142 3078 vel
1160 3042 1264 3078 aliud
1283 3043 1409 3078 simile
1427 3043 1610 3089 postulat.
