<?xml version="1.0" encoding="UTF-8"?>
<!DOCTYPE html PUBLIC "-//W3C//DTD XHTML 1.0 Transitional//EN"
    "http://www.w3.org/TR/xhtml1/DTD/xhtml1-transitional.dtd">
<html xmlns="http://www.w3.org/1999/xhtml" xml:lang="en" lang="en">
 <head>
  <title>
</title>
<meta http-equiv="Content-Type" content="text/html;charset=utf-8" />
  <meta name='ocr-system' content='tesseract 3.04.00' />
  <meta name='ocr-capabilities' content='ocr_page ocr_carea ocr_par ocr_line ocrx_word'/>
</head>
<body>
  <div class='ocr_page' id='page_1' title='image "./epistolaephieron04nadauoft_0757.png"; bbox 0 0 2098 3470; ppageno 0'>
   <div class='ocr_carea' id='block_1_1' title="bbox 0 0 202 266">
    <p class='ocr_par' dir='ltr' id='par_1_1' title="bbox 0 0 202 266">
     <span class='ocr_line' id='line_1_1' title="bbox 0 0 202 266; baseline 0 3204"><span class='ocrx_word' id='word_1_1' title='bbox 0 0 202 266; x_wconf 95' lang='lat' dir='ltr'> </span> 
     </span>
    </p>
   </div>
   <div class='ocr_carea' id='block_1_2' title="bbox 871 199 1807 246">
    <p class='ocr_par' dir='ltr' id='par_1_2' title="bbox 871 199 1807 246">
     <span class='ocr_line' id='line_1_2' title="bbox 871 199 1807 246; baseline -0.002 -8"><span class='ocrx_word' id='word_1_2' title='bbox 871 201 1216 238; x_wconf 69' lang='lat' dir='ltr'>Suppmuanruu</span> <span class='ocrx_word' id='word_1_3' title='bbox 1739 199 1807 246; x_wconf 86' lang='lat'>731</span> 
     </span>
    </p>
   </div>
   <div class='ocr_carea' id='block_1_3' title="bbox 225 302 1859 1132">
    <p class='ocr_par' dir='ltr' id='par_1_3' title="bbox 227 302 1857 672">
     <span class='ocr_line' id='line_1_3' title="bbox 228 302 1856 365; baseline -0.002 -14"><span class='ocrx_word' id='word_1_4' title='bbox 228 306 446 365; x_wconf 86' lang='lat' dir='ltr'><strong>religiosi,</strong></span> <span class='ocrx_word' id='word_1_5' title='bbox 470 306 485 349; x_wconf 95' lang='lat' dir='ltr'>i</span> <span class='ocrx_word' id='word_1_6' title='bbox 505 305 628 362; x_wconf 85' lang='lat' dir='ltr'>quali</span> <span class='ocrx_word' id='word_1_7' title='bbox 649 306 805 348; x_wconf 89' lang='lat' dir='ltr'>hanno</span> <span class='ocrx_word' id='word_1_8' title='bbox 828 304 942 348; x_wconf 85' lang='lat' dir='ltr'>fatto</span> <span class='ocrx_word' id='word_1_9' title='bbox 962 303 1006 348; x_wconf 99' lang='grc'><strong>16</strong></span> <span class='ocrx_word' id='word_1_10' title='bbox 1026 303 1123 347; x_wconf 85' lang='grc' dir='ltr'>10το</span> <span class='ocrx_word' id='word_1_11' title='bbox 1146 302 1323 360; x_wconf 88' lang='lat' dir='ltr'><strong>regule,</strong></span> <span class='ocrx_word' id='word_1_12' title='bbox 1346 309 1392 346; x_wconf 88' lang='lat' dir='ltr'>et</span> <span class='ocrx_word' id='word_1_13' title='bbox 1421 317 1566 346; x_wconf 87' lang='lat' dir='ltr'>sonno</span> <span class='ocrx_word' id='word_1_14' title='bbox 1604 303 1789 360; x_wconf 88' lang='lat' dir='ltr'>antique</span> <span class='ocrx_word' id='word_1_15' title='bbox 1810 303 1856 348; x_wconf 92' lang='lat' dir='ltr'>in</span> 
     </span>
     <span class='ocr_line' id='line_1_4' title="bbox 227 378 1854 438; baseline -0.002 -10"><span class='ocrx_word' id='word_1_16' title='bbox 227 383 531 436; x_wconf 87' lang='lat' dir='ltr'>observantia,</span> <span class='ocrx_word' id='word_1_17' title='bbox 556 388 727 438; x_wconf 89' lang='lat' dir='ltr'>quanto</span> <span class='ocrx_word' id='word_1_18' title='bbox 758 380 836 438; x_wconf 66' lang='lat' dir='ltr'>pisi</span> <span class='ocrx_word' id='word_1_19' title='bbox 860 394 951 424; x_wconf 87' lang='lat' dir='ltr'>una</span> <span class='ocrx_word' id='word_1_20' title='bbox 973 379 1134 436; x_wconf 88' lang='lat' dir='ltr'>regula</span> <span class='ocrx_word' id='word_1_21' title='bbox 1155 380 1231 422; x_wconf 92' lang='lat' dir='ltr'>ch’</span> <span class='ocrx_word' id='word_1_22' title='bbox 1254 385 1325 423; x_wconf 87' lang='lat' dir='ltr'>est</span> <span class='ocrx_word' id='word_1_23' title='bbox 1346 378 1393 422; x_wconf 88' lang='lat' dir='ltr'>in</span> <span class='ocrx_word' id='word_1_24' title='bbox 1416 379 1530 433; x_wconf 89' lang='lat' dir='ltr'>fieri,</span> <span class='ocrx_word' id='word_1_25' title='bbox 1552 395 1577 425; x_wconf 86' lang='lat' dir='ltr'><strong>e</strong></span> <span class='ocrx_word' id='word_1_26' title='bbox 1606 394 1696 423; x_wconf 92' lang='lat' dir='ltr'>non</span> <span class='ocrx_word' id='word_1_27' title='bbox 1719 388 1787 424; x_wconf 88' lang='lat' dir='ltr'>est</span> <span class='ocrx_word' id='word_1_28' title='bbox 1810 380 1854 424; x_wconf 91' lang='lat' dir='ltr'>in</span> 
     </span>
     <span class='ocr_line' id='line_1_5' title="bbox 227 456 1856 516; baseline -0.001 -12"><span class='ocrx_word' id='word_1_29' title='bbox 227 460 532 512; x_wconf 84' lang='lat' dir='ltr'>observantia,</span> <span class='ocrx_word' id='word_1_30' title='bbox 558 460 619 503; x_wconf 90' lang='lat' dir='ltr'>ha</span> <span class='ocrx_word' id='word_1_31' title='bbox 639 457 716 516; x_wconf 65' lang='lat' dir='ltr'>piu</span> <span class='ocrx_word' id='word_1_32' title='bbox 737 457 783 501; x_wconf 91' lang='lat' dir='ltr'>di</span> <span class='ocrx_word' id='word_1_33' title='bbox 804 457 1000 514; x_wconf 86' lang='lat' dir='ltr'>bisogno</span> <span class='ocrx_word' id='word_1_34' title='bbox 1021 463 1183 512; x_wconf 84' lang='lat' dir='ltr'><strong>questa</strong></span> <span class='ocrx_word' id='word_1_35' title='bbox 1203 456 1349 513; x_wconf 90' lang='lat' dir='ltr'>prima</span> <span class='ocrx_word' id='word_1_36' title='bbox 1370 458 1493 499; x_wconf 91' lang='lat' dir='ltr'>volta</span> <span class='ocrx_word' id='word_1_37' title='bbox 1522 458 1640 501; x_wconf 88' lang='lat' dir='ltr'><strong>della</strong></span> <span class='ocrx_word' id='word_1_38' title='bbox 1671 473 1856 514; x_wconf 84' lang='lat' dir='ltr'><strong>presen-</strong></span> 
     </span>
     <span class='ocr_line' id='line_1_6' title="bbox 228 532 1857 592; baseline -0.001 -12"><span class='ocrx_word' id='word_1_39' title='bbox 228 537 288 581; x_wconf 89' lang='lat' dir='ltr'>tia</span> <span class='ocrx_word' id='word_1_40' title='bbox 308 538 366 582; x_wconf 90' lang='lat' dir='ltr'>de</span> <span class='ocrx_word' id='word_1_41' title='bbox 385 538 482 582; x_wconf 89' lang='lat' dir='ltr'>Sua</span> <span class='ocrx_word' id='word_1_42' title='bbox 509 537 602 581; x_wconf 51' lang='lat'>8³²</span> <span class='ocrx_word' id='word_1_43' title='bbox 617 541 664 580; x_wconf 88' lang='lat' dir='ltr'>et</span> <span class='ocrx_word' id='word_1_44' title='bbox 694 535 768 579; x_wconf 87' lang='lat' dir='ltr'>del</span> <span class='ocrx_word' id='word_1_45' title='bbox 798 541 1064 591; x_wconf 85' lang='lat' dir='ltr'>protettore‚</span> <span class='ocrx_word' id='word_1_46' title='bbox 1089 532 1220 577; x_wconf 78' lang='lat' dir='ltr'>adcio</span> <span class='ocrx_word' id='word_1_47' title='bbox 1258 533 1296 576; x_wconf 89' lang='lat' dir='ltr'>si</span> <span class='ocrx_word' id='word_1_48' title='bbox 1326 533 1469 577; x_wconf 87' lang='lat' dir='ltr'>faccia</span> <span class='ocrx_word' id='word_1_49' title='bbox 1499 541 1619 577; x_wconf 90' lang='lat' dir='ltr'>tutto</span> <span class='ocrx_word' id='word_1_50' title='bbox 1655 549 1741 578; x_wconf 89' lang='lat' dir='ltr'>con</span> <span class='ocrx_word' id='word_1_51' title='bbox 1778 535 1857 592; x_wconf 69' lang='lat' dir='ltr'>pisi</span> 
     </span>
     <span class='ocr_line' id='line_1_7' title="bbox 227 627 494 672; baseline -0.007 -14"><span class='ocrx_word' id='word_1_52' title='bbox 227 629 343 672; x_wconf 86' lang='lat' dir='ltr'>gran</span> <span class='ocrx_word' id='word_1_53' title='bbox 365 627 494 671; x_wconf 82' lang='lat' dir='ltr'>pace.</span> 
     </span>
    </p>

    <p class='ocr_par' dir='ltr' id='par_1_4' title="bbox 225 686 1859 1132">
     <span class='ocr_line' id='line_1_8' title="bbox 315 686 1858 744; baseline -0.003 -9"><span class='ocrx_word' id='word_1_54' title='bbox 315 692 381 735; x_wconf 85' lang='lat' dir='ltr'>La</span> <span class='ocrx_word' id='word_1_55' title='bbox 403 698 527 734; x_wconf 86' lang='lat' dir='ltr'>terza</span> <span class='ocrx_word' id='word_1_56' title='bbox 547 704 686 734; x_wconf 87' lang='lat' dir='ltr'>causa</span> <span class='ocrx_word' id='word_1_57' title='bbox 705 689 730 733; x_wconf 79' lang='grc' dir='ltr'>ὲ</span> <span class='ocrx_word' id='word_1_58' title='bbox 751 695 866 732; x_wconf 86' lang='lat' dir='ltr'>stata</span> <span class='ocrx_word' id='word_1_59' title='bbox 905 703 932 732; x_wconf 85' lang='lat' dir='ltr'>a</span> <span class='ocrx_word' id='word_1_60' title='bbox 968 687 1058 730; x_wconf 91' lang='lat' dir='ltr'>mio</span> <span class='ocrx_word' id='word_1_61' title='bbox 1095 686 1308 744; x_wconf 72' lang='lat' dir='ltr'>giudifio,</span> <span class='ocrx_word' id='word_1_62' title='bbox 1334 688 1503 744; x_wconf 69' lang='lat' dir='ltr'>perche</span> <span class='ocrx_word' id='word_1_63' title='bbox 1542 688 1579 731; x_wconf 83' lang='lat' dir='ltr'>si</span> <span class='ocrx_word' id='word_1_64' title='bbox 1618 689 1781 732; x_wconf 81' lang='lat' dir='ltr'>cercho</span> <span class='ocrx_word' id='word_1_65' title='bbox 1811 688 1858 731; x_wconf 91' lang='lat' dir='ltr'>in</span> 
     </span>
     <span class='ocr_line' id='line_1_9' title="bbox 226 763 1857 824; baseline -0.002 -14"><span class='ocrx_word' id='word_1_66' title='bbox 226 766 586 824; x_wconf 85' lang='lat' dir='ltr'>congregatione</span> <span class='ocrx_word' id='word_1_67' title='bbox 605 766 652 809; x_wconf 91' lang='lat' dir='ltr'>di</span> <span class='ocrx_word' id='word_1_68' title='bbox 674 766 769 810; x_wconf 85' lang='lat' dir='ltr'>fare</span> <span class='ocrx_word' id='word_1_69' title='bbox 789 766 847 808; x_wconf 90' lang='lat' dir='ltr'>de</span> <span class='ocrx_word' id='word_1_70' title='bbox 868 778 988 807; x_wconf 92' lang='lat' dir='ltr'>novo</span> <span class='ocrx_word' id='word_1_71' title='bbox 1009 763 1179 807; x_wconf 90' lang='lat' dir='ltr'>vicario</span> <span class='ocrx_word' id='word_1_72' title='bbox 1207 765 1343 807; x_wconf 91' lang='lat' dir='ltr'>Mtro.</span> <span class='ocrx_word' id='word_1_73' title='bbox 1376 764 1559 820; x_wconf 89' lang='lat' dir='ltr'><strong>Laynez</strong></span> <span class='ocrx_word' id='word_1_74' title='bbox 1590 774 1634 808; x_wconf 89' lang='lat' dir='ltr'>et</span> <span class='ocrx_word' id='word_1_75' title='bbox 1668 764 1713 808; x_wconf 84' lang='lat' dir='ltr'>di</span> <span class='ocrx_word' id='word_1_76' title='bbox 1745 764 1857 808; x_wconf 91' lang='lat' dir='ltr'>darli</span> 
     </span>
     <span class='ocr_line' id='line_1_10' title="bbox 228 840 1857 900; baseline -0.002 -12"><span class='ocrx_word' id='word_1_77' title='bbox 228 843 456 888; x_wconf 77' lang='lat' dir='ltr'>authorita</span> <span class='ocrx_word' id='word_1_78' title='bbox 479 843 698 900; x_wconf 87' lang='lat' dir='ltr'>magiore‚</span> <span class='ocrx_word' id='word_1_79' title='bbox 722 856 750 886; x_wconf 94' lang='lat' dir='ltr'>o</span> <span class='ocrx_word' id='word_1_80' title='bbox 771 856 880 886; x_wconf 88' lang='lat' dir='ltr'>vero</span> <span class='ocrx_word' id='word_1_81' title='bbox 908 841 954 884; x_wconf 94' lang='lat' dir='ltr'>di</span> <span class='ocrx_word' id='word_1_82' title='bbox 981 840 1150 884; x_wconf 89' lang='lat' dir='ltr'>vicario</span> <span class='ocrx_word' id='word_1_83' title='bbox 1181 855 1209 883; x_wconf 97' lang='lat' dir='ltr'>o</span> <span class='ocrx_word' id='word_1_84' title='bbox 1237 841 1466 897; x_wconf 85' lang='lat' dir='ltr'>preposito</span> <span class='ocrx_word' id='word_1_85' title='bbox 1497 843 1725 897; x_wconf 83' lang='lat' dir='ltr'><strong>generale;</strong></span> <span class='ocrx_word' id='word_1_86' title='bbox 1750 857 1776 886; x_wconf 92' lang='lat' dir='ltr'><strong>e</strong></span> <span class='ocrx_word' id='word_1_87' title='bbox 1810 842 1857 884; x_wconf 85' lang='lat' dir='ltr'>fu</span> 
     </span>
     <span class='ocr_line' id='line_1_11' title="bbox 227 918 1849 976; baseline -0.001 -12"><span class='ocrx_word' id='word_1_88' title='bbox 227 920 415 965; x_wconf 85' lang='lat' dir='ltr'>risoluto</span> <span class='ocrx_word' id='word_1_89' title='bbox 431 921 477 964; x_wconf 92' lang='lat' dir='ltr'>di</span> <span class='ocrx_word' id='word_1_90' title='bbox 493 935 568 974; x_wconf 91' lang='lat' dir='ltr'>no,</span> <span class='ocrx_word' id='word_1_91' title='bbox 586 919 752 976; x_wconf 69' lang='lat' dir='ltr'>perche</span> <span class='ocrx_word' id='word_1_92' title='bbox 767 933 858 963; x_wconf 87' lang='lat' dir='ltr'>non</span> <span class='ocrx_word' id='word_1_93' title='bbox 875 926 1118 976; x_wconf 88' lang='lat' dir='ltr'>potevano,</span> <span class='ocrx_word' id='word_1_94' title='bbox 1140 918 1195 962; x_wconf 65' lang='lat' dir='ltr'>ne&#39;:</span> <span class='ocrx_word' id='word_1_95' title='bbox 1214 932 1376 962; x_wconf 88' lang='lat' dir='ltr'>manco</span> <span class='ocrx_word' id='word_1_96' title='bbox 1393 933 1470 962; x_wconf 89' lang='lat' dir='ltr'>era</span> <span class='ocrx_word' id='word_1_97' title='bbox 1486 919 1763 975; x_wconf 83' lang='lat' dir='ltr'><strong>espediente‚</strong></span> <span class='ocrx_word' id='word_1_98' title='bbox 1783 934 1849 963; x_wconf 78' lang='lat' dir='ltr'>es-</span> 
     </span>
     <span class='ocr_line' id='line_1_12' title="bbox 225 995 1857 1053; baseline -0.002 -12"><span class='ocrx_word' id='word_1_99' title='bbox 225 998 368 1043; x_wconf 90' lang='lat' dir='ltr'>sendo</span> <span class='ocrx_word' id='word_1_100' title='bbox 389 997 436 1040; x_wconf 92' lang='lat' dir='ltr'>in</span> <span class='ocrx_word' id='word_1_101' title='bbox 459 998 601 1040; x_wconf 86' lang='lat' dir='ltr'>Roma</span> <span class='ocrx_word' id='word_1_102' title='bbox 634 998 676 1040; x_wconf 90' lang='lat' dir='ltr'>la</span> <span class='ocrx_word' id='word_1_103' title='bbox 707 1010 871 1039; x_wconf 88' lang='lat' dir='ltr'>manco</span> <span class='ocrx_word' id='word_1_104' title='bbox 901 1003 1028 1052; x_wconf 89' lang='lat' dir='ltr'>parte</span> <span class='ocrx_word' id='word_1_105' title='bbox 1060 996 1134 1040; x_wconf 87' lang='lat' dir='ltr'>del</span> <span class='ocrx_word' id='word_1_106' title='bbox 1165 995 1384 1052; x_wconf 86' lang='lat' dir='ltr'>capitulo,</span> <span class='ocrx_word' id='word_1_107' title='bbox 1410 1004 1456 1040; x_wconf 86' lang='lat' dir='ltr'>et</span> <span class='ocrx_word' id='word_1_108' title='bbox 1489 997 1691 1039; x_wconf 84' lang='lat' dir='ltr'>anchora</span> <span class='ocrx_word' id='word_1_109' title='bbox 1723 997 1857 1053; x_wconf 92' lang='lat' dir='ltr'>dapoi</span> 
     </span>
     <span class='ocr_line' id='line_1_13' title="bbox 226 1073 1859 1132; baseline -0.001 -14"><span class='ocrx_word' id='word_1_110' title='bbox 226 1082 389 1132; x_wconf 84' lang='lat' dir='ltr'>questo</span> <span class='ocrx_word' id='word_1_111' title='bbox 411 1074 659 1118; x_wconf 86' lang='lat' dir='ltr'>medesimo</span> <span class='ocrx_word' id='word_1_112' title='bbox 680 1074 719 1117; x_wconf 90' lang='lat' dir='ltr'>si</span> <span class='ocrx_word' id='word_1_113' title='bbox 740 1074 935 1130; x_wconf 81' lang='lat' dir='ltr'>procuro</span> <span class='ocrx_word' id='word_1_114' title='bbox 956 1087 1037 1130; x_wconf 91' lang='lat' dir='ltr'>per</span> <span class='ocrx_word' id='word_1_115' title='bbox 1058 1073 1100 1117; x_wconf 87' lang='lat' dir='ltr'>le</span> <span class='ocrx_word' id='word_1_116' title='bbox 1122 1086 1352 1117; x_wconf 87' lang='lat' dir='ltr'>cammere</span> <span class='ocrx_word' id='word_1_117' title='bbox 1373 1087 1462 1116; x_wconf 93' lang='lat' dir='ltr'>con</span> <span class='ocrx_word' id='word_1_118' title='bbox 1486 1073 1661 1129; x_wconf 84' lang='lat' dir='ltr'>pratica</span> <span class='ocrx_word' id='word_1_119' title='bbox 1692 1074 1735 1116; x_wconf 91' lang='lat' dir='ltr'>di</span> <span class='ocrx_word' id='word_1_120' title='bbox 1761 1081 1859 1117; x_wconf 83' lang='lat' dir='ltr'>sot-</span> 
     </span>
    </p>
   </div>
   <div class='ocr_carea' id='block_1_4' title="bbox 162 1149 1858 1205">
    <p class='ocr_par' dir='ltr' id='par_1_5' title="bbox 162 1149 1858 1205">
     <span class='ocr_line' id='line_1_14' title="bbox 162 1149 1858 1205; baseline -0.002 -9"><span class='ocrx_word' id='word_1_121' title='bbox 162 1154 165 1157; x_wconf 89' lang='grc'><strong>’</strong></span> <span class='ocrx_word' id='word_1_122' title='bbox 227 1151 473 1198; x_wconf 88' lang='lat' dir='ltr'>toserivere</span> <span class='ocrx_word' id='word_1_123' title='bbox 506 1166 597 1195; x_wconf 93' lang='lat' dir='ltr'>uno</span> <span class='ocrx_word' id='word_1_124' title='bbox 619 1151 794 1205; x_wconf 86' lang='lat' dir='ltr'>scritt03</span> <span class='ocrx_word' id='word_1_125' title='bbox 819 1166 893 1194; x_wconf 89' lang='lat' dir='ltr'>ma</span> <span class='ocrx_word' id='word_1_126' title='bbox 914 1150 1066 1194; x_wconf 86' lang='lat' dir='ltr'>subito</span> <span class='ocrx_word' id='word_1_127' title='bbox 1098 1151 1231 1194; x_wconf 89' lang='lat' dir='ltr'>furno</span> <span class='ocrx_word' id='word_1_128' title='bbox 1263 1149 1414 1203; x_wconf 83' lang='lat' dir='ltr'>intesi3</span> <span class='ocrx_word' id='word_1_129' title='bbox 1441 1157 1486 1195; x_wconf 89' lang='lat' dir='ltr'>et</span> <span class='ocrx_word' id='word_1_130' title='bbox 1517 1150 1548 1193; x_wconf 90' lang='lat' dir='ltr'>li</span> <span class='ocrx_word' id='word_1_131' title='bbox 1582 1151 1629 1194; x_wconf 88' lang='lat' dir='ltr'>fu</span> <span class='ocrx_word' id='word_1_132' title='bbox 1662 1152 1767 1194; x_wconf 89' lang='lat' dir='ltr'>data</span> <span class='ocrx_word' id='word_1_133' title='bbox 1799 1151 1858 1193; x_wconf 90' lang='lat' dir='ltr'>ri-</span> 
     </span>
    </p>
   </div>
   <div class='ocr_carea' id='block_1_5' title="bbox 206 1229 1859 1902">
    <p class='ocr_par' dir='ltr' id='par_1_6' title="bbox 225 1229 371 1286">
     <span class='ocr_line' id='line_1_15' title="bbox 225 1229 371 1286; baseline -0.014 -12"><span class='ocrx_word' id='word_1_134' title='bbox 225 1229 371 1286; x_wconf 88' lang='lat' dir='ltr'>pulsa.</span> 
     </span>
    </p>

    <p class='ocr_par' dir='ltr' id='par_1_7' title="bbox 206 1305 1859 1902">
     <span class='ocr_line' id='line_1_16' title="bbox 313 1305 1855 1363; baseline -0.001 -12"><span class='ocrx_word' id='word_1_135' title='bbox 313 1307 490 1363; x_wconf 76' lang='lat' dir='ltr'><strong>Queste</strong></span> <span class='ocrx_word' id='word_1_136' title='bbox 512 1321 658 1350; x_wconf 88' lang='lat' dir='ltr'>sonno</span> <span class='ocrx_word' id='word_1_137' title='bbox 678 1307 721 1349; x_wconf 90' lang='lat' dir='ltr'>le</span> <span class='ocrx_word' id='word_1_138' title='bbox 746 1307 932 1351; x_wconf 85' lang='lat' dir='ltr'>fontane</span> <span class='ocrx_word' id='word_1_139' title='bbox 952 1321 1090 1350; x_wconf 85' lang='lat' dir='ltr'>cause</span> <span class='ocrx_word' id='word_1_140' title='bbox 1124 1313 1170 1351; x_wconf 89' lang='lat' dir='ltr'>et</span> <span class='ocrx_word' id='word_1_141' title='bbox 1202 1305 1381 1363; x_wconf 81' lang='lat' dir='ltr'>proprie</span> <span class='ocrx_word' id='word_1_142' title='bbox 1413 1305 1660 1362; x_wconf 82' lang='lat' dir='ltr'>principale</span> <span class='ocrx_word' id='word_1_143' title='bbox 1689 1306 1855 1359; x_wconf 86' lang='lat' dir='ltr'>radice,</span> 
     </span>
     <span class='ocr_line' id='line_1_17' title="bbox 225 1382 1859 1440; baseline 0.001 -13"><span class='ocrx_word' id='word_1_144' title='bbox 225 1397 307 1440; x_wconf 88' lang='lat' dir='ltr'>per</span> <span class='ocrx_word' id='word_1_145' title='bbox 327 1384 369 1426; x_wconf 84' lang='lat' dir='ltr'>le</span> <span class='ocrx_word' id='word_1_146' title='bbox 390 1384 523 1440; x_wconf 81' lang='lat' dir='ltr'><strong>quale</strong></span> <span class='ocrx_word' id='word_1_147' title='bbox 545 1390 672 1427; x_wconf 90' lang='lat' dir='ltr'>tanto</span> <span class='ocrx_word' id='word_1_148' title='bbox 699 1383 736 1427; x_wconf 85' lang='lat' dir='ltr'>si</span> <span class='ocrx_word' id='word_1_149' title='bbox 764 1398 1016 1440; x_wconf 87' lang='lat' dir='ltr'>procurava</span> <span class='ocrx_word' id='word_1_150' title='bbox 1053 1384 1222 1428; x_wconf 84' lang='lat' dir='ltr'>andare</span> <span class='ocrx_word' id='word_1_151' title='bbox 1258 1382 1304 1427; x_wconf 92' lang='lat' dir='ltr'>in</span> <span class='ocrx_word' id='word_1_152' title='bbox 1341 1383 1547 1440; x_wconf 81' lang='lat' dir='ltr'>Spagna,</span> <span class='ocrx_word' id='word_1_153' title='bbox 1579 1398 1716 1426; x_wconf 84' lang='lat' dir='ltr'><strong>senza</strong></span> <span class='ocrx_word' id='word_1_154' title='bbox 1745 1385 1859 1429; x_wconf 90' lang='lat' dir='ltr'>altre</span> 
     </span>
     <span class='ocr_line' id='line_1_18' title="bbox 224 1459 1858 1516; baseline -0.001 -12"><span class='ocrx_word' id='word_1_155' title='bbox 224 1461 310 1504; x_wconf 86' lang='lat' dir='ltr'>che</span> <span class='ocrx_word' id='word_1_156' title='bbox 329 1473 422 1503; x_wconf 91' lang='lat' dir='ltr'>non</span> <span class='ocrx_word' id='word_1_157' title='bbox 442 1459 597 1516; x_wconf 88' lang='lat' dir='ltr'>voglio</span> <span class='ocrx_word' id='word_1_158' title='bbox 617 1459 830 1505; x_wconf 85' lang='lat' dir='ltr'><strong>scrivere.</strong></span> <span class='ocrx_word' id='word_1_159' title='bbox 869 1462 1006 1504; x_wconf 82' lang='lat' dir='ltr'>Basta</span> <span class='ocrx_word' id='word_1_160' title='bbox 1027 1462 1114 1505; x_wconf 89' lang='lat' dir='ltr'>che</span> <span class='ocrx_word' id='word_1_161' title='bbox 1134 1475 1184 1504; x_wconf 89' lang='lat' dir='ltr'>se</span> <span class='ocrx_word' id='word_1_162' title='bbox 1205 1460 1392 1504; x_wconf 90' lang='lat' dir='ltr'>intenda</span> <span class='ocrx_word' id='word_1_163' title='bbox 1428 1461 1469 1504; x_wconf 91' lang='lat' dir='ltr'>el</span> <span class='ocrx_word' id='word_1_164' title='bbox 1499 1461 1649 1512; x_wconf 90' lang='lat' dir='ltr'>modo;</span> <span class='ocrx_word' id='word_1_165' title='bbox 1677 1462 1756 1503; x_wconf 82' lang='lat' dir='ltr'>sed</span> <span class='ocrx_word' id='word_1_166' title='bbox 1780 1461 1858 1516; x_wconf 89' lang='lat' dir='ltr'>qui</span> 
     </span>
     <span class='ocr_line' id='line_1_19' title="bbox 206 1523 1858 1593; baseline -0.001 -12"><span class='ocrx_word' id='word_1_167' title='bbox 206 1523 566 1593; x_wconf 46' lang='lat' dir='ltr'>&#39;comprehendit</span> <span class='ocrx_word' id='word_1_168' title='bbox 596 1537 826 1593; x_wconf 86' lang='lat' dir='ltr'><strong>sapientes</strong></span> <span class='ocrx_word' id='word_1_169' title='bbox 853 1537 900 1580; x_wconf 91' lang='lat' dir='ltr'>in</span> <span class='ocrx_word' id='word_1_170' title='bbox 937 1538 1104 1581; x_wconf 87' lang='lat' dir='ltr'>astutia</span> <span class='ocrx_word' id='word_1_171' title='bbox 1132 1553 1215 1582; x_wconf 81' lang='lat' dir='ltr'>sua</span> <span class='ocrx_word' id='word_1_172' title='bbox 1252 1539 1280 1591; x_wconf 87' lang='lat'>¹,</span> <span class='ocrx_word' id='word_1_173' title='bbox 1311 1536 1526 1581; x_wconf 84' lang='lat' dir='ltr'>dominus</span> <span class='ocrx_word' id='word_1_174' title='bbox 1556 1539 1682 1582; x_wconf 81' lang='lat' dir='ltr'><strong>Deus</strong></span> <span class='ocrx_word' id='word_1_175' title='bbox 1720 1537 1858 1580; x_wconf 86' lang='lat' dir='ltr'>irrisit</span> 
     </span>
     <span class='ocr_line' id='line_1_20' title="bbox 223 1613 1858 1670; baseline -0.001 -13"><span class='ocrx_word' id='word_1_176' title='bbox 223 1627 303 1658; x_wconf 90' lang='lat' dir='ltr'>eos</span> <span class='ocrx_word' id='word_1_177' title='bbox 333 1613 368 1666; x_wconf 77' lang='lat'>²,</span> <span class='ocrx_word' id='word_1_178' title='bbox 391 1620 438 1657; x_wconf 90' lang='lat' dir='ltr'>et</span> <span class='ocrx_word' id='word_1_179' title='bbox 458 1628 549 1656; x_wconf 93' lang='lat' dir='ltr'>non</span> <span class='ocrx_word' id='word_1_180' title='bbox 572 1614 632 1656; x_wconf 90' lang='lat' dir='ltr'>ha</span> <span class='ocrx_word' id='word_1_181' title='bbox 654 1628 886 1670; x_wconf 85' lang='lat' dir='ltr'>permesso</span> <span class='ocrx_word' id='word_1_182' title='bbox 909 1615 999 1659; x_wconf 88' lang='lat' dir='ltr'>che</span> <span class='ocrx_word' id='word_1_183' title='bbox 1020 1629 1070 1658; x_wconf 85' lang='lat' dir='ltr'>se</span> <span class='ocrx_word' id='word_1_184' title='bbox 1092 1615 1287 1658; x_wconf 84' lang='lat' dir='ltr'>andasse</span> <span class='ocrx_word' id='word_1_185' title='bbox 1308 1614 1355 1657; x_wconf 91' lang='lat' dir='ltr'>in</span> <span class='ocrx_word' id='word_1_186' title='bbox 1378 1615 1582 1670; x_wconf 84' lang='lat' dir='ltr'>Spagna,</span> <span class='ocrx_word' id='word_1_187' title='bbox 1610 1629 1680 1657; x_wconf 82' lang='lat' dir='ltr'>ma</span> <span class='ocrx_word' id='word_1_188' title='bbox 1713 1616 1797 1658; x_wconf 86' lang='lat' dir='ltr'>che</span> <span class='ocrx_word' id='word_1_189' title='bbox 1820 1614 1858 1657; x_wconf 83' lang='lat' dir='ltr'>si</span> 
     </span>
     <span class='ocr_line' id='line_1_21' title="bbox 222 1689 1859 1748; baseline -0.001 -14"><span class='ocrx_word' id='word_1_190' title='bbox 222 1689 367 1734; x_wconf 90' lang='lat' dir='ltr'>faccia</span> <span class='ocrx_word' id='word_1_191' title='bbox 397 1689 444 1733; x_wconf 91' lang='lat' dir='ltr'>in</span> <span class='ocrx_word' id='word_1_192' title='bbox 465 1691 608 1734; x_wconf 90' lang='lat' dir='ltr'>Roma</span> <span class='ocrx_word' id='word_1_193' title='bbox 628 1690 659 1733; x_wconf 93' lang='lat' dir='ltr'>il</span> <span class='ocrx_word' id='word_1_194' title='bbox 681 1691 880 1747; x_wconf 86' lang='lat' dir='ltr'>capitulo</span> <span class='ocrx_word' id='word_1_195' title='bbox 901 1692 1132 1748; x_wconf 85' lang='lat' dir='ltr'><strong>generale,</strong></span> <span class='ocrx_word' id='word_1_196' title='bbox 1157 1699 1204 1735; x_wconf 86' lang='lat' dir='ltr'>et</span> <span class='ocrx_word' id='word_1_197' title='bbox 1225 1692 1314 1735; x_wconf 91' lang='lat' dir='ltr'>che</span> <span class='ocrx_word' id='word_1_198' title='bbox 1335 1691 1374 1735; x_wconf 83' lang='lat' dir='ltr'>si</span> <span class='ocrx_word' id='word_1_199' title='bbox 1396 1692 1574 1735; x_wconf 87' lang='lat' dir='ltr'>vedano</span> <span class='ocrx_word' id='word_1_200' title='bbox 1597 1692 1638 1735; x_wconf 88' lang='lat' dir='ltr'>le</span> <span class='ocrx_word' id='word_1_201' title='bbox 1661 1692 1781 1736; x_wconf 86' lang='lat' dir='ltr'>bolle</span> <span class='ocrx_word' id='word_1_202' title='bbox 1813 1698 1859 1734; x_wconf 87' lang='lat' dir='ltr'>et</span> 
     </span>
     <span class='ocr_line' id='line_1_22' title="bbox 223 1766 1854 1824; baseline 0 -14"><span class='ocrx_word' id='word_1_203' title='bbox 223 1766 567 1820; x_wconf 86' lang='lat' dir='ltr'>constitutione,</span> <span class='ocrx_word' id='word_1_204' title='bbox 591 1775 638 1812; x_wconf 90' lang='lat' dir='ltr'>et</span> <span class='ocrx_word' id='word_1_205' title='bbox 659 1767 697 1811; x_wconf 86' lang='lat' dir='ltr'>si</span> <span class='ocrx_word' id='word_1_206' title='bbox 725 1768 973 1811; x_wconf 88' lang='lat' dir='ltr'>reformino</span> <span class='ocrx_word' id='word_1_207' title='bbox 994 1775 1041 1813; x_wconf 84' lang='lat' dir='ltr'>et</span> <span class='ocrx_word' id='word_1_208' title='bbox 1063 1768 1282 1824; x_wconf 87' lang='lat' dir='ltr'>aprobino</span> <span class='ocrx_word' id='word_1_209' title='bbox 1310 1769 1428 1812; x_wconf 84' lang='lat' dir='ltr'>dalla</span> <span class='ocrx_word' id='word_1_210' title='bbox 1458 1769 1565 1812; x_wconf 85' lang='lat' dir='ltr'><strong>sede</strong></span> <span class='ocrx_word' id='word_1_211' title='bbox 1588 1767 1854 1824; x_wconf 80' lang='lat' dir='ltr'>apostolica,</span> 
     </span>
     <span class='ocr_line' id='line_1_23' title="bbox 224 1843 1857 1902; baseline 0 -15"><span class='ocrx_word' id='word_1_212' title='bbox 224 1843 355 1888; x_wconf 76' lang='lat' dir='ltr'>adcio</span> <span class='ocrx_word' id='word_1_213' title='bbox 386 1843 517 1888; x_wconf 86' lang='lat' dir='ltr'>siano</span> <span class='ocrx_word' id='word_1_214' title='bbox 541 1844 619 1901; x_wconf 70' lang='lat' dir='ltr'>pin</span> <span class='ocrx_word' id='word_1_215' title='bbox 642 1845 798 1897; x_wconf 88' lang='lat' dir='ltr'><strong>ferme,</strong></span> <span class='ocrx_word' id='word_1_216' title='bbox 824 1843 863 1889; x_wconf 77' lang='lat' dir='ltr'>si</span> <span class='ocrx_word' id='word_1_217' title='bbox 885 1860 966 1902; x_wconf 87' lang='lat' dir='ltr'>per</span> <span class='ocrx_word' id='word_1_218' title='bbox 988 1845 1080 1899; x_wconf 84' lang='lat' dir='ltr'>noi,</span> <span class='ocrx_word' id='word_1_219' title='bbox 1105 1860 1235 1890; x_wconf 87' lang='lat' dir='ltr'>come</span> <span class='ocrx_word' id='word_1_220' title='bbox 1256 1847 1457 1889; x_wconf 86' lang='lat' dir='ltr'>anchora</span> <span class='ocrx_word' id='word_1_221' title='bbox 1479 1852 1638 1888; x_wconf 87' lang='lat' dir='ltr'>contra</span> <span class='ocrx_word' id='word_1_222' title='bbox 1660 1844 1691 1887; x_wconf 90' lang='lat' dir='ltr'>li</span> <span class='ocrx_word' id='word_1_223' title='bbox 1714 1845 1857 1887; x_wconf 84' lang='lat' dir='ltr'>nostri</span> 
     </span>
    </p>
   </div>
   <div class='ocr_carea' id='block_1_6' title="bbox 148 1921 1858 1979">
    <p class='ocr_par' dir='ltr' id='par_1_8' title="bbox 148 1921 1858 1979">
     <span class='ocr_line' id='line_1_24' title="bbox 148 1921 1858 1979; baseline 0 -15"><span class='ocrx_word' id='word_1_224' title='bbox 148 1935 158 1940; x_wconf 50' lang='lat'><em>²</em></span> <span class='ocrx_word' id='word_1_225' title='bbox 223 1921 519 1979; x_wconf 82' lang='lat' dir='ltr'>persecutori3</span> <span class='ocrx_word' id='word_1_226' title='bbox 544 1929 590 1966; x_wconf 91' lang='lat' dir='ltr'>et</span> <span class='ocrx_word' id='word_1_227' title='bbox 617 1922 712 1965; x_wconf 75' lang='lat' dir='ltr'>cosi</span> <span class='ocrx_word' id='word_1_228' title='bbox 736 1923 874 1966; x_wconf 87' lang='lat' dir='ltr'>credo</span> <span class='ocrx_word' id='word_1_229' title='bbox 895 1923 983 1966; x_wconf 88' lang='lat' dir='ltr'>che</span> <span class='ocrx_word' id='word_1_230' title='bbox 1011 1922 1076 1966; x_wconf 85' lang='lat' dir='ltr'>sia</span> <span class='ocrx_word' id='word_1_231' title='bbox 1107 1930 1227 1966; x_wconf 87' lang='lat' dir='ltr'>stato</span> <span class='ocrx_word' id='word_1_232' title='bbox 1249 1923 1323 1966; x_wconf 90' lang='lat' dir='ltr'>dal</span> <span class='ocrx_word' id='word_1_233' title='bbox 1352 1922 1522 1978; x_wconf 88' lang='lat' dir='ltr'>Spirito</span> <span class='ocrx_word' id='word_1_234' title='bbox 1543 1930 1675 1965; x_wconf 84' lang='lat' dir='ltr'>santo</span> <span class='ocrx_word' id='word_1_235' title='bbox 1699 1929 1858 1977; x_wconf 82' lang='lat' dir='ltr'><strong>queste</strong></span> 
     </span>
    </p>
   </div>
   <div class='ocr_carea' id='block_1_7' title="bbox 0 1245 117 3470">
    <p class='ocr_par' dir='ltr' id='par_1_9' title="bbox 0 1245 117 3470">
     <span class='ocr_line' id='line_1_25' title="bbox 0 1245 117 3470; baseline 0 0"><span class='ocrx_word' id='word_1_236' title='bbox 0 1245 117 3470; x_wconf 95' lang='lat' dir='ltr'> </span> 
     </span>
    </p>
   </div>
   <div class='ocr_carea' id='block_1_8' title="bbox 222 1999 1856 2900">
    <p class='ocr_par' dir='ltr' id='par_1_10' title="bbox 222 1999 1856 2900">
     <span class='ocr_line' id='line_1_26' title="bbox 223 1999 1856 2054; baseline -0.002 -11"><span class='ocrx_word' id='word_1_237' title='bbox 223 2004 292 2043; x_wconf 87' lang='lat' dir='ltr'>tre</span> <span class='ocrx_word' id='word_1_238' title='bbox 306 2012 412 2043; x_wconf 86' lang='lat' dir='ltr'>cose</span> <span class='ocrx_word' id='word_1_239' title='bbox 427 2000 513 2043; x_wconf 91' lang='lat' dir='ltr'>che</span> <span class='ocrx_word' id='word_1_240' title='bbox 523 2000 584 2041; x_wconf 86' lang='lat' dir='ltr'>ha</span> <span class='ocrx_word' id='word_1_241' title='bbox 601 1999 807 2042; x_wconf 89' lang='lat' dir='ltr'>ordinato</span> <span class='ocrx_word' id='word_1_242' title='bbox 829 2000 923 2044; x_wconf 88' lang='lat' dir='ltr'>Sua</span> <span class='ocrx_word' id='word_1_243' title='bbox 940 2000 1036 2044; x_wconf 50' lang='lat' dir='ltr'>Sffa</span> <span class='ocrx_word' id='word_1_244' title='bbox 1056 2034 1065 2042; x_wconf 94' lang='lat'><strong>.</strong></span> <span class='ocrx_word' id='word_1_245' title='bbox 1094 2000 1268 2044; x_wconf 70' lang='lat' dir='ltr'>Perche</span> <span class='ocrx_word' id='word_1_246' title='bbox 1285 2000 1402 2043; x_wconf 86' lang='lat' dir='ltr'>dove</span> <span class='ocrx_word' id='word_1_247' title='bbox 1418 2000 1514 2042; x_wconf 91' lang='lat' dir='ltr'>loro</span> <span class='ocrx_word' id='word_1_248' title='bbox 1537 2006 1664 2042; x_wconf 86' lang='lat' dir='ltr'>tanto</span> <span class='ocrx_word' id='word_1_249' title='bbox 1681 1999 1856 2054; x_wconf 78' lang='lat' dir='ltr'>magni-</span> 
     </span>
     <span class='ocr_line' id='line_1_27' title="bbox 222 2068 1856 2129; baseline 0.001 -11"><span class='ocrx_word' id='word_1_250' title='bbox 222 2068 432 2119; x_wconf 73' lang='lat' dir='ltr'>ficauano</span> <span class='ocrx_word' id='word_1_251' title='bbox 453 2076 496 2120; x_wconf 91' lang='lat' dir='ltr'>le</span> <span class='ocrx_word' id='word_1_252' title='bbox 517 2076 843 2120; x_wconf 86' lang='lat' dir='ltr'>constitutione</span> <span class='ocrx_word' id='word_1_253' title='bbox 865 2083 911 2120; x_wconf 88' lang='lat' dir='ltr'>et</span> <span class='ocrx_word' id='word_1_254' title='bbox 933 2091 1015 2120; x_wconf 86' lang='lat' dir='ltr'>sua</span> <span class='ocrx_word' id='word_1_255' title='bbox 1036 2076 1282 2129; x_wconf 77' lang='lat' dir='ltr'>authorita‚</span> <span class='ocrx_word' id='word_1_256' title='bbox 1308 2077 1470 2121; x_wconf 79' lang='lat' dir='ltr'>adesso</span> <span class='ocrx_word' id='word_1_257' title='bbox 1494 2079 1652 2119; x_wconf 87' lang='lat' dir='ltr'>hanno</span> <span class='ocrx_word' id='word_1_258' title='bbox 1682 2076 1856 2119; x_wconf 85' lang='lat' dir='ltr'>confes·</span> 
     </span>
     <span class='ocr_line' id='line_1_28' title="bbox 222 2153 1856 2205; baseline -0.001 -10"><span class='ocrx_word' id='word_1_259' title='bbox 222 2159 322 2196; x_wconf 84' lang='lat' dir='ltr'>sato</span> <span class='ocrx_word' id='word_1_260' title='bbox 343 2154 428 2197; x_wconf 90' lang='lat' dir='ltr'>che</span> <span class='ocrx_word' id='word_1_261' title='bbox 454 2166 599 2196; x_wconf 88' lang='lat' dir='ltr'>sonno</span> <span class='ocrx_word' id='word_1_262' title='bbox 631 2153 676 2195; x_wconf 92' lang='lat' dir='ltr'>in</span> <span class='ocrx_word' id='word_1_263' title='bbox 709 2153 807 2196; x_wconf 87' lang='lat' dir='ltr'>fieri</span> <span class='ocrx_word' id='word_1_264' title='bbox 830 2161 876 2196; x_wconf 87' lang='lat' dir='ltr'>et</span> <span class='ocrx_word' id='word_1_265' title='bbox 907 2168 999 2196; x_wconf 90' lang='lat' dir='ltr'>non</span> <span class='ocrx_word' id='word_1_266' title='bbox 1021 2168 1167 2197; x_wconf 86' lang='lat' dir='ltr'>sonno</span> <span class='ocrx_word' id='word_1_267' title='bbox 1196 2153 1243 2196; x_wconf 91' lang='lat' dir='ltr'>in</span> <span class='ocrx_word' id='word_1_268' title='bbox 1270 2153 1576 2205; x_wconf 80' lang='lat' dir='ltr'>observantia,</span> <span class='ocrx_word' id='word_1_269' title='bbox 1608 2163 1653 2195; x_wconf 84' lang='lat' dir='ltr'>et</span> <span class='ocrx_word' id='word_1_270' title='bbox 1683 2154 1775 2195; x_wconf 77' lang='lat' dir='ltr'>cosi</span> <span class='ocrx_word' id='word_1_271' title='bbox 1809 2155 1856 2195; x_wconf 90' lang='lat' dir='ltr'>fu</span> 
     </span>
     <span class='ocr_line' id='line_1_29' title="bbox 222 2228 1856 2287; baseline -0.001 -15"><span class='ocrx_word' id='word_1_272' title='bbox 222 2228 381 2272; x_wconf 87' lang='lat' dir='ltr'>scritto</span> <span class='ocrx_word' id='word_1_273' title='bbox 402 2228 476 2272; x_wconf 77' lang='lat' dir='ltr'>alli</span> <span class='ocrx_word' id='word_1_274' title='bbox 503 2229 621 2273; x_wconf 88' lang='lat' dir='ltr'>Rmi.</span> <span class='ocrx_word' id='word_1_275' title='bbox 647 2229 863 2273; x_wconf 87' lang='lat' dir='ltr'>cardinali</span> <span class='ocrx_word' id='word_1_276' title='bbox 885 2245 966 2287; x_wconf 86' lang='lat' dir='ltr'>per</span> <span class='ocrx_word' id='word_1_277' title='bbox 988 2230 1232 2274; x_wconf 82' lang='lat' dir='ltr'>informare</span> <span class='ocrx_word' id='word_1_278' title='bbox 1253 2230 1285 2273; x_wconf 85' lang='lat' dir='ltr'>il</span> <span class='ocrx_word' id='word_1_279' title='bbox 1307 2245 1438 2287; x_wconf 87' lang='lat' dir='ltr'>papa;</span> <span class='ocrx_word' id='word_1_280' title='bbox 1465 2239 1510 2273; x_wconf 86' lang='lat' dir='ltr'>et</span> <span class='ocrx_word' id='word_1_281' title='bbox 1532 2231 1648 2273; x_wconf 90' lang='lat' dir='ltr'>dove</span> <span class='ocrx_word' id='word_1_282' title='bbox 1671 2231 1766 2272; x_wconf 87' lang='lat' dir='ltr'>loro</span> <span class='ocrx_word' id='word_1_283' title='bbox 1790 2237 1856 2272; x_wconf 89' lang='lat' dir='ltr'>tre</span> 
     </span>
     <span class='ocr_line' id='line_1_30' title="bbox 225 2306 1855 2363; baseline 0 -15"><span class='ocrx_word' id='word_1_284' title='bbox 225 2311 351 2349; x_wconf 86' lang='lat' dir='ltr'>tanto</span> <span class='ocrx_word' id='word_1_285' title='bbox 378 2319 693 2362; x_wconf 86' lang='lat' dir='ltr'>procuravano</span> <span class='ocrx_word' id='word_1_286' title='bbox 722 2309 808 2352; x_wconf 86' lang='lat' dir='ltr'>che</span> <span class='ocrx_word' id='word_1_287' title='bbox 839 2309 976 2352; x_wconf 89' lang='lat' dir='ltr'>Mtro.</span> <span class='ocrx_word' id='word_1_288' title='bbox 1015 2308 1200 2363; x_wconf 88' lang='lat' dir='ltr'><strong>Laynez</strong></span> <span class='ocrx_word' id='word_1_289' title='bbox 1232 2309 1355 2351; x_wconf 82' lang='lat' dir='ltr'><strong>fusse</strong></span> <span class='ocrx_word' id='word_1_290' title='bbox 1385 2315 1538 2351; x_wconf 85' lang='lat' dir='ltr'>creato</span> <span class='ocrx_word' id='word_1_291' title='bbox 1566 2306 1734 2349; x_wconf 79' lang='lat' dir='ltr'>vicario</span> <span class='ocrx_word' id='word_1_292' title='bbox 1767 2320 1855 2348; x_wconf 91' lang='lat' dir='ltr'>con</span> 
     </span>
     <span class='ocr_line' id='line_1_31' title="bbox 224 2381 1852 2441; baseline -0.001 -16"><span class='ocrx_word' id='word_1_293' title='bbox 224 2381 470 2435; x_wconf 65' lang='lat' dir='ltr'>authorita,</span> <span class='ocrx_word' id='word_1_294' title='bbox 496 2383 656 2427; x_wconf 86' lang='lat' dir='ltr'>adesso</span> <span class='ocrx_word' id='word_1_295' title='bbox 678 2391 798 2427; x_wconf 85' lang='lat' dir='ltr'>resta</span> <span class='ocrx_word' id='word_1_296' title='bbox 819 2384 864 2427; x_wconf 88' lang='lat' dir='ltr'>di</span> <span class='ocrx_word' id='word_1_297' title='bbox 893 2385 997 2440; x_wconf 86' lang='lat' dir='ltr'>jure</span> <span class='ocrx_word' id='word_1_298' title='bbox 1025 2399 1282 2441; x_wconf 89' lang='lat' dir='ltr'>compagno</span> <span class='ocrx_word' id='word_1_299' title='bbox 1320 2399 1407 2428; x_wconf 87' lang='lat' dir='ltr'>con</span> <span class='ocrx_word' id='word_1_300' title='bbox 1445 2383 1475 2425; x_wconf 89' lang='lat' dir='ltr'>li</span> <span class='ocrx_word' id='word_1_301' title='bbox 1504 2383 1633 2439; x_wconf 87' lang='lat' dir='ltr'>primi</span> <span class='ocrx_word' id='word_1_302' title='bbox 1663 2382 1852 2438; x_wconf 78' lang='lat' dir='ltr'>professi</span> 
     </span>
     <span class='ocr_line' id='line_1_32' title="bbox 225 2458 1855 2516; baseline 0 -15"><span class='ocrx_word' id='word_1_303' title='bbox 225 2458 466 2512; x_wconf 82' lang='lat' dir='ltr'>fondatori,</span> <span class='ocrx_word' id='word_1_304' title='bbox 491 2459 597 2503; x_wconf 83' lang='lat' dir='ltr'>delii</span> <span class='ocrx_word' id='word_1_305' title='bbox 629 2461 751 2516; x_wconf 87' lang='lat' dir='ltr'>quali</span> <span class='ocrx_word' id='word_1_306' title='bbox 787 2476 878 2504; x_wconf 90' lang='lat' dir='ltr'>non</span> <span class='ocrx_word' id='word_1_307' title='bbox 906 2463 1059 2505; x_wconf 87' lang='lat' dir='ltr'>hanno</span> <span class='ocrx_word' id='word_1_308' title='bbox 1088 2463 1202 2505; x_wconf 86' lang='lat' dir='ltr'>fatto</span> <span class='ocrx_word' id='word_1_309' title='bbox 1225 2470 1376 2514; x_wconf 87' lang='lat' dir='ltr'>conto,</span> <span class='ocrx_word' id='word_1_310' title='bbox 1410 2476 1457 2504; x_wconf 83' lang='lat' dir='ltr'>se</span> <span class='ocrx_word' id='word_1_311' title='bbox 1495 2476 1586 2503; x_wconf 90' lang='lat' dir='ltr'>non</span> <span class='ocrx_word' id='word_1_312' title='bbox 1615 2460 1719 2503; x_wconf 82' lang='lat' dir='ltr'>delli</span> <span class='ocrx_word' id='word_1_313' title='bbox 1756 2459 1855 2502; x_wconf 79' lang='lat' dir='ltr'>suoi</span> 
     </span>
     <span class='ocr_line' id='line_1_33' title="bbox 224 2535 1761 2595; baseline -0.001 -16"><span class='ocrx_word' id='word_1_314' title='bbox 224 2535 481 2590; x_wconf 88' lang='lat' dir='ltr'>adherenti,</span> <span class='ocrx_word' id='word_1_315' title='bbox 506 2536 521 2579; x_wconf 91' lang='lat' dir='ltr'>i</span> <span class='ocrx_word' id='word_1_316' title='bbox 543 2537 665 2592; x_wconf 87' lang='lat' dir='ltr'>quali</span> <span class='ocrx_word' id='word_1_317' title='bbox 687 2538 731 2580; x_wconf 92' lang='lat' dir='ltr'>lo</span> <span class='ocrx_word' id='word_1_318' title='bbox 751 2552 1015 2594; x_wconf 84' lang='lat' dir='ltr'>governano</span> <span class='ocrx_word' id='word_1_319' title='bbox 1039 2552 1170 2581; x_wconf 91' lang='lat' dir='ltr'>come</span> <span class='ocrx_word' id='word_1_320' title='bbox 1193 2554 1253 2581; x_wconf 92' lang='lat' dir='ltr'>un</span> <span class='ocrx_word' id='word_1_321' title='bbox 1277 2547 1407 2595; x_wconf 86' lang='lat' dir='ltr'>putto</span> <span class='ocrx_word' id='word_1_322' title='bbox 1431 2538 1473 2580; x_wconf 84' lang='lat' dir='ltr'>al</span> <span class='ocrx_word' id='word_1_323' title='bbox 1495 2538 1628 2579; x_wconf 88' lang='lat' dir='ltr'>modo</span> <span class='ocrx_word' id='word_1_324' title='bbox 1651 2537 1761 2579; x_wconf 85' lang='lat' dir='ltr'>loro.</span> 
     </span>
     <span class='ocr_line' id='line_1_34' title="bbox 318 2612 1855 2672; baseline -0.002 -15"><span class='ocrx_word' id='word_1_325' title='bbox 318 2613 451 2657; x_wconf 89' lang='lat' dir='ltr'>Oltra</span> <span class='ocrx_word' id='word_1_326' title='bbox 473 2613 518 2656; x_wconf 91' lang='lat' dir='ltr'>di</span> <span class='ocrx_word' id='word_1_327' title='bbox 540 2621 703 2668; x_wconf 88' lang='lat' dir='ltr'>questo</span> <span class='ocrx_word' id='word_1_328' title='bbox 724 2614 827 2658; x_wconf 92' lang='lat' dir='ltr'>dico</span> <span class='ocrx_word' id='word_1_329' title='bbox 850 2616 952 2667; x_wconf 87' lang='lat' dir='ltr'>che,</span> <span class='ocrx_word' id='word_1_330' title='bbox 978 2615 1095 2660; x_wconf 87' lang='lat' dir='ltr'>dove</span> <span class='ocrx_word' id='word_1_331' title='bbox 1115 2629 1196 2672; x_wconf 88' lang='lat' dir='ltr'>per</span> <span class='ocrx_word' id='word_1_332' title='bbox 1218 2617 1260 2660; x_wconf 91' lang='grc'><strong>16</strong></span> <span class='ocrx_word' id='word_1_333' title='bbox 1282 2623 1406 2659; x_wconf 88' lang='lat' dir='ltr'><strong>tante</strong></span> <span class='ocrx_word' id='word_1_334' title='bbox 1436 2614 1555 2658; x_wconf 87' lang='lat' dir='ltr'>bolle</span> <span class='ocrx_word' id='word_1_335' title='bbox 1578 2613 1718 2656; x_wconf 79' lang='lat' dir='ltr'>siamo</span> <span class='ocrx_word' id='word_1_336' title='bbox 1751 2612 1855 2654; x_wconf 79' lang='lat' dir='ltr'>stati</span> 
     </span>
     <span class='ocr_line' id='line_1_35' title="bbox 225 2689 1855 2746; baseline -0.001 -14"><span class='ocrx_word' id='word_1_337' title='bbox 225 2689 365 2733; x_wconf 89' lang='lat' dir='ltr'>odiati</span> <span class='ocrx_word' id='word_1_338' title='bbox 386 2697 432 2733; x_wconf 89' lang='lat' dir='ltr'>et</span> <span class='ocrx_word' id='word_1_339' title='bbox 454 2697 582 2734; x_wconf 84' lang='lat' dir='ltr'>tanto</span> <span class='ocrx_word' id='word_1_340' title='bbox 603 2691 919 2746; x_wconf 70' lang='lat' dir='ltr'>perseguitati,</span> <span class='ocrx_word' id='word_1_341' title='bbox 944 2692 1106 2736; x_wconf 80' lang='lat' dir='ltr'>adesso</span> <span class='ocrx_word' id='word_1_342' title='bbox 1130 2691 1460 2743; x_wconf 80' lang='lat' dir='ltr'>riformandosi,</span> <span class='ocrx_word' id='word_1_343' title='bbox 1487 2706 1511 2733; x_wconf 91' lang='lat' dir='ltr'>a</span> <span class='ocrx_word' id='word_1_344' title='bbox 1536 2690 1639 2732; x_wconf 86' lang='lat' dir='ltr'>tutti</span> <span class='ocrx_word' id='word_1_345' title='bbox 1658 2703 1855 2732; x_wconf 77' lang='lat' dir='ltr'>serremo</span> 
     </span>
     <span class='ocr_line' id='line_1_36' title="bbox 223 2765 1855 2824; baseline -0.001 -15"><span class='ocrx_word' id='word_1_346' title='bbox 223 2765 490 2822; x_wconf 87' lang='lat' dir='ltr'>gratissimi;</span> <span class='ocrx_word' id='word_1_347' title='bbox 516 2773 562 2809; x_wconf 88' lang='lat' dir='ltr'>et</span> <span class='ocrx_word' id='word_1_348' title='bbox 584 2765 898 2810; x_wconf 82' lang='lat' dir='ltr'>ultimamente</span> <span class='ocrx_word' id='word_1_349' title='bbox 914 2782 1047 2824; x_wconf 82' lang='lat' dir='ltr'>spero</span> <span class='ocrx_word' id='word_1_350' title='bbox 1064 2783 1158 2812; x_wconf 91' lang='lat' dir='ltr'>non</span> <span class='ocrx_word' id='word_1_351' title='bbox 1175 2769 1214 2812; x_wconf 85' lang='lat' dir='ltr'>si</span> <span class='ocrx_word' id='word_1_352' title='bbox 1232 2770 1420 2812; x_wconf 86' lang='lat' dir='ltr'>faranno</span> <span class='ocrx_word' id='word_1_353' title='bbox 1443 2767 1554 2809; x_wconf 82' lang='lat' dir='ltr'>tanti</span> <span class='ocrx_word' id='word_1_354' title='bbox 1574 2766 1710 2810; x_wconf 86' lang='lat' dir='ltr'>errori</span> <span class='ocrx_word' id='word_1_355' title='bbox 1729 2780 1855 2808; x_wconf 89' lang='lat' dir='ltr'>come</span> 
     </span>
     <span class='ocr_line' id='line_1_37' title="bbox 225 2842 1854 2900; baseline -0.002 -13"><span class='ocrx_word' id='word_1_356' title='bbox 225 2857 275 2887; x_wconf 89' lang='lat' dir='ltr'>se</span> <span class='ocrx_word' id='word_1_357' title='bbox 295 2857 380 2886; x_wconf 88' lang='lat' dir='ltr'>son</span> <span class='ocrx_word' id='word_1_358' title='bbox 404 2842 503 2886; x_wconf 84' lang='lat' dir='ltr'>fatti</span> <span class='ocrx_word' id='word_1_359' title='bbox 532 2858 613 2900; x_wconf 87' lang='lat' dir='ltr'>per</span> <span class='ocrx_word' id='word_1_360' title='bbox 640 2843 670 2886; x_wconf 86' lang='lat' dir='ltr'>il</span> <span class='ocrx_word' id='word_1_361' title='bbox 709 2852 905 2899; x_wconf 83' lang='lat' dir='ltr'>passato,</span> <span class='ocrx_word' id='word_1_362' title='bbox 931 2859 1060 2889; x_wconf 88' lang='lat' dir='ltr'>come</span> <span class='ocrx_word' id='word_1_363' title='bbox 1097 2849 1317 2889; x_wconf 79' lang='lat' dir='ltr'>mostraro</span> <span class='ocrx_word' id='word_1_364' title='bbox 1348 2861 1372 2888; x_wconf 82' lang='lat' dir='ltr'>a</span> <span class='ocrx_word' id='word_1_365' title='bbox 1410 2846 1552 2887; x_wconf 89' lang='lat' dir='ltr'>bocca</span> <span class='ocrx_word' id='word_1_366' title='bbox 1581 2844 1696 2885; x_wconf 82' lang='lat' dir='ltr'>dove</span> <span class='ocrx_word' id='word_1_367' title='bbox 1725 2843 1854 2898; x_wconf 81' lang='lat' dir='ltr'>potro</span> 
     </span>
    </p>
   </div>
   <div class='ocr_carea' id='block_1_9' title="bbox 226 2950 488 2957">
    <p class='ocr_par' dir='ltr' id='par_1_11' title="bbox 226 2950 488 2957">
     <span class='ocr_line' id='line_1_38' title="bbox 226 2950 488 2957; baseline 0 0"><span class='ocrx_word' id='word_1_368' title='bbox 226 2950 488 2957; x_wconf 95' lang='lat' dir='ltr'> </span> 
     </span>
    </p>
   </div>
   <div class='ocr_carea' id='block_1_10' title="bbox 298 3010 1708 3058">
    <p class='ocr_par' dir='ltr' id='par_1_12' title="bbox 298 3010 1708 3058">
     <span class='ocr_line' id='line_1_39' title="bbox 298 3010 1708 3058; baseline -0.001 -12"><span class='ocrx_word' id='word_1_369' title='bbox 298 3013 308 3033; x_wconf 88' lang='lat'><strong>¹</strong></span> <span class='ocrx_word' id='word_1_370' title='bbox 359 3010 456 3058; x_wconf 74' lang='lat' dir='ltr'>Jon,</span> <span class='ocrx_word' id='word_1_371' title='bbox 475 3010 524 3056; x_wconf 94' lang='lat' dir='ltr'>V,</span> <span class='ocrx_word' id='word_1_372' title='bbox 547 3010 601 3046; x_wconf 85' lang='lat'>13.</span> <span class='ocrx_word' id='word_1_373' title='bbox 670 3010 675 3011; x_wconf 51' lang='lat'><em>⁷</em></span> <span class='ocrx_word' id='word_1_374' title='bbox 1454 3014 1467 3033; x_wconf 57' lang='grc' dir='ltr'>Ξ</span> <span class='ocrx_word' id='word_1_375' title='bbox 1519 3011 1584 3047; x_wconf 89' lang='lat' dir='ltr'>Ps.</span> <span class='ocrx_word' id='word_1_376' title='bbox 1607 3010 1652 3054; x_wconf 88' lang='lat'>11,</span> <span class='ocrx_word' id='word_1_377' title='bbox 1672 3020 1708 3054; x_wconf 90' lang='lat'>4.</span> 
     </span>
    </p>
   </div>
  </div>
 </body>
</html>
