2098 3470
313 275 384 319 644
786 276 940 312 PATms
966 278 1212 312 Htssnouviu
1242 277 1391 313 NADAL

270 390 333 428 re,
358 383 405 420 et
428 376 502 419 hic
526 384 596 421 est
619 391 756 421 uerus
778 379 954 422 fructus
976 386 993 404 ²
1016 369 1341 434 poenitentiae,
1372 393 1457 422 nec
1486 379 1616 422 aliter
1648 379 1747 422 uult
1775 380 1904 423 Deus

267 454 419 497 delere
442 453 627 497 habitus
649 470 704 499 ex
726 452 914 512 peccato
936 462 1221 511 comparatos
1248 456 1279 496 ¹.

355 531 405 573 In
439 531 912 584 determinationibus,
946 532 981 575 si
1019 532 1106 575 est‘
1128 532 1380 575 consolatio
1418 532 1462 574 in
1502 532 1667 589 aliqua,
1698 541 1744 576 et
1775 533 1907 577 uenit

267 607 502 660 desolatio,
528 622 581 651 ea
603 622 702 652 esse
724 609 839 652 solet
861 608 1148 651 confirmatio
1170 608 1333 664 prioris
1355 608 1390 654 ¹³.

358 685 496 727 Facta
517 685 718 740 generali
743 685 1045 737 confessione,
1072 700 1162 728 non
1186 692 1256 728 est
1278 687 1546 742 scrupulose
1575 687 1822 740 agendum,
1851 695 1905 729 ut·

267 775 447 816 semper
471 761 666 805 uelimus
688 761 839 816 aliqua
862 770 1049 817 peccata
1070 762 1283 817 neglecta
1304 762 1623 814 confiteri,·uel
1641 763 1796 814 oblita,
1821 764 1900 805 sed

267 837 515 892 quietanda
538 845 608 882 est
629 838 922 882 conscientia.
946 838 1134 895 Cogitet
1161 852 1211 880 se
1240 840 1499 882 confessum
1524 839 1671 891 toties,
1699 846 1794 882 tum
1817 854 1899 895 ge-

268 913 496 967 neraliter,
529 922 575 958 et
607 916 809 959 adhibita
841 916 1022 972 quidem
1060 915 1303 958 sufficienti
1340 915 1592 972 diligentia,
1633 903 1756 959 aliud
1789 917 1904 959 nihil·

268 990 457 1046 requirit
479 998 495 1017 ⁰
517 993 645 1037 Deus
661 991 694 1035 d.

356 1067 405 1112 Si
443 1069 662 1112 seruirem
701 1085 789 1126 ego
817 1070 1009 1126 principi
1039 1069 1250 1121 seculari,
1282 1069 1371 1112 iam
1393 1064 1497 1112 olim
1535 1070 1592 1113 ab
1624 1085 1680 1113 eo
1715 1070 1903 1114 fuissem

266 1144 531 1198 iustitiatus‚
551 1161 710 1190 verum
735 1146 884 1189 seruio
903 1146 965 1199 ei,¹
982 1154 1070 1190 etc.
1097 1146 1306 1190 Intellexi
1322 1145 1489 1190 dixisse
1510 1146 1635 1189 illurn
1661 1155 1899 1203 propterea

265 1223 388 1277 quod
410 1223 648 1268 miserator
670 1231 715 1268 et
737 1223 1009 1268 misericors
1032 1224 1165 1266 Valet
1182 1238 1293 1267 uero
1311 1223 1572 1266 huiusmodi
1590 1223 1824 1268 meditatio
1842 1225 1899 1267 ad

264 1300 491 1343 tollendos
513 1301 769 1357 scrupulos.

351 1377 516 1421 Narrat
541 1377 682 1420 uitam
706 1393 851 1430 suam,
879 1393 959 1420 sua
982 1385 1185 1434 peccata,
1212 1377 1568 1433 persecutiones,
1589 1367 1809 1430 carceres,
1830 1377 1905 1419 in—-
1942 1420 1944 1423 .

262 1453 518 1506 firmitates,
543 1454 606 1497 ita
628 1462 783 1498 mouet
807 1455 917 1497 mire
940 1464 969 1498 Ε.
999 1448 1098 1499 2711·
1122 1457 1277 1498 Mouet
1299 1468 1426 1506 uero,
1448 1454 1546 1498 siue
1564 1456 1685 1511 quod
1707 1454 1899 1499 uidean—
1964 1502 1968 1505 Α

264 1538 337 1580 tur
360 1538 426 1574 tot
448 1533 640 1575 effectus
660 1532 834 1588 gratiae
856 1532 941 1576 Dei
964 1547 1043 1588 per
1073 1532 1215 1588 illum,
1249 1531 1347 1574 siue
1377 1532 1499 1586 quod
1527 1546 1705 1588 semper
1733 1539 1802 1576 est
1830 1533 1897 1575 fe·

264 1623 401 1652 ruens
429 1608 475 1651 in
506 1609 903 1664 contemplatione,
937 1609 1059 1664 quod
1091 1608 1335 1651 maximum
1366 1609 1505 1652 habet
1531 1615 1811 1651 momentum
1840 1609 1898 1651 ad

262 1675 510 1729 efficaciam
542 1685 781 1739 sermonis,
816 1686 968 1728 omnia
997 1700 1109 1730 uero
1143 1693 1356 1741 operatur
1385 1684 1569 1741 spiritus
1596 1685 1796 1739 Domini,
1822 1685 1899 1727 cui·

262 1761 320 1805 sit
342 1762 488 1823 gloria
513 1762 559 1804 in
583 1776 766 1805 aeuum.

350 1840 454 1883 Non
477 1840 594 1882 solet
615 1840 850 1884 attendere
873 1841 930 1882 ad
952 1855 1021 1891 ea,
1048 1854 1164 1895 quae
1186 1847 1430 1883 narrantur
1451 1841 1507 1883 de
1528 1839 1749 1896 gustibus·
1765 1839 1903 1895 spiri—

262 1916 462 1959 tualibus
483 1916 530 1958 in
560 1916 784 1970 oratione,
815 1918 896 1961 sed
924 1917 1070 1960 solum
1101 1918 1157 1961 ad
1179 1917 1451 1961 soliditatem
1477 1917 1743 1969 sententiae,
1768 1916 1898 1972 quasi

262 1993 473 2038 uideatur
497 1993 705 2045 innuere,
731 1995 820 2037 hoc
843 2009 943 2038 esse
966 1994 1292 2045 necessarium,
1318 2009 1410 2037 non
1434 1994 1545 2036 illud
1567 1993 1592 2035 f.

348 2072 476 2115 Deus
498 2078 659 2114 contra
681 2071 917 2114 nobiscum
941 2071 1055 2127 agit,
1082 2086 1215 2126 quam
1235 2071 1374 2114 huius
1390 2070 1532 2115 seculi
1549 2070 1770 2122 homines,
1792 2085 1894 2112 nam

331 2194 348 2211 a
398 2184 508 2219 Haec
525 2194 548 2228 4
567 2184 689 2219 verba
706 2183 855 2218 addidit
874 2184 965 2219 Nat.
1018 2186 1085 2211 —b
1112 2183 1371 2219 Emendatum
1389 2195 1411 2219 a
1429 2183 1524 2220 Nat.
1549 2195 1598 2218 ex
1617 2195 1664 2219 ea
1681 2186 1738 2218 est
1754 2182 1902 2229 confir-

261 2243 388 2278 matio
402 2242 560 2288 prioris
579 2243 817 2279 necessario.
874 2262 908 2268 -·
922 2253 937 2270 c
963 2243 1223 2278 Emendatum
1240 2254 1262 2278 a
1280 2243 1374 2278 Nat.
1399 2254 1447 2278 ex
1466 2243 1657 2291 requiret.
1711 2261 1743 2268 -
1757 2243 1777 2268 d
1803 2241 1902 2277 Post

259 2302 359 2336 hanc
374 2303 658 2349 paragraphum
676 2302 773 2337 haec
788 2296 1020 2348 se'quuntur,
1033 2313 1055 2337 a
1069 2302 1160 2337 Nat.
1178 2302 1398 2337 obliterata:
1420 2301 1785 2337 Perseuerandum:
1799 2312 1900 2334 nam

261 2361 388 2408 Deus,
415 2362 487 2407 qui
508 2362 603 2397 haec
623 2361 940 2408 gratificaturus
963 2364 1035 2406 est,
1058 2361 1219 2396 maiora
1243 2364 1299 2396 est
1317 2361 1645 2408 gratificaturuS,
1666 2360 1818 2395 donata
1837 2362 1901 2394 ta-

259 2432 351 2456 men
368 2432 415 2456 ex
433 2420 594 2456 iustitia
611 2420 878 2456 distributiua
900 2420 1018 2467 (quae
1037 2424 1172 2456 tamen
1191 2424 1273 2456 tota
1287 2421 1433 2468 gratia
1457 2421 1585 2467 ipsius
1607 2420 1776 2464 nititur)
1792 2420 1903 2465 quod

258 2480 410 2515 iustum
428 2483 484 2515 est
498 2483 574 2527 pro
591 2479 762 2521 meriti&
777 2483 854 2526 pro
873 2480 1086 2522 laboribus,
1101 2481 1218 2515 addit
1230 2482 1442 2526 praeterea
1460 2482 1615 2526 semper
1629 2479 1742 2514 ultra
1761 2490 1808 2514 ex
1824 2489 1902 2512 sua.

260 2539 555 2576 misericordia.
578 2540 621 2575 In
635 2539 824 2585 margine:
843 2539 873 2575 I.
884 2547 914 2561 ¹⁴¹
932 2539 956 2574 i.
979 2551 1014 2575 e.
1034 2540 1237 2587 Ignatius.
1292 2559 1321 2564 -
1337 2550 1352 2566 e
1378 2539 1472 2574 Post
1490 2539 1562 2573 hoc
1581 2538 1691 2576 verb.
1711 2537 1819 2584 prius
1838 2538 1892 2572 ita

259 2600 511 2646 sequebatur:
527 2599 614 2634 Hoc
629 2610 703 2646 ego
719 2598 964 2644 interpretor
982 2598 1099 2635 illum
1107 2599 1250 2646 facere
1267 2600 1320 2634 ad
1336 2598 1561 2644 exemplum
1582 2596 1722 2638 Pauli,
1737 2595 1903 2631 tametsi

259 2659 326 2694 illi
350 2670 430 2694 non
452 2658 546 2705 fuit
562 2658 742 2705 fructus,
768 2658 826 2693 bis
853 2660 894 2693 in
917 2660 1018 2694 actis
1041 2659 1343 2706 Apostolorum:
1363 2657 1454 2704 fuit
1477 2660 1613 2692 tamen
1642 2657 1751 2691 haud
1779 2654 1898 2690 dubie

259 2718 367 2753 alias
393 2717 620 2753 uberrimus
638 2721 714 2764 per
735 2718 838 2753 hanc
858 2719 1056 2753 rationem
1080 2717 1334 2761 exhortandi,
1355 2717 1422 2752 ubi
1444 2719 1585 2751 nactus
1607 2714 1895 2761 erat·benigni·

261 2780 384 2812 tatem
411 2777 666 2820 auditorum;
682 2787 783 2824 quae
807 2789 827 2812 a
852 2777 942 2811 Nat.
962 2777 1169 2813 obliterata
1187 2781 1291 2812 sunt.
1341 2777 1404 2803 —f
1425 2775 1538 2810 Prius
1561 2774 1616 2809 ita
1640 2774 1897 2820 sequebatur:

257 2839 295 2871 et
313 2836 416 2872 mihi
428 2837 630 2883 probatur
645 2837 716 2871 hoc
733 2837 776 2871 in
797 2836 963 2882 primis;
980 2848 1076 2871 nam
1091 2837 1197 2882 quod
1209 2838 1364 2877 contra,
1380 2835 1545 2870 uidetur
1558 2845 1605 2869 ex
1618 2833 1758 2879 inopia
1776 2832 1894 2878 spiri-

259 2899 321 2930 tus
340 2895 560 2943 proficisci,
580 2896 650 2931 ubi
673 2894 796 2930 uerba
820 2897 890 2929 tua
915 2906 995 2929 non
1020 2898 1112 2930 sunt
1135 2894 1327 2941 efficacia,
1354 2892 1434 2929 nisi
1452 2894 1604 2940 perdas
1627 2893 1777 2927 secreta
1800 2894 1893 2934 tua,

258 2967 358 3001 quae
376 2955 449 2990 tibi
466 2955 510 2990 in
528 2955 713 2989 oratione
727 2953 994 3001 gratificatur
1012 2955 1134 2990 Deus.
1159 2954 1268 2988 Haec
1291 2958 1422 2988 autem
1441 2949 1665 2988 obliteravit
1683 2950 1775 2985 Nat.

330 3080 341 3100 ¹
392 3079 455 3115 Cf.
479 3079 628 3116 Chron.
652 3080 699 3114 P.
720 3077 897 3120 Natalis,
917 3079 1047 3125 Epist.
1069 3079 1117 3113 P.
1138 3078 1289 3119 Nadal‚
1309 3077 1340 3123 l,
1364 3085 1419 3123 17,
1438 3086 1478 3111 n.
1498 3085 1557 3120 45.
