2098 3470
581 232 857 269 MouuumA
882 239 1140 270 noviacum
1163 230 1450 266 RnssxANAss—
1455 238 1502 275 52
1739 229 1810 277 315

218 334 436 380 breuiter:
461 348 750 391 quecumque
769 334 828 377 ad
854 332 1187 378 edificationem
1215 331 1495 388 spiritualem
1523 346 1580 375 ex
1610 333 1746 376 rebus
1767 333 1855 378 So-

217 411 395 456 cietatis
418 411 572 455 fauere
587 418 816 468 poterunt,
840 410 988 455 eidem
1010 407 1318 453 comunicare.

304 487 562 533 Decimum:
587 501 704 544 quae
725 486 961 543 attigimus
983 485 1151 538 omnia,
1173 499 1263 528 non
1280 485 1426 529 solum
1445 485 1503 528 ad
1519 486 1855 529 confessarium

217 564 503 622 pertinentia,
527 565 608 609 sed
630 577 747 620 quae
766 571 813 607 et
835 564 892 607 ad
913 569 1235 619 promotorem,
1269 576 1325 605 eo
1356 569 1581 618 spectant,
1603 570 1654 605 ut
1672 562 1853 605 illorum

214 642 352 687 animi
372 642 630 686 excitentur
651 642 708 684 ad
729 633 959 697 pietatem,
984 640 1063 696 qui
1078 641 1136 683 ad
1153 623 1431 684 Societatem
1448 639 1706 695 excipiendi
1723 648 1850 691 sunt,

214 726 262 764 et
282 735 340 765 ex
361 719 591 776 principiis
611 718 807 775 primum
829 717 1180 770 uniuersalibus,
1205 731 1322 772 quae
1344 717 1530 772 quidem
1558 723 1770 773 spectent
1795 718 1854 759 ad

214 797 430 854 pietatem
449 796 757 848 christianam,
782 802 1054 838 moueantur
1074 794 1159 850 ipsi
1182 808 1262 851 per
1283 809 1333 838 se
1353 808 1410 837 ex
1438 793 1595 836 diuina
1623 793 1772 849 gratia
1796 795 1854 836 ad

212 873 487 918 desiderium
507 872 690 929 aliquod
713 871 911 915 melioris
934 871 1069 916 vitae.
1095 871 1290 923 Deinde,
1311 871 1495 926 quando
1516 870 1627 927 ipsis
1646 885 1721 913 res
1749 885 1855 914 nar-

214 958 373 994 rantur
408 951 481 995 vel
515 949 789 994 exhibentur
809 984 820 1003 ,
860 963 977 1006 quae
1013 948 1191 1005 proprie
1223 949 1281 992 ad
1317 947 1594 993 Societatem
1636 946 1851 1000 attinent,

213 1026 390 1071 etiamsi
411 1026 691 1084 propositum
712 1033 919 1069 nostrum
940 1025 1014 1078 sit,
1039 1040 1144 1069 cum
1161 1025 1238 1068 illa
1259 1025 1370 1081 ipsis
1396 1025 1760 1077 comunicamus,
1786 1034 1853 1067 at-

213 1118 304 1159 que
325 1105 440 1148 adeo
458 1103 505 1146 in
526 1110 626 1148 toto
646 1106 736 1146 boc
757 1102 962 1159 negotio,
987 1101 1180 1147 intentio
1202 1110 1357 1158 nostra
1379 1102 1437 1145 sit
1460 1109 1509 1146 ut
1531 1101 1675 1153 illifad
1697 1101 1855 1147 Socie-

213 1187 353 1223 tatem
374 1187 662 1232 moueantur,
689 1187 840 1225 tamen
861 1186 931 1223 cst
952 1179 1076 1222 omni
1096 1179 1250 1222 studio
1273 1186 1411 1235 atque
1433 1179 1656 1222 industria
1685 1193 1854 1222 curan-

211 1257 340 1309 dum,
364 1265 416 1300 ut
435 1256 516 1309 illi,
549 1256 621 1300 his
649 1256 850 1310 excitati,
884 1271 911 1299 a
937 1257 1037 1299 Deo
1064 1255 1163 1312 ipso
1199 1264 1489 1309 moueantur,
1513 1263 1560 1299 et
1587 1271 1671 1300 sua
1691 1265 1857 1312 sponte

211 1332 472 1378 desiderent
493 1341 539 1378 et
559 1341 775 1389 expetant
798 1333 1093 1385 Societatem,
1119 1340 1165 1377 et
1181 1348 1289 1377 vere
1310 1332 1487 1389 possint
1506 1333 1781 1389 respondere
1803 1348 1855 1376 se

213 1424 298 1454 sua
317 1418 495 1467 sponte,
520 1425 604 1454 sua
642 1403 895 1463 uoluntate,
931 1425 1014 1454 suo
1042 1409 1218 1462 iuditio,
1249 1411 1307 1453 ad
1343 1410 1620 1455 Societatem
1659 1410 1849 1455 moueri.

213 1488 330 1532 Nam
350 1487 414 1531 ita
433 1487 697 1544 excepimus
718 1503 775 1532 ex
807 1489 880 1530 2.⁰
909 1487 1057 1544 capite
1094 1487 1314 1532 examinis
1346 1487 1723 1544 interrogandum
1746 1502 1851 1531 eum

208 1579 325 1616 esse,
350 1564 427 1621 qui
449 1572 519 1609 est
541 1563 844 1620 recipiendus,
881 1579 990 1607 num
1013 1579 1092 1620 per
1124 1563 1319 1620 aliquem
1350 1565 1408 1607 ad
1437 1564 1483 1608 id
1513 1564 1649 1608 fuerit
1677 1571 1847 1608 motus:

212 1641 336 1696 quod
359 1641 398 1684 si
425 1641 670 1685 affirmaret
695 1656 746 1685 se
774 1641 915 1685 fuisse
936 1642 995 1684 ab
1022 1641 1174 1698 aliquo
1203 1649 1394 1694 motum,
1426 1641 1636 1698 quamuis
1664 1641 1786 1686 licite
1807 1650 1855 1686 et

211 1717 373 1782 merito
395 1732 500 1763 eum
520 1732 710 1763 mouere
730 1717 973 1775 potuisset,
1002 1719 1061 1762 ad
1082 1718 1298 1762 maiorem
1328 1726 1481 1763 tamen
1513 1718 1657 1775 ipsius
1682 1718 1854 1763 utilita-.

209 1802 303 1839 tem
324 1794 603 1852 spiritualem
622 1797 720 1840 fore
743 1795 990 1848 videretur,
1017 1795 1055 1839 si
1078 1803 1258 1852 tempus
1285 1795 1328 1839 ei
1359 1796 1544 1852 aliquod
1566 1797 1850 1853 praescriba-

158 1932 160 1934 .
211 1881 304 1924 tur,
329 1886 421 1928 quo
442 1887 497 1917 ea
527 1873 584 1916 de
606 1887 655 1916 re
691 1872 937 1929 cogitando
974 1872 1167 1917 creatori
1195 1880 1241 1918 et
1275 1873 1475 1917 Domino
1512 1888 1596 1917 suo
1623 1888 1674 1918 se
1705 1881 1852 1917 totum

211 1948 563 2001 commendabit,
587 1948 774 2005 perinde
796 1964 850 1992 ac
872 1949 910 1992 si
928 1950 1081 1993 nullus
1098 1950 1155 1994 de
1173 1949 1406 1995 Societate
1427 1964 1531 1994 eum
1554 1951 1850 2003 admouisset,

211 2010 261 2067 ut
282 2025 441 2068 maiori
462 2039 568 2069 cum
584 2027 746 2070 robore
768 2026 955 2083 spiritus
983 2028 1230 2083 procedere
1251 2028 1309 2070 ad
1337 2027 1484 2083 majus
1510 2027 1782 2083 obsequium
1806 2036 1852 2073 et

206 2101 400 2158 gloriam
430 2101 614 2146 diuinae
640 2102 890 2146 maiestatis
921 2103 1079 2160 possit.
1112 2105 1271 2159 Itaque
1297 2118 1353 2149 eo
1374 2105 1673 2149 deducendus
1702 2112 1771 2149 est
1794 2105 1848 2157 is,

208 2192 345 2234 quem
366 2179 578 2223 volumus
597 2180 763 2223 adduci
785 2181 843 2223 ad
859 2180 1151 2233 Societatem,
1172 2188 1223 2224 ut
1239 2180 1381 2225 libere
1397 2181 1544 2238 possit
1560 2183 1672 2238 profi
1680 2182 1763 2225 teri
1781 2197 1849 2234 se,

207 2253 385 2298 etiamsi
406 2257 550 2300 multa
565 2257 794 2302 audiuerit
815 2272 842 2301 a
863 2257 1046 2311 nostris,
1068 2273 1191 2314 quae
1212 2258 1386 2314 possint
1402 2258 1529 2301 illum
1551 2274 1757 2311 mouere,
1780 2266 1849 2302 ta-

207 2345 314 2376 men
334 2332 467 2376 aliam
494 2348 543 2377 se
565 2335 734 2379 habere
755 2334 1000 2379 motionem
1022 2335 1067 2378 in
1091 2350 1142 2380 se
1161 2350 1242 2392 per
1270 2335 1357 2379 Dei
1384 2337 1595 2392 gratiam,
1630 2351 1719 2391 qua
1742 2351 1850 2391 pro-

209 2415 367 2452 motus
387 2418 571 2467 expetat
592 2411 731 2468 recipi
752 2412 810 2455 ad
832 2412 1125 2458 Societatem.

294 2485 614 2531 Vndecimum:
639 2489 757 2531 haec
794 2503 898 2532 cum
937 2489 1000 2533 ita
1035 2491 1251 2544 habeant,
1291 2498 1337 2535 et
1358 2491 1470 2534 nulli
1508 2492 1736 2535 soleamus
1761 2504 1846 2532 nos

207 2563 451 2607 consulere
470 2563 639 2609 diserte
660 2573 712 2608 ut
732 2566 789 2609 ad
818 2565 1092 2610 Societatem
1114 2567 1282 2620 veniat,
1315 2582 1420 2611 cum
1449 2568 1584 2611 nullis
1615 2567 1675 2610 ita
1706 2580 1847 2622 agere

205 2646 361 2694 aperte
384 2646 435 2682 ut
455 2639 543 2684 illis
565 2641 802 2686 uideamur
822 2643 1015 2688 suadere
1035 2644 1169 2697 uelle3
1195 2652 1323 2688 extra
1345 2645 1548 2688 ordinem
1569 2652 1719 2687 tamen
1738 2658 1845 2699 pos-

204 2715 263 2758 sit
283 2715 446 2772 aliquis
467 2731 707 2763 occurrere
728 2725 882 2763 tantae
903 2721 1230 2776 expectationis
1251 2723 1324 2764 vel
1347 2730 1438 2764 tam
1461 2728 1691 2777 spectatae
1714 2720 1845 2763 indo·

202 2791 274 2844 lis,
299 2792 375 2836 cui
395 2793 448 2851 (si
469 2794 637 2838 dubius
658 2796 843 2839 omnino
865 2812 958 2840 rem
982 2805 1123 2841 totam
1146 2799 1342 2841 deferret
1360 2799 1416 2841 ad
1435 2797 1645 2841 iuditium
1664 2804 1709 2840 et
1728 2811 1844 2840 con-

204 2869 356 2913 silium
376 2873 598 2928 nostrum)
621 2874 860 2919 consulere
882 2875 1112 2930 possimus
1137 2876 1258 2931 quod
1280 2877 1336 2919 de
1360 2891 1407 2919 re
1437 2875 1556 2918 illius
1586 2888 1687 2918 esse
1712 2874 1844 2917 uide—

206 2953 331 2990 retur
347 2953 393 2990 et
410 2947 666 3003 Societatis3
688 2956 840 2994 tamen
858 2952 947 2993 hoc
965 2966 1067 2995 raro
1083 2951 1337 3008 continget,
1354 2960 1415 3003 et,
1432 2951 1517 2994 nisi
1535 2951 1581 2993 in
1598 2958 1846 3007 prouectae

206 3023 367 3067 aetatis
388 3024 650 3069 hominibus
666 3027 739 3069 vel
761 3027 946 3070 omnino
963 3029 1096 3084 plene
1113 3029 1295 3081 adultis,
1318 3028 1629 3085 usurpandum
1647 3042 1739 3071 non
1757 3036 1843 3082 est;
