2098 3470
300 303 369 330 222
771 295 925 333 PATms
951 297 1193 334 HmRoNYMI
1220 299 1370 334 NADAL

249 410 340 451 qua
358 411 449 440 non
467 406 672 453 possunt,
695 404 746 440 ut
766 397 863 442 sine
885 400 984 453 Deo
1003 400 1297 444 selectissime
1314 408 1358 443 et
1381 399 1533 444 diuine
1549 415 1601 443 ac
1624 399 1880 446 immediate

253 481 486 530 operante:
513 475 635 529 quod
657 475 855 518 ostendit
876 476 1034 521 eodem
1052 478 1152 520 loco
1171 478 1356 520 Paulus:
1377 476 1589 520 Charitas
1606 476 1780 534 (inquit)
1797 492 1879 534 pa—

253 550 370 594 tiens
392 559 460 595 est
489 552 517 605 ¹,
539 558 653 604 etc.;‡
671 558 766 594 tum
786 551 863 595 ubi
886 553 1085 597 ostendit
1107 554 1241 597 fidem
1260 568 1340 609 per
1361 553 1626 598 charitatem
1649 554 1823 610 operari
1846 555 1877 598 ².

271 629 276 633 “
334 629 437 685 jam
466 627 503 670 si
526 627 717 684 gloriam
747 628 833 673 Dei
861 629 1136 686 quaerimus,
1171 629 1216 673 in
1250 629 1468 674 charitate
1499 645 1675 673 summa
1703 638 1773 675 est
1796 631 1883 675 Dei

238 703 415 760 -gloria,
442 711 492 747 ut
514 705 609 748 tale
632 706 802 748 donum
833 706 964 749 nobis
992 706 1276 762 gratificetur
1303 708 1444 758 Deus,
1476 707 1598 763 quod
1626 707 1766 763 possit
1798 719 1882 750 no-

249 780 427 824 biscum
449 781 494 824 in
518 781 662 838 gloria
684 782 867 826 coelesti
886 797 1192 838 perseuerare,
1213 791 1258 827 et
1276 782 1456 838 quidem
1475 783 1696 832 eiusmodi
1713 785 1883 827 donum

249 857 551 914 gratificatur,
583 860 705 915 quod
736 873 839 902 cum
868 859 995 901 uniat
1032 859 1292 903 ex·ratione
1327 874 1410 903 sua
1446 861 1594 903 Deum
1633 859 1766 904 nobis
1803 874 1884 918 per

248 949 466 993 amorem,
491 943 537 979 et
558 950 642 979 nos
669 938 785 990 Deo,
818 935 1115 992 intelligimus
1145 935 1300 991 utique
1330 937 1519 981 eandem
1549 951 1643 981 rem
1670 937 1717 980 in
1750 937 1880 981 nobis

251 1025 331 1067 per
352 1012 637 1067 charitatem,
664 1012 893 1064 unionem,
926 1027 1060 1068 quam
1088 1012 1134 1055 in
1162 1014 1290 1057 coelo
1318 1013 1668 1070 possidebimus,
1699 1014 1748 1059 Si
1777 1015 1883 1072 glo-

252 1088 362 1132 riam
385 1089 471 1133 Dei
493 1097 767 1146 spectemus,
794 1089 903 1144 quid
925 1089 1162 1133 sublimius
1184 1090 1230 1132 in
1262 1090 1422 1133 merito
1449 1090 1636 1144 Christi,
1667 1104 1802 1146 quam
1837 1097 1885 1134 ut

248 1180 342 1209 non
364 1166 509 1209 solum
531 1166 576 1209 in
601 1167 727 1210 coelo
748 1166 1048 1222 promeruerit
1066 1166 1196 1209 nobis
1214 1167 1353 1210 uitam
1371 1174 1619 1221 aeternam,
1645 1168 1726 1212 sed
1747 1168 1882 1212 etiam

248 1241 297 1285 in
319 1245 404 1286 hac
428 1243 540 1286 uita?
563 1251 613 1286 ut
636 1258 729 1286 non
750 1244 896 1286 solum
920 1251 1244 1288 commonstret
1266 1258 1319 1297 ac
1343 1245 1611 1300 persuadeat
1630 1246 1778 1289 Deum
1802 1259 1883 1288 no-

248 1319 320 1363 bis
343 1335 443 1364 esse
460 1320 701 1376 propitium
720 1334 798 1376 per
815 1335 948 1363 suum
966 1320 1192 1372 meritum,
1213 1321 1292 1364 sed
1312 1328 1361 1363 ut
1377 1321 1497 1364 illam
1515 1320 1881 1378 propitiationem

251 1397 382 1440 nobis
404 1396 614 1440 conciliet
642 1411 694 1440 ac
720 1397 874 1449 donet,
909 1397 984 1440 ubi
1013 1397 1183 1440 scilicet
1206 1399 1344 1440 donat
1366 1397 1584 1454 Spiritum
1608 1405 1814 1442 sanctum
1837 1407 1884 1443 et

250 1473 450 1516 infundit
478 1473 523 1516 in
545 1476 632 1516 hoc
654 1473 1012 1530 praeclarissimo
1033 1475 1169 1526 dono,
1195 1474 1231 1518 si
1255 1474 1560 1531 arrogantiam
1583 1481 1783 1518 nostram
1806 1490 1883 1519 ex-

249 1551 437 1595 cludere
459 1558 504 1594 et
526 1550 877 1594 imbecillitatem
901 1559 1222 1595 commostrare
1251 1551 1464 1595 uelimus?

342 1628 467 1684 Quid
490 1635 580 1671 tam
603 1627 878 1671 imbecillum
901 1628 958 1670 ad
980 1629 1171 1671 salutem
1194 1628 1559 1683 consequendam
1577 1642 1633 1672 ex
1655 1643 1721 1683 se,
1747 1643 1884 1684 quarn

252 1712 412 1753 nostra
433 1720 577 1757 mens,
604 1718 721 1760 quae
743 1704 840 1748 sine
862 1704 1031 1748 auxilio
1053 1705 1140 1749 Dei
1163 1721 1220 1749 ne
1242 1706 1298 1748 ad
1321 1690 1550 1748 minimam
1580 1705 1759 1761 quidem
1777 1720 1885 1762 gra-

253 1782 471 1832 tiamDei
500 1782 833 1838 suscipiendam
863 1797 918 1826 ex
946 1795 996 1824 se
1023 1782 1164 1838 possit
1196 1783 1270 1826 uel
1292 1782 1463 1826 moueri
1502 1784 1572 1827 uel
1605 1782 1880 1839 praeparari,

248 1874 370 1914 quae
406 1859 543 1902 etiam
582 1866 673 1902 tam
710 1858 826 1902 seria
864 1866 998 1914 egeat
1024 1858 1385 1915 praeparatione,
1417 1866 1466 1902 ut
1502 1860 1558 1902 ad
1586 1859 1801 1902 iustitiam
1834 1874 1883 1903 se

251 1943 488 1992 praeparet
519 1935 701 1991 (auxilio
731 1935 903 1978 scilicet
933 1935 1119 1993 diuino),
1152 1951 1268 1991 quae
1299 1936 1485 1992 primam
1517 1935 1882 1979 iustificationem
1930 1967 1934 1975 ,

252 2013 414 2056 mereri
436 2028 527 2056 non
549 2012 708 2070 possit,
741 2013 848 2056 dum
879 2012 1050 2056 scilicet
1079 2020 1182 2057 ante
1210 2013 1330 2056 illam
1360 2015 1508 2057 Deum
1537 2013 1583 2056 in
1619 2028 1668 2057 se
1706 2012 1883 2056 unitum

250 2105 343 2134 non
364 2090 549 2134 habeat?
1263 2148 1267 2155 Ι

341 2168 533 2221 Rursus,
558 2166 668 2222 quid
689 2166 866 2219 mirum,
892 2166 1001 2222 quid
1022 2167 1300 2219 incredibile,
1321 2166 1374 2220 si,
1395 2167 1473 2210 ubi
1490 2167 1631 2210 uitam
1654 2174 1883 2234 aeternam

251 2243 385 2287 nobis
413 2243 673 2286 conciliauit
694 2244 820 2286 Deus
843 2258 922 2299 per
944 2243 1196 2295 Christum,
1222 2243 1296 2287 illa
1318 2243 1364 2286 in
1392 2244 1523 2287 nobis
1551 2251 1596 2289 et
1626 2259 1708 2287 nos
1735 2243 1782 2286 in
1809 2244 1884 2287 illa

250 2335 411 2364 sumus
432 2321 660 2372 efficaces,
686 2327 823 2375 atque
845 2319 890 2362 in
913 2320 989 2363 illa
1019 2320 1203 2373 uirtute,
1235 2335 1370 2376 quam
1398 2335 1477 2377 per
1505 2321 1734 2364 Christum
1764 2328 1809 2365 et
1836 2320 1884 2363 in

239 2398 437 2442 ‘Christo
465 2397 596 2440 nobis
617 2396 764 2439 influit
791 2398 934 2450 Deus,
966 2399 1237 2440 mereamur?
1266 2397 1484 2452 Nunquid
1507 2399 1596 2440 hoc
1620 2412 1709 2440 non
1732 2405 1884 2453 potest

252 2476 400 2519 Deus?
422 2489 532 2517 num
554 2488 646 2516 non
669 2473 901 2516 Christus?
923 2488 1031 2516 num
1055 2489 1145 2518 non
1169 2474 1275 2516 unio
1299 2474 1493 2530 Spiritus
1510 2474 1654 2518 sancti
1671 2474 1717 2516 in
1733 2474 1884 2517 nobis?

254 2554 375 2596 Num
400 2566 491 2594 non
514 2557 662 2607 potest
684 2552 826 2603 Deus,
853 2558 903 2592 ut
925 2550 970 2592 in
994 2550 1069 2593 illo
1091 2551 1213 2593 dono
1236 2552 1313 2594 det
1334 2550 1465 2593 nobis
1490 2551 1624 2603 uires,
1650 2551 1814 2606 quibus
1837 2550 1883 2593 in

255 2629 350 2671 uita
373 2635 556 2671 aeterna
584 2628 641 2670 ad
663 2627 803 2669 uitam
829 2634 1059 2671 aeternam
1082 2629 1339 2683 operemur?
1362 2627 1478 2683 Quis
1499 2641 1598 2670 esse
1620 2634 1770 2684 potest
1792 2634 1881 2670 tam

252 2719 495 2762 peruersae
513 2719 565 2747 ac
582 2705 845 2759 desperatae
863 2702 1084 2756 maliciae,
1106 2711 1156 2746 ut
1174 2710 1348 2746 tantum
1367 2705 1558 2757 donum,
1575 2712 1665 2747 tam
1682 2703 1882 2748 diuinam

252 2781 584 2837 operationem,
628 2787 798 2823 tantam
831 2779 1099 2833 dignitatem
1128 2782 1326 2824 humano
1355 2780 1511 2836 generi
1544 2783 1590 2824 in
1626 2780 1809 2824 Christo
1838 2788 1884 2823 et

253 2874 335 2915 per
359 2858 591 2902 Christum
616 2857 870 2901 restitutam
893 2856 1095 2900 inuideat
1117 2857 1382 2900 mortalibus
1404 2857 1633 2900 omnibus?

342 2937 463 2979 Num
492 2934 684 2977 liberum
716 2932 949 2976 arbitrium
979 2948 1068 2976 non
1108 2935 1246 2977 habet
1283 2936 1437 2977 homo?
1475 2935 1576 2978 Hoc
1615 2941 1765 2978 tantae
1798 2934 1884 2977 fuit

324 3048 333 3067 ¹
387 3048 404 3082 Ι
423 3047 540 3091 COR„
562 3045 670 3088 XIII,
691 3056 726 3091 4.

323 3109 336 3128 2
389 3107 566 3153 GALAT.,
590 3106 638 3150 V,
657 3112 696 3141 o.
