2098 3470
823 201 1257 244 Inmucnonsss-61
1739 197 1811 259 413

223 309 272 354 in
295 307 568 363 necessaria,
591 308 665 352 vel
685 306 744 355 117
763 305 862 351 vtili
878 303 1162 351 recreatione
1181 309 1353 348 vtetur.
1381 302 1476 346 Erit
1508 302 1677 359 alioqui
1694 302 1740 345 in
1757 301 1862 347 eius

224 385 574 445 gubernatione,
614 391 664 428 vt
698 389 912 442 procuret
941 381 1182 426 vtilitatem
1209 379 1492 437 spiritualem
1530 379 1723 436 proximi
1756 393 1858 436 pro·

223 462 402 508 moueri
424 477 505 519 per
521 461 771 506 ministeria
790 457 1050 506 SocietatiS.

311 541 393 584 Est
415 537 726 584 necessarium
747 552 830 595 pro
852 537 973 580 bona
993 534 1327 592 gubernatione
1349 534 1413 591 (vt
1435 533 1702 577 constitutio
1725 547 1858 589 prae-

221 615 394 673 scribit)
417 615 657 673 preuenire
679 613 970 666 tentationeS,
989 619 1035 657 et
1049 611 1370 663 desolationes,
1391 617 1614 667 quantum
1639 610 1736 654 fieri
1753 617 1860 667 pot-

220 692 323 746 erit,
353 693 476 750 quod
502 692 630 736 illum
662 691 799 737 etiam
826 691 967 734 habet
1002 695 1206 741 sensum,
1237 695 1286 731 vt
1318 671 1628 744 prodideatur,
1661 702 1718 731 ne
1757 687 1861 743 quis

219 769 375 822 futura
396 768 656 813 obedientia
673 774 910 825 grauetur,
930 766 1011 810 sed
1027 778 1133 810 cum
1150 763 1379 808 suauitate
1396 762 1561 816 cuiuis,
1582 765 1706 819 quod
1731 765 1859 809 obire

219 846 380 903 possit,
404 846 688 903 iniungatur3
729 843 816 887 nisi
854 842 1058 887 fortassis
1093 857 1151 886 ex
1172 840 1397 885 industria
1422 840 1692 885 uiderentur
1719 842 1860 897 aliqui

223 921 503 969 exercitandi
525 937 578 966 ac
600 921 805 966 tentandi
825 921 884 964 ob
906 919 1120 964 maiorem
1145 919 1361 962 fructum.

313 999 580 1057 Superiores
606 999 763 1043 lauent
790 997 1018 1049 scutellas,
1047 1003 1093 1040 et
1118 995 1370 1040 inseruiant
1400 1009 1586 1039 mensae
1617 994 1713 1039 suis
1740 1003 1857 1040 tem-

229 1077 435 1135 poribus,
459 1076 578 1120 sicut
598 1075 690 1130 alii,
713 1089 806 1119 non
827 1082 977 1119 tamen
1001 1081 1093 1117 tam
1117 1074 1377 1129 frequenter
1399 1081 1433 1116 ².

313 1155 419 1198 Non
450 1154 618 1198 dentur
649 1151 936 1197 obedientiae
967 1150 1279 1208 particulares,
1307 1150 1519 1195 videlicet
1547 1157 1597 1194 vt
1619 1165 1738 1194 vnus
1770 1151 1857 1193 fra-

227 1237 349 1275 trum
369 1230 534 1274 debeat
550 1229 738 1274 obedire
753 1228 887 1272 alicui
903 1227 1143 1281 sacerdoti,
1162 1225 1339 1271 etiamsi
1355 1227 1674 1271 sacerdotibus
1695 1228 1862 1272 debeat

226 1309 285 1352 ab
305 1307 520 1351 omnibus
545 1306 802 1352 reuerentia
817 1305 996 1350 deferri.

315 1383 376 1430 118
408 1384 669 1428 Aduertant
690 1382 961 1439 superiores,
991 1381 1174 1438 quando
1201 1382 1259 1425 ab
1286 1381 1374 1426 illis
1402 1381 1574 1439 petitur
1601 1382 1752 1438 aliqua
1789 1384 1860 1425 fa—

226 1462 375 1506 cultas
396 1468 476 1504 aut
497 1459 776 1518 dispensatio
798 1458 991 1503 alicuius
1013 1459 1201 1516 regulae
1222 1459 1495 1512 communis,
1519 1458 1655 1502 sicuti
1681 1474 1773 1502 non
1797 1460 1858 1503 ire

224 1539 283 1583 ad
304 1537 495 1596 primam
518 1551 738 1590 mensam,
762 1551 855 1579 non
877 1535 1034 1581 audire
1054 1535 1238 1579 missam
1256 1537 1464 1590 fratrum,
1484 1543 1564 1580 aut
1580 1551 1652 1579 res
1670 1536 1855 1589 similes,

226 1628 287 1659 ne
313 1615 424 1660 dent
453 1614 695 1658 facultates
722 1613 1020 1666 vniuersaleS,
1053 1627 1139 1657 nec
1169 1614 1227 1656 ad
1258 1613 1450 1670 longum
1485 1621 1682 1670 tempus;
1717 1628 1858 1670 quum

224 1692 348 1736 enim
370 1691 501 1736 facile
521 1691 581 1735 sit
602 1690 940 1747 particularium
962 1689 1116 1734 subire
1137 1690 1430 1743 obliuionem,
1457 1698 1548 1734 tam
1570 1692 1740 1736 multae
1762 1692 1861 1735 dari

228 1775 434 1826 possent,
458 1776 508 1812 vt
529 1767 886 1812 confunderetur
907 1767 1019 1810 ordo
1045 1767 1223 1810 domus.
1257 1768 1398 1824 Quod
1425 1767 1463 1811 si
1491 1767 1720 1813 videbitur
1747 1783 1859 1812 con-

229 1844 403 1899 uenire,
427 1852 477 1888 vt
498 1845 663 1889 dentur
686 1845 799 1889 tales
819 1843 1044 1897 licentiae,
1068 1851 1286 1901 poterunt
1307 1844 1490 1901 quidem
1508 1845 1606 1888 dari
1628 1860 1709 1902 per
1725 1860 1859 1902 supe-

229 1922 411 1976 riorem,
430 1923 511 1967 sed
528 1922 587 1965 ad
602 1936 796 1979 paruum
818 1929 1010 1977 tempus,
1021 1935 1112 1977 quo
1128 1921 1273 1975 finito,
1288 1928 1531 1966 teneantur
1548 1930 1704 1979 petere
1726 1922 1859 1966 aliam

228 1999 492 2044 facultatem
515 1999 572 2042 ad
593 1998 970 2051 continuandum,
995 1998 1032 2041 si
1053 2012 1169 2054 opus
1189 1998 1290 2043 erit.

314 2077 516 2121 Vtantur
547 2090 714 2132 magna
742 2074 1030 2120 solicitudine
1057 2075 1332 2132 superiores,
1362 2084 1412 2120 vt
1439 2077 1743 2122 confessarios
1774 2092 1858 2121 no—

224 2159 422 2199 strorum
439 2152 667 2196 instruant
682 2154 739 2196 de
754 2160 878 2196 statu
896 2155 1083 2196 Patrum
1099 2160 1146 2197 et
1161 2154 1366 2207 fratrum,
1379 2154 1437 2198 de
1453 2154 1725 2207 defectibus,
1745 2163 1834 2198 etc.
1845 2189 1858 2208 ,

224 2236 274 2273 et
293 2236 474 2282 curent,
500 2237 550 2272 vt
570 2230 627 2272 de
650 2229 735 2272 illis
757 2228 802 2272 in
820 2228 1104 2272 confessione
1120 2229 1419 2287 interrogent,
1438 2239 1484 2274 et
1500 2230 1661 2275 iuuent
1680 2246 1856 2285 omnes,

225 2313 276 2350 vt
303 2306 514 2363 superius
542 2305 755 2359 diximus,
785 2305 831 2348 in
869 2319 924 2349 eo
961 2306 1059 2348 foro
1094 2305 1353 2364 diligenter.
1394 2308 1603 2351 Caueant
1641 2322 1764 2360 vero,
1800 2323 1859 2352 ne

225 2389 384 2447 petant
405 2382 665 2435 consilium,
690 2382 762 2426 vel
784 2381 1000 2424 iudicium
1024 2381 1082 2427 119
1105 2383 1416 2427 confessorum
1438 2383 1484 2426 in
1508 2384 1658 2440 aliqua
1675 2399 1722 2427 re
1739 2384 1858 2427 circa

226 2474 323 2513 eos,
354 2459 431 2516 qui
459 2459 546 2503 illis
574 2459 864 2504 confitentur.
901 2459 1109 2504 Sufficiet
1140 2459 1203 2513 id,
1233 2462 1356 2517 quod
1388 2461 1644 2518 superiores
1681 2461 1727 2503 in
1761 2462 1862 2504 foro

223 2536 440 2581 exteriori
462 2535 578 2581 scire
594 2543 825 2592 poterunt,
844 2536 979 2579 etiam
996 2550 1076 2593 per
1092 2536 1219 2591 alios;
1238 2538 1405 2594 poterit
1427 2538 1526 2581 illos
1544 2538 1679 2582 etiam
1700 2538 1858 2582 iuuare

223 2612 446 2670 cognitio,
480 2627 618 2669 quam
647 2627 703 2657 ex
731 2612 910 2655 illorum
937 2613 1089 2657 verbis
1116 2613 1360 2670 aliquando
1390 2623 1498 2658 sunt
1527 2615 1664 2667 nacti,
1697 2615 1768 2657 vel
1802 2629 1856 2657 ex

227 2689 449 2734 reditione
470 2688 658 2733 rationis
678 2703 788 2732 suae
817 2688 1138 2743 eonscientiae,
1169 2699 1351 2735 seruato
1382 2699 1531 2735 tamen
1563 2690 1764 2734 districte
1795 2690 1858 2732 si-

228 2765 338 2824 gillo
369 2765 684 2822 confessionis,
717 2765 984 2822 praesertim
1015 2765 1051 2809 si
1085 2766 1132 2809 in
1165 2768 1452 2812 confessione
1491 2767 1712 2811 rationem
1749 2781 1862 2810 con—

227 2841 444 2887 scientiae
465 2842 739 2899 acceperint,
759 2856 900 2898 quum
923 2856 1022 2886 eam
1046 2843 1340 2900 aperitionem
1360 2859 1537 2901 semper
1554 2845 1749 2888 debeant
1774 2845 1859 2886 ha-

298 3021 318 3040 a
356 3010 607 3058 frequentur
627 3022 699 3049 ms,
