<?xml version="1.0" encoding="UTF-8"?>
<!DOCTYPE html PUBLIC "-//W3C//DTD XHTML 1.0 Transitional//EN"
    "http://www.w3.org/TR/xhtml1/DTD/xhtml1-transitional.dtd">
<html xmlns="http://www.w3.org/1999/xhtml" xml:lang="en" lang="en">
 <head>
  <title>
</title>
<meta http-equiv="Content-Type" content="text/html;charset=utf-8" />
  <meta name='ocr-system' content='tesseract 3.04.00' />
  <meta name='ocr-capabilities' content='ocr_page ocr_carea ocr_par ocr_line ocrx_word'/>
</head>
<body>
  <div class='ocr_page' id='page_1' title='image "./epistolaephieron04nadauoft_0537.png"; bbox 0 0 2098 3470; ppageno 0'>
   <div class='ocr_carea' id='block_1_1' title="bbox 0 1799 108 3470">
    <p class='ocr_par' dir='ltr' id='par_1_1' title="bbox 0 1799 108 3470">
     <span class='ocr_line' id='line_1_1' title="bbox 0 1799 108 3470; baseline 0 0"><span class='ocrx_word' id='word_1_1' title='bbox 0 1799 108 3470; x_wconf 95' lang='lat' dir='ltr'><strong> </strong></span> 
     </span>
    </p>
   </div>
   <div class='ocr_carea' id='block_1_2' title="bbox 787 240 1771 293">
    <p class='ocr_par' dir='ltr' id='par_1_2' title="bbox 787 240 1771 293">
     <span class='ocr_line' id='line_1_2' title="bbox 787 240 1771 293; baseline -0.006 -13"><span class='ocrx_word' id='word_1_2' title='bbox 787 240 1224 280; x_wconf 67' lang='lat' dir='ltr'><strong>Ins-rnucnotms--ffl</strong></span> <span class='ocrx_word' id='word_1_3' title='bbox 1705 247 1747 293; x_wconf 81' lang='lat'><strong>5.¹</strong></span> <span class='ocrx_word' id='word_1_4' title='bbox 1755 246 1771 275; x_wconf 92' lang='lat'>1</span> 
     </span>
    </p>
   </div>
   <div class='ocr_carea' id='block_1_3' title="bbox 163 340 1820 2942">
    <p class='ocr_par' dir='ltr' id='par_1_3' title="bbox 187 340 1820 639">
     <span class='ocr_line' id='line_1_3' title="bbox 188 340 1820 405; baseline -0.004 -14"><span class='ocrx_word' id='word_1_5' title='bbox 188 347 247 392; x_wconf 90' lang='lat' dir='ltr'><strong>rit</strong></span> <span class='ocrx_word' id='word_1_6' title='bbox 266 346 554 405; x_wconf 76' lang='lat' dir='ltr'>peculiariter</span> <span class='ocrx_word' id='word_1_7' title='bbox 575 345 764 389; x_wconf 88' lang='lat' dir='ltr'><strong>secundi</strong></span> <span class='ocrx_word' id='word_1_8' title='bbox 786 344 959 402; x_wconf 89' lang='lat' dir='ltr'><strong>gradus</strong></span> <span class='ocrx_word' id='word_1_9' title='bbox 979 342 1343 400; x_wconf 84' lang='lat' dir='ltr'><strong>applicationem.</strong></span> <span class='ocrx_word' id='word_1_10' title='bbox 1367 340 1500 384; x_wconf 86' lang='lat' dir='ltr'><strong>Vnde</strong></span> <span class='ocrx_word' id='word_1_11' title='bbox 1520 340 1662 396; x_wconf 82' lang='lat' dir='ltr'><strong>liquet</strong></span> <span class='ocrx_word' id='word_1_12' title='bbox 1699 341 1820 385; x_wconf 87' lang='lat' dir='ltr'><strong>cele-</strong></span> 
     </span>
     <span class='ocr_line' id='line_1_4' title="bbox 187 417 1817 480; baseline -0.005 -12"><span class='ocrx_word' id='word_1_13' title='bbox 187 425 395 468; x_wconf 89' lang='lat' dir='ltr'><strong>brantem</strong></span> <span class='ocrx_word' id='word_1_14' title='bbox 423 437 557 480; x_wconf 89' lang='lat' dir='ltr'><strong>posse</strong></span> <span class='ocrx_word' id='word_1_15' title='bbox 583 422 766 467; x_wconf 89' lang='lat' dir='ltr'><strong>tertium</strong></span> <span class='ocrx_word' id='word_1_16' title='bbox 795 421 990 478; x_wconf 88' lang='lat' dir='ltr'><strong>gradum</strong></span> <span class='ocrx_word' id='word_1_17' title='bbox 1017 418 1103 464; x_wconf 89' lang='lat' dir='ltr'><strong>sibi</strong></span> <span class='ocrx_word' id='word_1_18' title='bbox 1130 418 1356 475; x_wconf 89' lang='lat' dir='ltr'><strong>applicare</strong></span> <span class='ocrx_word' id='word_1_19' title='bbox 1391 418 1465 462; x_wconf 94' lang='lat' dir='ltr'><strong>vel</strong></span> <span class='ocrx_word' id='word_1_20' title='bbox 1494 417 1568 460; x_wconf 90' lang='lat' dir='ltr'><strong>cui</strong></span> <span class='ocrx_word' id='word_1_21' title='bbox 1608 417 1817 470; x_wconf 85' lang='lat' dir='ltr'><strong>voluerit,</strong></span> 
     </span>
     <span class='ocr_line' id='line_1_5' title="bbox 187 493 1820 558; baseline -0.005 -14"><span class='ocrx_word' id='word_1_22' title='bbox 187 515 278 558; x_wconf 92' lang='lat' dir='ltr'><strong>quo</strong></span> <span class='ocrx_word' id='word_1_23' title='bbox 305 501 357 544; x_wconf 89' lang='lat' dir='ltr'><strong>fit</strong></span> <span class='ocrx_word' id='word_1_24' title='bbox 383 507 432 542; x_wconf 91' lang='lat' dir='ltr'><strong>vt</strong></span> <span class='ocrx_word' id='word_1_25' title='bbox 462 508 552 543; x_wconf 83' lang='lat' dir='ltr'><strong>tarn</strong></span> <span class='ocrx_word' id='word_1_26' title='bbox 580 499 667 542; x_wconf 91' lang='lat' dir='ltr'><strong>sibi</strong></span> <span class='ocrx_word' id='word_1_27' title='bbox 695 513 832 555; x_wconf 90' lang='lat' dir='ltr'><strong>quam</strong></span> <span class='ocrx_word' id='word_1_28' title='bbox 859 497 958 541; x_wconf 89' lang='lat' dir='ltr'><strong>aliis</strong></span> <span class='ocrx_word' id='word_1_29' title='bbox 980 496 1194 553; x_wconf 85' lang='lat' dir='ltr'><strong>prodesse</strong></span> <span class='ocrx_word' id='word_1_30' title='bbox 1222 494 1364 552; x_wconf 83' lang='lat' dir='ltr'>possit</span> <span class='ocrx_word' id='word_1_31' title='bbox 1390 509 1570 550; x_wconf 88' lang='lat' dir='ltr'><strong>semper</strong></span> <span class='ocrx_word' id='word_1_32' title='bbox 1596 509 1679 550; x_wconf 90' lang='lat' dir='ltr'><strong>per</strong></span> <span class='ocrx_word' id='word_1_33' title='bbox 1709 493 1820 537; x_wconf 86' lang='lat' dir='ltr'><strong>mis·</strong></span> 
     </span>
     <span class='ocr_line' id='line_1_6' title="bbox 187 573 1511 639; baseline -0.006 -17"><span class='ocrx_word' id='word_1_34' title='bbox 187 592 341 622; x_wconf 90' lang='lat' dir='ltr'><strong>sarum</strong></span> <span class='ocrx_word' id='word_1_35' title='bbox 365 592 551 622; x_wconf 90' lang='lat' dir='ltr'><strong>suarum</strong></span> <span class='ocrx_word' id='word_1_36' title='bbox 573 575 919 633; x_wconf 86' lang='lat' dir='ltr'><strong>applicationem</strong></span> <span class='ocrx_word' id='word_1_37' title='bbox 940 573 1145 618; x_wconf 86' lang='lat' dir='ltr'><strong>liberam.</strong></span> <span class='ocrx_word' id='word_1_38' title='bbox 1504 632 1511 639; x_wconf 29' lang='grc' dir='ltr'>ι</span> 
     </span>
    </p>

    <p class='ocr_par' dir='ltr' id='par_1_4' title="bbox 181 647 1818 1094">
     <span class='ocr_line' id='line_1_7' title="bbox 274 647 1818 710; baseline -0.006 -10"><span class='ocrx_word' id='word_1_39' title='bbox 274 654 432 700; x_wconf 89' lang='lat' dir='ltr'><strong>Sciant</strong></span> <span class='ocrx_word' id='word_1_40' title='bbox 454 661 689 710; x_wconf 90' lang='lat' dir='ltr'><strong>praeterea</strong></span> <span class='ocrx_word' id='word_1_41' title='bbox 710 653 971 697; x_wconf 84' lang='lat' dir='ltr'><strong>sacerdotes</strong></span> <span class='ocrx_word' id='word_1_42' title='bbox 992 650 1153 702; x_wconf 87' lang='lat' dir='ltr'><strong>nostri,</strong></span> <span class='ocrx_word' id='word_1_43' title='bbox 1176 649 1300 705; x_wconf 90' lang='lat' dir='ltr'><strong>quod</strong></span> <span class='ocrx_word' id='word_1_44' title='bbox 1316 649 1430 692; x_wconf 90' lang='lat' dir='ltr'><strong>citra</strong></span> <span class='ocrx_word' id='word_1_45' title='bbox 1445 647 1692 704; x_wconf 90' lang='lat' dir='ltr'><strong>superioris</strong></span> <span class='ocrx_word' id='word_1_46' title='bbox 1709 662 1818 691; x_wconf 89' lang='lat' dir='ltr'><strong>con-</strong></span> 
     </span>
     <span class='ocr_line' id='line_1_8' title="bbox 185 720 1817 786; baseline -0.005 -11"><span class='ocrx_word' id='word_1_47' title='bbox 185 745 370 777; x_wconf 88' lang='lat' dir='ltr'><strong>sensum</strong></span> <span class='ocrx_word' id='word_1_48' title='bbox 392 745 483 774; x_wconf 93' lang='lat' dir='ltr'><strong>non</strong></span> <span class='ocrx_word' id='word_1_49' title='bbox 505 736 699 786; x_wconf 90' lang='lat' dir='ltr'><strong>possunt</strong></span> <span class='ocrx_word' id='word_1_50' title='bbox 720 743 850 773; x_wconf 90' lang='lat' dir='ltr'><strong>sacra</strong></span> <span class='ocrx_word' id='word_1_51' title='bbox 871 720 963 772; x_wconf 63' lang='lat' dir='ltr'><strong>&#39;sua</strong></span> <span class='ocrx_word' id='word_1_52' title='bbox 988 726 1187 772; x_wconf 89' lang='lat' dir='ltr'><strong>externis</strong></span> <span class='ocrx_word' id='word_1_53' title='bbox 1216 725 1439 783; x_wconf 78' lang='lat' dir='ltr'><strong>polliceri.</strong></span> <span class='ocrx_word' id='word_1_54' title='bbox 1469 725 1582 770; x_wconf 89' lang='lat' dir='ltr'><strong>Item</strong></span> <span class='ocrx_word' id='word_1_55' title='bbox 1611 738 1703 768; x_wconf 92' lang='lat' dir='ltr'><strong>non</strong></span> <span class='ocrx_word' id='word_1_56' title='bbox 1732 724 1817 768; x_wconf 91' lang='lat' dir='ltr'><strong>nisi</strong></span> 
     </span>
     <span class='ocr_line' id='line_1_9' title="bbox 184 802 1817 862; baseline -0.004 -10"><span class='ocrx_word' id='word_1_57' title='bbox 184 809 243 852; x_wconf 89' lang='lat' dir='ltr'><strong>ad</strong></span> <span class='ocrx_word' id='word_1_58' title='bbox 262 822 336 852; x_wconf 91' lang='lat' dir='ltr'><strong>res</strong></span> <span class='ocrx_word' id='word_1_59' title='bbox 355 807 471 859; x_wconf 90' lang='lat' dir='ltr'><strong>illas,</strong></span> <span class='ocrx_word' id='word_1_60' title='bbox 489 822 607 862; x_wconf 87' lang='lat' dir='ltr'><strong>quae</strong></span> <span class='ocrx_word' id='word_1_61' title='bbox 623 807 682 850; x_wconf 91' lang='lat' dir='ltr'><strong>ad</strong></span> <span class='ocrx_word' id='word_1_62' title='bbox 698 806 914 850; x_wconf 91' lang='lat' dir='ltr'><strong>maiorem</strong></span> <span class='ocrx_word' id='word_1_63' title='bbox 931 804 1018 850; x_wconf 89' lang='lat' dir='ltr'><strong>Dei</strong></span> <span class='ocrx_word' id='word_1_64' title='bbox 1039 804 1231 861; x_wconf 88' lang='lat' dir='ltr'><strong>gloriam</strong></span> <span class='ocrx_word' id='word_1_65' title='bbox 1254 810 1481 860; x_wconf 87' lang='lat' dir='ltr'><strong>spectant,</strong></span> <span class='ocrx_word' id='word_1_66' title='bbox 1505 802 1629 859; x_wconf 91' lang='lat' dir='ltr'><strong>ipsos</strong></span> <span class='ocrx_word' id='word_1_67' title='bbox 1650 803 1817 847; x_wconf 90' lang='lat' dir='ltr'><strong>debere</strong></span> 
     </span>
     <span class='ocr_line' id='line_1_10' title="bbox 183 881 1817 942; baseline -0.004 -13"><span class='ocrx_word' id='word_1_68' title='bbox 183 885 428 939; x_wconf 89' lang='lat' dir='ltr'><strong>celebrare;</strong></span> <span class='ocrx_word' id='word_1_69' title='bbox 453 885 499 928; x_wconf 92' lang='lat' dir='ltr'><strong>id</strong></span> <span class='ocrx_word' id='word_1_70' title='bbox 519 885 663 942; x_wconf 89' lang='lat' dir='ltr'><strong>igitur</strong></span> <span class='ocrx_word' id='word_1_71' title='bbox 684 884 852 928; x_wconf 85' lang='lat' dir='ltr'><strong>faciant</strong></span> <span class='ocrx_word' id='word_1_72' title='bbox 873 897 956 940; x_wconf 93' lang='lat' dir='ltr'><strong>pro</strong></span> <span class='ocrx_word' id='word_1_73' title='bbox 977 881 1326 927; x_wconf 89' lang='lat' dir='ltr'><strong>conseruatione</strong></span> <span class='ocrx_word' id='word_1_74' title='bbox 1352 888 1399 925; x_wconf 94' lang='lat' dir='ltr'><strong>et</strong></span> <span class='ocrx_word' id='word_1_75' title='bbox 1427 887 1678 937; x_wconf 87' lang='lat' dir='ltr'><strong>augmento</strong></span> <span class='ocrx_word' id='word_1_76' title='bbox 1707 894 1817 924; x_wconf 91' lang='lat' dir='ltr'><strong>suae</strong></span> 
     </span>
     <span class='ocr_line' id='line_1_11' title="bbox 182 957 1816 1019; baseline -0.005 -12"><span class='ocrx_word' id='word_1_77' title='bbox 182 962 492 1019; x_wconf 84' lang='lat' dir='ltr'><strong>perfectionis,</strong></span> <span class='ocrx_word' id='word_1_78' title='bbox 525 976 608 1018; x_wconf 91' lang='lat' dir='ltr'><strong>pro</strong></span> <span class='ocrx_word' id='word_1_79' title='bbox 636 959 898 1004; x_wconf 91' lang='lat' dir='ltr'><strong>ministeriis</strong></span> <span class='ocrx_word' id='word_1_80' title='bbox 924 958 1011 1003; x_wconf 85' lang='lat' dir='ltr'><strong>sibi</strong></span> <span class='ocrx_word' id='word_1_81' title='bbox 1036 963 1122 1006; x_wconf 78' lang='lat'><strong>4⁰9</strong></span> <span class='ocrx_word' id='word_1_82' title='bbox 1155 957 1501 1010; x_wconf 84' lang='lat' dir='ltr'><strong>commendatis,</strong></span> <span class='ocrx_word' id='word_1_83' title='bbox 1541 957 1816 1013; x_wconf 85' lang='lat' dir='ltr'><strong>poenitenti-</strong></span> 
     </span>
     <span class='ocr_line' id='line_1_12' title="bbox 181 1034 1817 1094; baseline -0.004 -11"><span class='ocrx_word' id='word_1_84' title='bbox 181 1039 287 1094; x_wconf 90' lang='lat' dir='ltr'><strong>bus,</strong></span> <span class='ocrx_word' id='word_1_85' title='bbox 304 1039 602 1091; x_wconf 86' lang='lat' dir='ltr'><strong>scholaribus,</strong></span> <span class='ocrx_word' id='word_1_86' title='bbox 622 1038 928 1093; x_wconf 89' lang='lat' dir='ltr'><strong>fratribusque</strong></span> <span class='ocrx_word' id='word_1_87' title='bbox 949 1036 1060 1089; x_wconf 92' lang='lat' dir='ltr'><strong>suis,</strong></span> <span class='ocrx_word' id='word_1_88' title='bbox 1080 1050 1161 1092; x_wconf 92' lang='lat' dir='ltr'><strong>pro</strong></span> <span class='ocrx_word' id='word_1_89' title='bbox 1182 1035 1454 1079; x_wconf 90' lang='lat' dir='ltr'><strong>concionum</strong></span> <span class='ocrx_word' id='word_1_90' title='bbox 1471 1034 1755 1078; x_wconf 88' lang='lat' dir='ltr'><strong>auditoribus</strong></span> <span class='ocrx_word' id='word_1_91' title='bbox 1771 1041 1817 1078; x_wconf 90' lang='lat' dir='ltr'><strong>et</strong></span> 
     </span>
    </p>

    <p class='ocr_par' dir='ltr' id='par_1_5' title="bbox 163 1111 1816 1328">
     <span class='ocr_line' id='line_1_13' title="bbox 163 1111 1816 1171; baseline -0.004 -12"><span class='ocrx_word' id='word_1_92' title='bbox 163 1115 283 1160; x_wconf 82' lang='lat' dir='ltr'><strong>&#39;aliis</strong></span> <span class='ocrx_word' id='word_1_93' title='bbox 302 1115 503 1160; x_wconf 88' lang='lat' dir='ltr'><strong>materiis</strong></span> <span class='ocrx_word' id='word_1_94' title='bbox 524 1114 766 1167; x_wconf 86' lang='lat' dir='ltr'><strong>orationis,</strong></span> <span class='ocrx_word' id='word_1_95' title='bbox 791 1129 908 1171; x_wconf 91' lang='lat' dir='ltr'><strong>quae</strong></span> <span class='ocrx_word' id='word_1_96' title='bbox 935 1113 1042 1157; x_wconf 88' lang='lat' dir='ltr'><strong>alibi</strong></span> <span class='ocrx_word' id='word_1_97' title='bbox 1070 1113 1261 1157; x_wconf 85' lang='lat' dir='ltr'><strong>traditae</strong></span> <span class='ocrx_word' id='word_1_98' title='bbox 1281 1119 1412 1165; x_wconf 83' lang='lat' dir='ltr'><strong>sunt3</strong></span> <span class='ocrx_word' id='word_1_99' title='bbox 1438 1111 1604 1168; x_wconf 93' lang='lat' dir='ltr'><strong>quibus</strong></span> <span class='ocrx_word' id='word_1_100' title='bbox 1626 1111 1816 1168; x_wconf 86' lang='lat' dir='ltr'><strong>adiungi</strong></span> 
     </span>
     <span class='ocr_line' id='line_1_14' title="bbox 184 1188 1816 1250; baseline -0.004 -13"><span class='ocrx_word' id='word_1_101' title='bbox 184 1200 379 1250; x_wconf 88' lang='lat' dir='ltr'><strong>possunt</strong></span> <span class='ocrx_word' id='word_1_102' title='bbox 405 1193 521 1236; x_wconf 91' lang='lat' dir='ltr'><strong>aliae</strong></span> <span class='ocrx_word' id='word_1_103' title='bbox 552 1199 770 1248; x_wconf 89' lang='lat' dir='ltr'><strong>v·rgentes</strong></span> <span class='ocrx_word' id='word_1_104' title='bbox 796 1205 977 1243; x_wconf 89' lang='lat' dir='ltr'><strong>causae,</strong></span> <span class='ocrx_word' id='word_1_105' title='bbox 1016 1205 1131 1246; x_wconf 85' lang='lat' dir='ltr'><strong>quas</strong></span> <span class='ocrx_word' id='word_1_106' title='bbox 1166 1189 1263 1246; x_wconf 90' lang='lat' dir='ltr'><strong>ipse</strong></span> <span class='ocrx_word' id='word_1_107' title='bbox 1299 1188 1588 1246; x_wconf 87' lang='lat' dir='ltr'><strong>peculiariter</strong></span> <span class='ocrx_word' id='word_1_108' title='bbox 1610 1188 1741 1241; x_wconf 87' lang='lat' dir='ltr'><strong>sciat,</strong></span> <span class='ocrx_word' id='word_1_109' title='bbox 1769 1199 1816 1232; x_wconf 90' lang='lat' dir='ltr'><strong>et</strong></span> 
     </span>
     <span class='ocr_line' id='line_1_15' title="bbox 184 1266 1692 1328; baseline -0.004 -14"><span class='ocrx_word' id='word_1_110' title='bbox 184 1269 394 1328; x_wconf 88' lang='lat' dir='ltr'><strong>negocia,</strong></span> <span class='ocrx_word' id='word_1_111' title='bbox 419 1284 535 1326; x_wconf 91' lang='lat' dir='ltr'><strong>quae</strong></span> <span class='ocrx_word' id='word_1_112' title='bbox 557 1270 614 1312; x_wconf 89' lang='lat' dir='ltr'><strong>ad</strong></span> <span class='ocrx_word' id='word_1_113' title='bbox 636 1269 850 1313; x_wconf 90' lang='lat' dir='ltr'><strong>maiorem</strong></span> <span class='ocrx_word' id='word_1_114' title='bbox 871 1267 959 1312; x_wconf 94' lang='lat' dir='ltr'><strong>Dei</strong></span> <span class='ocrx_word' id='word_1_115' title='bbox 980 1267 1171 1325; x_wconf 87' lang='lat' dir='ltr'><strong>gloriam</strong></span> <span class='ocrx_word' id='word_1_116' title='bbox 1198 1266 1446 1310; x_wconf 88' lang='lat' dir='ltr'><strong>conuenire</strong></span> <span class='ocrx_word' id='word_1_117' title='bbox 1467 1273 1692 1311; x_wconf 89' lang='lat' dir='ltr'><strong>censeret.</strong></span> 
     </span>
    </p>

    <p class='ocr_par' dir='ltr' id='par_1_6' title="bbox 179 1343 1815 1865">
     <span class='ocr_line' id='line_1_16' title="bbox 271 1343 1811 1404; baseline -0.003 -14"><span class='ocrx_word' id='word_1_118' title='bbox 271 1347 417 1404; x_wconf 83' lang='lat' dir='ltr'><strong>Igitur</strong></span> <span class='ocrx_word' id='word_1_119' title='bbox 439 1361 608 1403; x_wconf 88' lang='lat' dir='ltr'><strong>magna</strong></span> <span class='ocrx_word' id='word_1_120' title='bbox 627 1354 697 1389; x_wconf 89' lang='lat' dir='ltr'><strong>est</strong></span> <span class='ocrx_word' id='word_1_121' title='bbox 719 1345 871 1401; x_wconf 90' lang='lat' dir='ltr'><strong>quiuis</strong></span> <span class='ocrx_word' id='word_1_122' title='bbox 893 1345 1106 1389; x_wconf 88' lang='lat' dir='ltr'><strong>sacerdos</strong></span> <span class='ocrx_word' id='word_1_123' title='bbox 1126 1345 1325 1388; x_wconf 92' lang='lat' dir='ltr'><strong>donatus</strong></span> <span class='ocrx_word' id='word_1_124' title='bbox 1346 1343 1555 1388; x_wconf 90' lang='lat' dir='ltr'><strong>libertate</strong></span> <span class='ocrx_word' id='word_1_125' title='bbox 1577 1345 1663 1386; x_wconf 91' lang='lat' dir='ltr'><strong>hac</strong></span> <span class='ocrx_word' id='word_1_126' title='bbox 1678 1343 1725 1385; x_wconf 90' lang='lat' dir='ltr'><strong>in</strong></span> <span class='ocrx_word' id='word_1_127' title='bbox 1749 1358 1811 1395; x_wconf 90' lang='lat' dir='ltr'><strong>re,</strong></span> 
     </span>
     <span class='ocr_line' id='line_1_17' title="bbox 185 1420 1815 1480; baseline -0.002 -14"><span class='ocrx_word' id='word_1_128' title='bbox 185 1423 263 1480; x_wconf 93' lang='lat' dir='ltr'><strong>qui</strong></span> <span class='ocrx_word' id='word_1_129' title='bbox 284 1438 379 1467; x_wconf 91' lang='lat' dir='ltr'><strong>non</strong></span> <span class='ocrx_word' id='word_1_130' title='bbox 408 1425 542 1467; x_wconf 93' lang='lat' dir='ltr'><strong>modo</strong></span> <span class='ocrx_word' id='word_1_131' title='bbox 570 1422 815 1480; x_wconf 90' lang='lat' dir='ltr'><strong>praedictis</strong></span> <span class='ocrx_word' id='word_1_132' title='bbox 842 1435 1037 1479; x_wconf 91' lang='lat' dir='ltr'><strong>semper,</strong></span> <span class='ocrx_word' id='word_1_133' title='bbox 1067 1423 1148 1466; x_wconf 87' lang='lat' dir='ltr'><strong>sed</strong></span> <span class='ocrx_word' id='word_1_134' title='bbox 1174 1421 1350 1466; x_wconf 88' lang='lat' dir='ltr'><strong>ratione</strong></span> <span class='ocrx_word' id='word_1_135' title='bbox 1384 1420 1519 1466; x_wconf 90' lang='lat' dir='ltr'><strong>etiam</strong></span> <span class='ocrx_word' id='word_1_136' title='bbox 1553 1420 1612 1464; x_wconf 49' lang='lat'><strong>25</strong></span> <span class='ocrx_word' id='word_1_137' title='bbox 1646 1421 1815 1477; x_wconf 89' lang='lat' dir='ltr'><strong>gradus</strong></span> 
     </span>
     <span class='ocr_line' id='line_1_18' title="bbox 183 1498 1815 1556; baseline -0.001 -12"><span class='ocrx_word' id='word_1_138' title='bbox 183 1501 446 1556; x_wconf 87' lang='lat' dir='ltr'><strong>frequenter</strong></span> <span class='ocrx_word' id='word_1_139' title='bbox 468 1507 575 1556; x_wconf 76' lang='lat' dir='ltr'><strong>(non</strong></span> <span class='ocrx_word' id='word_1_140' title='bbox 603 1499 724 1544; x_wconf 89' lang='lat' dir='ltr'><strong>enim</strong></span> <span class='ocrx_word' id='word_1_141' title='bbox 752 1500 867 1544; x_wconf 91' lang='lat' dir='ltr'><strong>adeo</strong></span> <span class='ocrx_word' id='word_1_142' title='bbox 894 1513 1003 1555; x_wconf 90' lang='lat' dir='ltr'><strong>sepe</strong></span> <span class='ocrx_word' id='word_1_143' title='bbox 1028 1499 1186 1543; x_wconf 91' lang='lat' dir='ltr'><strong>iubent</strong></span> <span class='ocrx_word' id='word_1_144' title='bbox 1214 1498 1470 1555; x_wconf 88' lang='lat' dir='ltr'><strong>superiores</strong></span> <span class='ocrx_word' id='word_1_145' title='bbox 1497 1498 1659 1542; x_wconf 90' lang='lat' dir='ltr'><strong>missas</strong></span> <span class='ocrx_word' id='word_1_146' title='bbox 1695 1498 1815 1542; x_wconf 90' lang='lat' dir='ltr'><strong>cele-</strong></span> 
     </span>
     <span class='ocr_line' id='line_1_19' title="bbox 180 1574 1814 1633; baseline -0.002 -13"><span class='ocrx_word' id='word_1_147' title='bbox 180 1577 318 1630; x_wconf 91' lang='lat' dir='ltr'><strong>brari,</strong></span> <span class='ocrx_word' id='word_1_148' title='bbox 342 1586 465 1622; x_wconf 90' lang='lat' dir='ltr'><strong>certe</strong></span> <span class='ocrx_word' id='word_1_149' title='bbox 488 1592 579 1619; x_wconf 89' lang='lat' dir='ltr'><strong>non</strong></span> <span class='ocrx_word' id='word_1_150' title='bbox 599 1577 831 1631; x_wconf 80' lang='lat' dir='ltr'><strong>deberent)</strong></span> <span class='ocrx_word' id='word_1_151' title='bbox 855 1576 1024 1633; x_wconf 92' lang='lat' dir='ltr'><strong>poterit</strong></span> <span class='ocrx_word' id='word_1_152' title='bbox 1040 1575 1180 1620; x_wconf 91' lang='lat' dir='ltr'><strong>libere</strong></span> <span class='ocrx_word' id='word_1_153' title='bbox 1196 1576 1337 1619; x_wconf 91' lang='lat' dir='ltr'><strong>sacris</strong></span> <span class='ocrx_word' id='word_1_154' title='bbox 1353 1575 1449 1619; x_wconf 88' lang='lat' dir='ltr'><strong>suis</strong></span> <span class='ocrx_word' id='word_1_155' title='bbox 1470 1583 1517 1620; x_wconf 92' lang='lat' dir='ltr'><strong>et</strong></span> <span class='ocrx_word' id='word_1_156' title='bbox 1532 1574 1814 1618; x_wconf 89' lang='lat' dir='ltr'><strong>orationibus</strong></span> 
     </span>
     <span class='ocr_line' id='line_1_20' title="bbox 179 1652 1814 1710; baseline -0.002 -12"><span class='ocrx_word' id='word_1_157' title='bbox 179 1653 419 1698; x_wconf 90' lang='lat' dir='ltr'><strong>missarum</strong></span> <span class='ocrx_word' id='word_1_158' title='bbox 445 1665 536 1697; x_wconf 90' lang='lat' dir='ltr'><strong>tam</strong></span> <span class='ocrx_word' id='word_1_159' title='bbox 558 1653 757 1710; x_wconf 90' lang='lat' dir='ltr'><strong>seipsum</strong></span> <span class='ocrx_word' id='word_1_160' title='bbox 781 1668 919 1709; x_wconf 90' lang='lat' dir='ltr'><strong>quam</strong></span> <span class='ocrx_word' id='word_1_161' title='bbox 941 1653 1052 1697; x_wconf 90' lang='lat' dir='ltr'><strong>alios</strong></span> <span class='ocrx_word' id='word_1_162' title='bbox 1073 1653 1247 1698; x_wconf 88' lang='lat' dir='ltr'><strong>iuuare.</strong></span> <span class='ocrx_word' id='word_1_163' title='bbox 1272 1654 1407 1697; x_wconf 88' lang='lat' dir='ltr'><strong>Adde</strong></span> <span class='ocrx_word' id='word_1_164' title='bbox 1438 1653 1560 1709; x_wconf 93' lang='lat' dir='ltr'><strong>quod</strong></span> <span class='ocrx_word' id='word_1_165' title='bbox 1590 1652 1638 1694; x_wconf 92' lang='lat' dir='ltr'><strong>in</strong></span> <span class='ocrx_word' id='word_1_166' title='bbox 1666 1652 1814 1695; x_wconf 91' lang='lat' dir='ltr'><strong>omni-</strong></span> 
     </span>
     <span class='ocr_line' id='line_1_21' title="bbox 179 1729 1810 1787; baseline -0.001 -13"><span class='ocrx_word' id='word_1_167' title='bbox 179 1731 268 1776; x_wconf 92' lang='lat' dir='ltr'><strong>bus</strong></span> <span class='ocrx_word' id='word_1_168' title='bbox 294 1731 443 1776; x_wconf 86' lang='lat' dir='ltr'><strong>missis</strong></span> <span class='ocrx_word' id='word_1_169' title='bbox 468 1739 515 1775; x_wconf 89' lang='lat' dir='ltr'><strong>et</strong></span> <span class='ocrx_word' id='word_1_170' title='bbox 541 1730 839 1783; x_wconf 85' lang='lat' dir='ltr'><strong>orationibus,</strong></span> <span class='ocrx_word' id='word_1_171' title='bbox 870 1745 985 1787; x_wconf 91' lang='lat' dir='ltr'><strong>quas</strong></span> <span class='ocrx_word' id='word_1_172' title='bbox 1011 1746 1068 1776; x_wconf 83' lang='lat' dir='ltr'><strong>ex</strong></span> <span class='ocrx_word' id='word_1_173' title='bbox 1088 1737 1331 1787; x_wconf 88' lang='lat' dir='ltr'><strong>praecepto</strong></span> <span class='ocrx_word' id='word_1_174' title='bbox 1364 1731 1534 1775; x_wconf 90' lang='lat' dir='ltr'><strong>debent</strong></span> <span class='ocrx_word' id='word_1_175' title='bbox 1565 1729 1810 1786; x_wconf 86' lang='lat' dir='ltr'><strong>applicare,</strong></span> 
     </span>
     <span class='ocr_line' id='line_1_22' title="bbox 180 1807 1631 1865; baseline -0.001 -14"><span class='ocrx_word' id='word_1_176' title='bbox 180 1822 360 1865; x_wconf 91' lang='lat' dir='ltr'><strong>semper</strong></span> <span class='ocrx_word' id='word_1_177' title='bbox 382 1817 452 1852; x_wconf 87' lang='lat' dir='ltr'><strong>est</strong></span> <span class='ocrx_word' id='word_1_178' title='bbox 475 1808 642 1852; x_wconf 88' lang='lat' dir='ltr'><strong>nostris</strong></span> <span class='ocrx_word' id='word_1_179' title='bbox 662 1807 856 1852; x_wconf 90' lang='lat' dir='ltr'><strong>liberum</strong></span> <span class='ocrx_word' id='word_1_180' title='bbox 879 1808 1196 1851; x_wconf 89' lang='lat' dir='ltr'><strong>commendare</strong></span> <span class='ocrx_word' id='word_1_181' title='bbox 1215 1809 1316 1852; x_wconf 93' lang='lat' dir='ltr'><strong>Deo</strong></span> <span class='ocrx_word' id='word_1_182' title='bbox 1337 1822 1453 1863; x_wconf 87' lang='lat' dir='ltr'><strong>quos</strong></span> <span class='ocrx_word' id='word_1_183' title='bbox 1474 1807 1631 1852; x_wconf 90' lang='lat' dir='ltr'><strong>velint.</strong></span> 
     </span>
    </p>

    <p class='ocr_par' dir='ltr' id='par_1_7' title="bbox 177 1884 1813 2326">
     <span class='ocr_line' id='line_1_23' title="bbox 266 1884 1811 1942; baseline -0.002 -12"><span class='ocrx_word' id='word_1_184' title='bbox 266 1886 398 1930; x_wconf 91' lang='lat' dir='ltr'><strong>Haec</strong></span> <span class='ocrx_word' id='word_1_185' title='bbox 418 1900 558 1941; x_wconf 91' lang='lat' dir='ltr'><strong>quum</strong></span> <span class='ocrx_word' id='word_1_186' title='bbox 581 1885 644 1928; x_wconf 92' lang='lat' dir='ltr'><strong>ita</strong></span> <span class='ocrx_word' id='word_1_187' title='bbox 665 1885 772 1938; x_wconf 90' lang='lat' dir='ltr'><strong>sint,</strong></span> <span class='ocrx_word' id='word_1_188' title='bbox 796 1893 964 1937; x_wconf 89' lang='lat' dir='ltr'><strong>tamen,</strong></span> <span class='ocrx_word' id='word_1_189' title='bbox 987 1885 1063 1927; x_wconf 91' lang='lat' dir='ltr'><strong>vbi</strong></span> <span class='ocrx_word' id='word_1_190' title='bbox 1084 1884 1162 1928; x_wconf 91' lang='lat' dir='ltr'><strong>illo</strong></span> <span class='ocrx_word' id='word_1_191' title='bbox 1185 1884 1254 1928; x_wconf 92' lang='lat'><strong>2.⁰</strong></span> <span class='ocrx_word' id='word_1_192' title='bbox 1278 1885 1425 1942; x_wconf 91' lang='lat' dir='ltr'><strong>gradu</strong></span> <span class='ocrx_word' id='word_1_193' title='bbox 1447 1885 1573 1928; x_wconf 89' lang='lat' dir='ltr'><strong>dicto</strong></span> <span class='ocrx_word' id='word_1_194' title='bbox 1595 1898 1687 1927; x_wconf 92' lang='lat' dir='ltr'><strong>non</strong></span> <span class='ocrx_word' id='word_1_195' title='bbox 1711 1892 1811 1940; x_wconf 89' lang='lat' dir='ltr'><strong>pot—</strong></span> 
     </span>
     <span class='ocr_line' id='line_1_24' title="bbox 184 1961 1812 2018; baseline -0.002 -11"><span class='ocrx_word' id='word_1_196' title='bbox 184 1968 255 2007; x_wconf 81' lang='lat' dir='ltr'><strong>est</strong></span> <span class='ocrx_word' id='word_1_197' title='bbox 274 1961 415 2006; x_wconf 83' lang='lat' dir='ltr'><strong>libere</strong></span> <span class='ocrx_word' id='word_1_198' title='bbox 436 1961 679 2018; x_wconf 89' lang='lat' dir='ltr'><strong>applicare,</strong></span> <span class='ocrx_word' id='word_1_199' title='bbox 699 1963 835 2006; x_wconf 91' lang='lat' dir='ltr'><strong>debet</strong></span> <span class='ocrx_word' id='word_1_200' title='bbox 858 1962 1060 2018; x_wconf 89' lang='lat' dir='ltr'><strong>profecto</strong></span> <span class='ocrx_word' id='word_1_201' title='bbox 1084 1969 1210 2005; x_wconf 89' lang='lat' dir='ltr'><strong>tanto</strong></span> <span class='ocrx_word' id='word_1_202' title='bbox 1225 1961 1383 2005; x_wconf 89' lang='lat' dir='ltr'><strong>maiori</strong></span> <span class='ocrx_word' id='word_1_203' title='bbox 1405 1963 1572 2006; x_wconf 83' lang='lat' dir='ltr'><strong>affectu</strong></span> <span class='ocrx_word' id='word_1_204' title='bbox 1589 1970 1635 2005; x_wconf 93' lang='lat' dir='ltr'><strong>et</strong></span> <span class='ocrx_word' id='word_1_205' title='bbox 1652 1961 1812 2005; x_wconf 89' lang='lat' dir='ltr'><strong>solatio</strong></span> 
     </span>
     <span class='ocr_line' id='line_1_25' title="bbox 179 2038 1813 2094; baseline -0.001 -12"><span class='ocrx_word' id='word_1_206' title='bbox 179 2038 318 2082; x_wconf 88' lang='lat' dir='ltr'><strong>animi</strong></span> <span class='ocrx_word' id='word_1_207' title='bbox 339 2039 587 2091; x_wconf 89' lang='lat' dir='ltr'><strong>celebrare,</strong></span> <span class='ocrx_word' id='word_1_208' title='bbox 611 2038 989 2094; x_wconf 85' lang='lat' dir='ltr'><strong>quandoquidem</strong></span> <span class='ocrx_word' id='word_1_209' title='bbox 1012 2039 1059 2081; x_wconf 90' lang='lat' dir='ltr'><strong>in</strong></span> <span class='ocrx_word' id='word_1_210' title='bbox 1080 2053 1179 2083; x_wconf 91' lang='lat' dir='ltr'><strong>eam</strong></span> <span class='ocrx_word' id='word_1_211' title='bbox 1200 2039 1471 2083; x_wconf 85' lang='lat' dir='ltr'><strong>sententiam</strong></span> <span class='ocrx_word' id='word_1_212' title='bbox 1493 2040 1629 2082; x_wconf 90' lang='lat' dir='ltr'><strong>debet</strong></span> <span class='ocrx_word' id='word_1_213' title='bbox 1651 2038 1813 2083; x_wconf 89' lang='lat' dir='ltr'><strong>merito</strong></span> 
     </span>
     <span class='ocr_line' id='line_1_26' title="bbox 177 2115 1811 2172; baseline 0.001 -14"><span class='ocrx_word' id='word_1_214' title='bbox 177 2115 471 2166; x_wconf 85' lang='lat' dir='ltr'><strong>descendere,</strong></span> <span class='ocrx_word' id='word_1_215' title='bbox 504 2125 553 2158; x_wconf 87' lang='lat' dir='ltr'><strong>vt</strong></span> <span class='ocrx_word' id='word_1_216' title='bbox 584 2116 717 2171; x_wconf 91' lang='lat' dir='ltr'><strong>plane</strong></span> <span class='ocrx_word' id='word_1_217' title='bbox 744 2115 989 2159; x_wconf 86' lang='lat' dir='ltr'><strong>arbitretur</strong></span> <span class='ocrx_word' id='word_1_218' title='bbox 1016 2121 1092 2163; x_wconf 87' lang='grc'><strong>410</strong></span> <span class='ocrx_word' id='word_1_219' title='bbox 1129 2116 1477 2172; x_wconf 86' lang='lat' dir='ltr'><strong>applicationem</strong></span> <span class='ocrx_word' id='word_1_220' title='bbox 1515 2116 1653 2168; x_wconf 88' lang='lat' dir='ltr'><strong>illam,</strong></span> <span class='ocrx_word' id='word_1_221' title='bbox 1693 2130 1811 2171; x_wconf 88' lang='lat' dir='ltr'><strong>quae</strong></span> 
     </span>
     <span class='ocr_line' id='line_1_27' title="bbox 180 2192 1807 2250; baseline 0.001 -15"><span class='ocrx_word' id='word_1_222' title='bbox 180 2199 246 2235; x_wconf 88' lang='lat'><strong>2.⁰</strong></span> <span class='ocrx_word' id='word_1_223' title='bbox 267 2193 404 2236; x_wconf 89' lang='lat' dir='ltr'><strong>modo</strong></span> <span class='ocrx_word' id='word_1_224' title='bbox 425 2193 476 2235; x_wconf 89' lang='lat' dir='ltr'><strong>fit</strong></span> <span class='ocrx_word' id='word_1_225' title='bbox 498 2208 555 2236; x_wconf 85' lang='lat' dir='ltr'><strong>ex</strong></span> <span class='ocrx_word' id='word_1_226' title='bbox 581 2192 860 2249; x_wconf 88' lang='lat' dir='ltr'><strong>praescripto</strong></span> <span class='ocrx_word' id='word_1_227' title='bbox 892 2193 1195 2249; x_wconf 90' lang='lat' dir='ltr'><strong>superiorum,</strong></span> <span class='ocrx_word' id='word_1_228' title='bbox 1219 2193 1591 2250; x_wconf 90' lang='lat' dir='ltr'><strong>praestantiorem</strong></span> <span class='ocrx_word' id='word_1_229' title='bbox 1616 2208 1717 2238; x_wconf 87' lang='lat' dir='ltr'><strong>esse</strong></span> <span class='ocrx_word' id='word_1_230' title='bbox 1738 2207 1807 2244; x_wconf 91' lang='lat' dir='ltr'><strong>ea,</strong></span> 
     </span>
     <span class='ocr_line' id='line_1_28' title="bbox 179 2268 1565 2326; baseline 0 -14"><span class='ocrx_word' id='word_1_231' title='bbox 179 2283 312 2325; x_wconf 88' lang='lat' dir='ltr'><strong>quam</strong></span> <span class='ocrx_word' id='word_1_232' title='bbox 335 2268 432 2325; x_wconf 91' lang='lat' dir='ltr'><strong>ipse</strong></span> <span class='ocrx_word' id='word_1_233' title='bbox 454 2270 563 2312; x_wconf 89' lang='lat' dir='ltr'><strong>alias</strong></span> <span class='ocrx_word' id='word_1_234' title='bbox 584 2284 611 2312; x_wconf 90' lang='lat' dir='ltr'><strong>e</strong></span> <span class='ocrx_word' id='word_1_235' title='bbox 633 2269 815 2326; x_wconf 91' lang='lat' dir='ltr'><strong>proprio</strong></span> <span class='ocrx_word' id='word_1_236' title='bbox 838 2269 1007 2313; x_wconf 87' lang='lat' dir='ltr'><strong>iudicio</strong></span> <span class='ocrx_word' id='word_1_237' title='bbox 1030 2270 1103 2314; x_wconf 92' lang='lat' dir='ltr'><strong>vel</strong></span> <span class='ocrx_word' id='word_1_238' title='bbox 1125 2271 1359 2314; x_wconf 89' lang='lat' dir='ltr'><strong>voluntate</strong></span> <span class='ocrx_word' id='word_1_239' title='bbox 1381 2271 1565 2314; x_wconf 90' lang='lat' dir='ltr'><strong>faceret.</strong></span> 
     </span>
    </p>

    <p class='ocr_par' dir='ltr' id='par_1_8' title="bbox 176 2346 1811 2942">
     <span class='ocr_line' id='line_1_29' title="bbox 266 2346 1811 2404; baseline -0.001 -14"><span class='ocrx_word' id='word_1_240' title='bbox 266 2346 432 2399; x_wconf 83' lang='lat' dir='ltr'><strong>Nullus</strong></span> <span class='ocrx_word' id='word_1_241' title='bbox 454 2362 479 2390; x_wconf 90' lang='lat' dir='ltr'><strong>e</strong></span> <span class='ocrx_word' id='word_1_242' title='bbox 503 2346 670 2389; x_wconf 89' lang='lat' dir='ltr'><strong>nostris</strong></span> <span class='ocrx_word' id='word_1_243' title='bbox 695 2360 875 2389; x_wconf 89' lang='lat' dir='ltr'><strong>sacrum</strong></span> <span class='ocrx_word' id='word_1_244' title='bbox 900 2346 1039 2390; x_wconf 87' lang='lat' dir='ltr'><strong>faciat</strong></span> <span class='ocrx_word' id='word_1_245' title='bbox 1067 2347 1113 2389; x_wconf 90' lang='lat' dir='ltr'><strong>in</strong></span> <span class='ocrx_word' id='word_1_246' title='bbox 1137 2347 1326 2404; x_wconf 91' lang='lat' dir='ltr'><strong>priuatis</strong></span> <span class='ocrx_word' id='word_1_247' title='bbox 1357 2348 1628 2392; x_wconf 90' lang='lat' dir='ltr'><strong>secularium</strong></span> <span class='ocrx_word' id='word_1_248' title='bbox 1660 2347 1811 2390; x_wconf 91' lang='lat' dir='ltr'><strong>homi-</strong></span> 
     </span>
     <span class='ocr_line' id='line_1_30' title="bbox 177 2422 1811 2480; baseline 0.001 -16"><span class='ocrx_word' id='word_1_249' title='bbox 177 2436 287 2465; x_wconf 90' lang='lat' dir='ltr'><strong>num</strong></span> <span class='ocrx_word' id='word_1_250' title='bbox 309 2422 514 2474; x_wconf 90' lang='lat' dir='ltr'><strong>aedibus;</strong></span> <span class='ocrx_word' id='word_1_251' title='bbox 547 2430 763 2478; x_wconf 91' lang='lat' dir='ltr'><strong>poterunt</strong></span> <span class='ocrx_word' id='word_1_252' title='bbox 792 2430 942 2467; x_wconf 90' lang='lat' dir='ltr'><strong>tamen</strong></span> <span class='ocrx_word' id='word_1_253' title='bbox 973 2424 1103 2467; x_wconf 90' lang='lat' dir='ltr'><strong>altari</strong></span> <span class='ocrx_word' id='word_1_254' title='bbox 1131 2423 1196 2466; x_wconf 88' lang='lat' dir='ltr'><strong>vti</strong></span> <span class='ocrx_word' id='word_1_255' title='bbox 1227 2424 1426 2480; x_wconf 88' lang='lat' dir='ltr'><strong>portatili</strong></span> <span class='ocrx_word' id='word_1_256' title='bbox 1460 2425 1601 2468; x_wconf 89' lang='lat' dir='ltr'><strong>nostri</strong></span> <span class='ocrx_word' id='word_1_257' title='bbox 1634 2425 1679 2466; x_wconf 89' lang='lat' dir='ltr'><strong>in</strong></span> <span class='ocrx_word' id='word_1_258' title='bbox 1717 2424 1811 2467; x_wconf 79' lang='lat' dir='ltr'><strong>suis</strong></span> 
     </span>
     <span class='ocr_line' id='line_1_31' title="bbox 176 2498 1810 2558; baseline 0.002 -17"><span class='ocrx_word' id='word_1_259' title='bbox 176 2498 453 2551; x_wconf 87' lang='lat' dir='ltr'><strong>ministeriis,</strong></span> <span class='ocrx_word' id='word_1_260' title='bbox 483 2500 667 2554; x_wconf 88' lang='lat' dir='ltr'><strong>quando</strong></span> <span class='ocrx_word' id='word_1_261' title='bbox 696 2499 741 2543; x_wconf 92' lang='lat' dir='ltr'><strong>id</strong></span> <span class='ocrx_word' id='word_1_262' title='bbox 769 2500 885 2543; x_wconf 90' lang='lat' dir='ltr'><strong>ratio</strong></span> <span class='ocrx_word' id='word_1_263' title='bbox 922 2500 1144 2557; x_wconf 83' lang='lat' dir='ltr'><strong>exigeret,</strong></span> <span class='ocrx_word' id='word_1_264' title='bbox 1182 2516 1287 2545; x_wconf 92' lang='lat' dir='ltr'><strong>cum</strong></span> <span class='ocrx_word' id='word_1_265' title='bbox 1324 2502 1529 2558; x_wconf 87' lang='lat' dir='ltr'><strong>legitimo</strong></span> <span class='ocrx_word' id='word_1_266' title='bbox 1566 2501 1810 2557; x_wconf 88' lang='lat' dir='ltr'><strong>superioris</strong></span> 
     </span>
     <span class='ocr_line' id='line_1_32' title="bbox 177 2577 1811 2637; baseline 0.001 -18"><span class='ocrx_word' id='word_1_267' title='bbox 177 2589 404 2620; x_wconf 89' lang='lat' dir='ltr'><strong>consensu</strong></span> <span class='ocrx_word' id='word_1_268' title='bbox 434 2577 649 2632; x_wconf 87' lang='lat' dir='ltr'><strong>peculiari</strong></span> <span class='ocrx_word' id='word_1_269' title='bbox 678 2578 751 2622; x_wconf 92' lang='lat' dir='ltr'><strong>vel</strong></span> <span class='ocrx_word' id='word_1_270' title='bbox 788 2577 1007 2634; x_wconf 79' lang='lat' dir='ltr'><strong>generali.</strong></span> <span class='ocrx_word' id='word_1_271' title='bbox 1047 2578 1167 2622; x_wconf 89' lang='lat' dir='ltr'><strong>Sunt</strong></span> <span class='ocrx_word' id='word_1_272' title='bbox 1202 2578 1323 2623; x_wconf 93' lang='lat' dir='ltr'><strong>enim</strong></span> <span class='ocrx_word' id='word_1_273' title='bbox 1361 2579 1517 2622; x_wconf 88' lang='lat' dir='ltr'><strong>altaria</strong></span> <span class='ocrx_word' id='word_1_274' title='bbox 1554 2578 1811 2637; x_wconf 81' lang='lat' dir='ltr'><strong>por[ta]tilia</strong></span> 
     </span>
     <span class='ocr_line' id='line_1_33' title="bbox 177 2653 1810 2712; baseline 0.001 -16"><span class='ocrx_word' id='word_1_275' title='bbox 177 2665 260 2708; x_wconf 90' lang='lat' dir='ltr'><strong>pro</strong></span> <span class='ocrx_word' id='word_1_276' title='bbox 281 2653 448 2696; x_wconf 91' lang='lat' dir='ltr'><strong>nostris</strong></span> <span class='ocrx_word' id='word_1_277' title='bbox 471 2653 823 2698; x_wconf 87' lang='lat' dir='ltr'><strong>necessitatibus</strong></span> <span class='ocrx_word' id='word_1_278' title='bbox 844 2668 1078 2699; x_wconf 88' lang='lat' dir='ltr'><strong>concessa:</strong></span> <span class='ocrx_word' id='word_1_279' title='bbox 1103 2655 1268 2711; x_wconf 91' lang='lat' dir='ltr'><strong>poterit</strong></span> <span class='ocrx_word' id='word_1_280' title='bbox 1290 2663 1439 2700; x_wconf 89' lang='lat' dir='ltr'><strong>tamen</strong></span> <span class='ocrx_word' id='word_1_281' title='bbox 1469 2655 1736 2712; x_wconf 83' lang='lat' dir='ltr'><strong>dispensari,</strong></span> <span class='ocrx_word' id='word_1_282' title='bbox 1762 2664 1810 2697; x_wconf 84' lang='lat' dir='ltr'><strong>vt</strong></span> 
     </span>
     <span class='ocr_line' id='line_1_34' title="bbox 177 2730 1808 2789; baseline 0.002 -18"><span class='ocrx_word' id='word_1_283' title='bbox 177 2742 260 2785; x_wconf 94' lang='lat' dir='ltr'><strong>pro</strong></span> <span class='ocrx_word' id='word_1_284' title='bbox 280 2743 447 2786; x_wconf 86' lang='lat' dir='ltr'><strong>magna</strong></span> <span class='ocrx_word' id='word_1_285' title='bbox 469 2730 759 2783; x_wconf 87' lang='lat' dir='ltr'><strong>necessitate,</strong></span> <span class='ocrx_word' id='word_1_286' title='bbox 785 2731 1103 2776; x_wconf 91' lang='lat' dir='ltr'><strong>aedificatione</strong></span> <span class='ocrx_word' id='word_1_287' title='bbox 1125 2732 1199 2775; x_wconf 89' lang='lat' dir='ltr'><strong>vel</strong></span> <span class='ocrx_word' id='word_1_288' title='bbox 1226 2734 1378 2776; x_wconf 85' lang='lat' dir='ltr'><strong>fructu</strong></span> <span class='ocrx_word' id='word_1_289' title='bbox 1411 2732 1552 2789; x_wconf 81' lang='lat' dir='ltr'><strong>possit</strong></span> <span class='ocrx_word' id='word_1_290' title='bbox 1580 2732 1626 2774; x_wconf 91' lang='lat' dir='ltr'><strong>in</strong></span> <span class='ocrx_word' id='word_1_291' title='bbox 1655 2731 1808 2788; x_wconf 90' lang='lat' dir='ltr'><strong>priua-</strong></span> 
     </span>
     <span class='ocr_line' id='line_1_35' title="bbox 179 2804 1809 2866; baseline 0.001 -17"><span class='ocrx_word' id='word_1_292' title='bbox 179 2804 237 2850; x_wconf 91' lang='lat' dir='ltr'><strong>tis</strong></span> <span class='ocrx_word' id='word_1_293' title='bbox 257 2806 447 2850; x_wconf 87' lang='lat' dir='ltr'><strong>aedibus</strong></span> <span class='ocrx_word' id='word_1_294' title='bbox 469 2807 704 2859; x_wconf 89' lang='lat' dir='ltr'><strong>celebrari,</strong></span> <span class='ocrx_word' id='word_1_295' title='bbox 729 2807 913 2852; x_wconf 91' lang='lat' dir='ltr'><strong>decenti</strong></span> <span class='ocrx_word' id='word_1_296' title='bbox 936 2816 1086 2852; x_wconf 89' lang='lat' dir='ltr'><strong>tamen</strong></span> <span class='ocrx_word' id='word_1_297' title='bbox 1115 2810 1233 2862; x_wconf 90' lang='lat' dir='ltr'><strong>loco,</strong></span> <span class='ocrx_word' id='word_1_298' title='bbox 1257 2810 1519 2866; x_wconf 84' lang='lat' dir='ltr'><strong>praesertim</strong></span> <span class='ocrx_word' id='word_1_299' title='bbox 1544 2809 1581 2852; x_wconf 90' lang='lat' dir='ltr'><strong>si</strong></span> <span class='ocrx_word' id='word_1_300' title='bbox 1605 2811 1661 2852; x_wconf 90' lang='lat' dir='ltr'><strong>ad</strong></span> <span class='ocrx_word' id='word_1_301' title='bbox 1685 2809 1730 2852; x_wconf 94' lang='lat' dir='ltr'><strong>id</strong></span> <span class='ocrx_word' id='word_1_302' title='bbox 1752 2809 1809 2852; x_wconf 90' lang='lat' dir='ltr'><strong>sit</strong></span> 
     </span>
     <span class='ocr_line' id='line_1_36' title="bbox 176 2882 1685 2942; baseline 0.002 -16"><span class='ocrx_word' id='word_1_303' title='bbox 176 2882 443 2937; x_wconf 84' lang='lat' dir='ltr'><strong>destinatus3</strong></span> <span class='ocrx_word' id='word_1_304' title='bbox 469 2893 515 2928; x_wconf 91' lang='lat' dir='ltr'><strong>et</strong></span> <span class='ocrx_word' id='word_1_305' title='bbox 536 2898 590 2928; x_wconf 92' lang='lat' dir='ltr'><strong>ea</strong></span> <span class='ocrx_word' id='word_1_306' title='bbox 612 2899 703 2928; x_wconf 91' lang='lat' dir='ltr'><strong>non</strong></span> <span class='ocrx_word' id='word_1_307' title='bbox 725 2885 843 2929; x_wconf 89' lang='lat' dir='ltr'><strong>desit</strong></span> <span class='ocrx_word' id='word_1_308' title='bbox 864 2885 996 2928; x_wconf 91' lang='lat' dir='ltr'><strong>nobis</strong></span> <span class='ocrx_word' id='word_1_309' title='bbox 1019 2886 1225 2939; x_wconf 87' lang='lat' dir='ltr'><strong>facultas,</strong></span> <span class='ocrx_word' id='word_1_310' title='bbox 1251 2901 1385 2942; x_wconf 90' lang='lat' dir='ltr'><strong>quam</strong></span> <span class='ocrx_word' id='word_1_311' title='bbox 1410 2888 1631 2929; x_wconf 90' lang='lat' dir='ltr'><strong>habemus</strong></span> <span class='ocrx_word' id='word_1_312' title='bbox 1654 2895 1685 2929; x_wconf 74' lang='lat'><strong>².</strong></span> 
     </span>
    </p>
   </div>
   <div class='ocr_carea' id='block_1_4' title="bbox 182 2988 460 2995">
    <p class='ocr_par' dir='ltr' id='par_1_9' title="bbox 182 2988 460 2995">
     <span class='ocr_line' id='line_1_37' title="bbox 182 2988 460 2995; baseline 0 475"><span class='ocrx_word' id='word_1_313' title='bbox 182 2988 460 2995; x_wconf 95' lang='lat' dir='ltr'><strong> </strong></span> 
     </span>
    </p>
   </div>
   <div class='ocr_carea' id='block_1_5' title="bbox 245 3049 1284 3100">
    <p class='ocr_par' dir='ltr' id='par_1_10' title="bbox 245 3049 1284 3100">
     <span class='ocr_line' id='line_1_38' title="bbox 245 3049 1284 3100; baseline 0.007 -17"><span class='ocrx_word' id='word_1_314' title='bbox 245 3058 264 3075; x_wconf 74' lang='lat' dir='ltr'><strong>a</strong></span> <span class='ocrx_word' id='word_1_315' title='bbox 287 3049 410 3094; x_wconf 80' lang='lat' dir='ltr'><strong>Haec,</strong></span> <span class='ocrx_word' id='word_1_316' title='bbox 428 3061 450 3084; x_wconf 87' lang='lat' dir='ltr'><strong>a</strong></span> <span class='ocrx_word' id='word_1_317' title='bbox 468 3050 599 3086; x_wconf 85' lang='lat' dir='ltr'><strong>verbis</strong></span> <span class='ocrx_word' id='word_1_318' title='bbox 611 3052 856 3098; x_wconf 76' lang='lat' dir='ltr'><strong>praesertim</strong></span> <span class='ocrx_word' id='word_1_319' title='bbox 875 3051 912 3087; x_wconf 89' lang='lat' dir='ltr'><strong>si</strong></span> <span class='ocrx_word' id='word_1_320' title='bbox 928 3052 1058 3089; x_wconf 89' lang='lat' dir='ltr'><strong>addita</strong></span> <span class='ocrx_word' id='word_1_321' title='bbox 1077 3053 1284 3100; x_wconf 86' lang='lat' dir='ltr'><strong>posterius.</strong></span> 
     </span>
    </p>
   </div>
  </div>
 </body>
</html>
