2098 3470
276 291 346 327 494
746 266 901 320 Pulsus
926 283 1168 319 HmRoNYm
1193 282 1343 319 NADAL

228 381 498 427 defunctum
535 384 714 441 sepeliri
736 385 1038 442 contingeret,
1078 385 1214 429 etiam
1236 391 1489 428 externum.
1518 386 1695 429 Pulsari
1717 385 1853 430 etiam

231 460 360 512 solet,
387 473 525 515 quum
549 461 594 504 in
617 461 714 506 aliis
737 462 915 519 templis
937 463 1176 518 pulsantur
1196 469 1357 505 contra
1380 469 1690 519 tempestates

318 537 503 580 Festum
547 538 747 596 corporis
782 538 950 583 Christi
995 552 1085 582 non
1123 538 1268 581 solum
1305 539 1557 582 celebretur
1600 539 1646 582 in
1689 538 1856 582 nostris

233 612 443 673 [templis]
465 622 482 639 ²
503 614 549 658 in
572 615 762 660 solemni
783 616 926 669 cultu,
947 616 1027 659 sed
1047 615 1125 657 fiat
1147 614 1282 658 etiam
1300 615 1527 670 processio
1549 615 1761 659 solemnis
1782 614 1859 658 vel

228 691 386 735 eodem
409 691 497 743 die,
525 692 595 736 vel
617 692 731 735 infra
755 693 834 738 &³⁵
857 692 1025 747 aliquo,
1051 705 1141 747 quo
1171 691 1395 734 videbitur
1421 693 1853 746 commodissimum,

227 781 321 811 non
343 767 479 825 longe
507 768 679 814 scilicet
706 784 732 812 a
754 768 962 825 collegio,
994 777 1039 811 et
1067 769 1199 812 simul
1226 768 1271 811 in
1299 783 1477 813 summo
1504 770 1631 814 altari
1661 785 1855 828 repona-

227 851 300 887 tur
322 844 504 900 publice
525 845 857 889 sanctissimum
880 850 962 891 370
984 853 1317 890 sacramentum
1340 860 1417 902 per
1441 853 1579 890 totam
1602 848 1854 894 hebdoma-

226 921 348 965 dam.
375 922 514 977 Quod
535 921 572 965 si
595 921 850 966 huiusmodi
873 922 1170 974 consuetudo,
1191 929 1241 964 vt
1257 922 1463 979 singulae
1484 924 1700 968 ecclesiae
1722 939 1852 970 suam

228 999 428 1043 facerent
465 999 812 1055 processionem,
845 1006 1055 1050 cessaret,
1090 998 1337 1042 omittenda
1364 1007 1483 1056 esset
1511 1014 1692 1057 quoque
1713 1017 1740 1045 a
1769 1017 1852 1046 no-

190 1121 200 1129 ,
225 1074 348 1120 stris.
372 1075 556 1120 Interim
578 1076 827 1119 curandum
851 1082 936 1128 est,
956 1082 1005 1117 vt
1027 1074 1124 1118 aliis
1146 1082 1323 1118 constet
1345 1077 1432 1118 hoc
1454 1076 1601 1132 ipsum
1620 1092 1646 1121 a
1667 1079 1850 1132 nostris,

227 1152 382 1195 habita
404 1151 581 1197 ratione
602 1151 833 1208 temporis,
857 1158 1035 1208 praeter
1056 1151 1313 1195 institutum
1335 1159 1538 1196 nostrum
1561 1161 1717 1198 contra
1739 1155 1847 1200 hae—

226 1229 390 1272 reticos
413 1229 484 1286 pie
505 1235 557 1272 ac
580 1236 736 1272 sancte
759 1243 858 1273 esse
885 1235 1165 1284 vsurpatum.

314 1306 479 1349 Nullus
501 1321 526 1350 e
552 1305 718 1348 nostris
745 1319 886 1361 cappa
918 1305 1104 1348 indutus
1140 1305 1401 1361 egrediatur
1427 1306 1485 1349 ad
1514 1307 1656 1352 altare
1683 1308 1853 1352 oratio-

225 1397 329 1427 nem
346 1382 540 1438 aliquam
557 1382 763 1425 dicturus
780 1382 826 1424 in
842 1381 1043 1437 vesperis
1059 1381 1220 1425 diebus
1236 1382 1377 1445 festis.
1398 1383 1490 1427 Sed
1507 1398 1624 1426 vnus
1641 1383 1687 1427 in
1710 1385 1852 1428 choro

224 1473 330 1502 cum
351 1459 677 1516 superpelliceo
698 1465 743 1502 et
770 1459 885 1501 stola
906 1458 1099 1514 praeerit
1121 1458 1287 1511 officio,
1312 1466 1361 1501 vt
1383 1460 1516 1504 solet.

317 1537 578 1592 Antequam
613 1535 823 1578 sacerdos
860 1535 1040 1577 missam
1078 1542 1343 1579 cantaturus
1380 1536 1436 1579 ad
1463 1551 1690 1580 summum
1712 1538 1852 1582 altare

224 1613 500 1670 egrediatur,
526 1612 689 1669 poterit
711 1611 918 1668 componi
941 1611 1056 1654 calix
1078 1626 1214 1668 super
1236 1613 1376 1656 altare
1399 1613 1454 1656 ab
1483 1613 1586 1667 alio,
1613 1621 1851 1671 propterea

223 1690 346 1746 quod
373 1689 518 1746 poscit
545 1688 821 1741 solemnitas,
853 1696 900 1731 vt
929 1688 1081 1731 statim
1110 1688 1294 1745 incipiat
1331 1689 1661 1734 confessionem
1698 1705 1850 1742 sacer-

222 1767 306 1810 dos
331 1774 572 1822 antequam
596 1766 652 1809 ad
674 1765 814 1809 altare
836 1765 1040 1809 accedat.

314 1845 538 1888 Poterunt
562 1842 702 1886 nostri
729 1842 825 1898 ipsa
853 1828 1105 1887 dominicae
1132 1842 1385 1899 natiuitatis
1414 1851 1546 1886 nocte
1568 1843 1849 1889 sanctissima

222 1920 494 1964 matutinum
517 1920 562 1963 in
592 1918 782 1963 ecclesia
811 1932 988 1971 canere,
1020 1926 1156 1974 atque
1194 1919 1346 1975 templi
1374 1919 1443 1962 sui
1472 1921 1647 1976 copiam
1683 1921 1849 1965 exteris

220 1998 393 2049 facere,
435 1997 578 2040 donec
617 1994 850 2039 matutinis
887 1995 1022 2038 fuerit
1064 1995 1167 2038 finis
1203 1995 1461 2052 impositus:
1502 2004 1660 2053 postea
1696 2005 1846 2042 tamen

217 2073 369 2117 claudi
407 2088 498 2116 non
521 2073 650 2116 solet.
676 2073 792 2115 Nam
821 2077 888 2118 371
926 2073 1071 2116 solent
1099 2071 1263 2116 missae
1289 2073 1504 2117 celebrari
1532 2081 1579 2118 et
1600 2073 1847 2119 confessio-

221 2165 302 2194 nes
323 2149 469 2194 audiri
491 2156 593 2205 post
615 2149 904 2192 decantatum
933 2148 1221 2199 matutinum.

309 2227 358 2269 In
386 2226 548 2269 missae
584 2225 887 2270 celebratione
924 2225 1079 2282 populi
1115 2225 1267 2282 potius
1303 2235 1372 2270 est
1394 2226 1525 2282 plane
1553 2227 1846 2273 seruiendum

219 2317 356 2359 quam
377 2301 583 2359 propriae
605 2301 850 2345 deuotioni.
879 2303 1033 2358 Quare
1053 2316 1145 2345 non
1168 2302 1253 2346 erit
1275 2302 1352 2345 diu
1374 2302 1708 2346 immorandum
1732 2317 1848 2347 con-

220 2379 501 2436 templationi
523 2377 795 2422 sanctissimi
819 2378 1089 2423 sacramenti
1111 2385 1213 2434 post
1234 2378 1405 2422 dictum
1432 2379 1624 2436 «Agnus
1651 2380 1785 2424 Dei».

307 2456 688 2513 Quandocunque
720 2454 855 2497 etiam
892 2455 938 2497 in
976 2454 1160 2511 reliquis
1187 2454 1385 2499 ciuitatis
1421 2455 1624 2500 ecclesiis
1663 2456 1846 2513 signum

215 2532 422 2578 laeticiae
457 2533 592 2575 datur
628 2545 708 2587 per
736 2545 1056 2587 campanarum
1094 2532 1291 2588 pulsum,
1332 2533 1390 2575 ob
1419 2533 1583 2575 summi
1618 2533 1847 2590 pontificis

216 2610 394 2654 romani
421 2608 706 2663 electionem,
731 2622 981 2664 regumque
1003 2608 1353 2651 christianorum
1383 2609 1843 2664 confoederationem,

217 2686 452 2730 victoriam
474 2692 631 2729 contra
652 2684 872 2736 infideles,
898 2692 977 2727 aut
1007 2684 1307 2729 vniuersalem
1331 2699 1504 2741 pacem,
1530 2693 1609 2728 aut
1630 2687 1689 2729 ob
1711 2685 1845 2729 aliam

218 2778 420 2816 causam,
446 2761 626 2818 publice
653 2769 699 2806 et
722 2761 793 2817 pie
815 2762 1064 2817 probatam,
1097 2762 1230 2804 detur
1258 2761 1365 2806 item
1394 2762 1439 2805 in
1470 2764 1638 2819 templo
1666 2769 1842 2807 nostro.

700 2881 763 2911 DE
801 2881 1044 2911 DOCTRINA
1082 2881 1372 2911 CHRISTIANA

305 2976 400 3032 Qui
421 2991 447 3019 e
470 2974 635 3018 nostris
656 2981 764 3017 sunt
785 2973 1014 3017 auditores
1043 2973 1319 3029 theologiae,
1349 2975 1614 3030 praesertim
1642 2975 1846 3032 provecti
1879 3029 1883 3033 ῃ

282 3093 300 3109 a
327 3080 474 3118 Omiss.
493 3081 531 3116 in
552 3091 623 3116 ms.
