<?xml version="1.0" encoding="UTF-8"?>
<!DOCTYPE html PUBLIC "-//W3C//DTD XHTML 1.0 Transitional//EN"
    "http://www.w3.org/TR/xhtml1/DTD/xhtml1-transitional.dtd">
<html xmlns="http://www.w3.org/1999/xhtml" xml:lang="en" lang="en">
 <head>
  <title>
</title>
<meta http-equiv="Content-Type" content="text/html;charset=utf-8" />
  <meta name='ocr-system' content='tesseract 3.04.00' />
  <meta name='ocr-capabilities' content='ocr_page ocr_carea ocr_par ocr_line ocrx_word'/>
</head>
<body>
  <div class='ocr_page' id='page_1' title='image "./epistolaephieron04nadauoft_0052.png"; bbox 0 0 2098 3470; ppageno 0'>
   <div class='ocr_carea' id='block_1_1' title="bbox 294 255 1318 302">
    <p class='ocr_par' dir='ltr' id='par_1_1' title="bbox 294 255 1318 302">
     <span class='ocr_line' id='line_1_1' title="bbox 294 255 1318 302; baseline 0.003 -12"><span class='ocrx_word' id='word_1_1' title='bbox 294 297 301 302; x_wconf 34' lang='grc'><em>,</em></span> <span class='ocrx_word' id='word_1_2' title='bbox 350 255 396 290; x_wconf 85' lang='lat'><strong>26</strong></span> <span class='ocrx_word' id='word_1_3' title='bbox 924 258 1103 294; x_wconf 82' lang='lat' dir='ltr'>NOT1T1A</span> <span class='ocrx_word' id='word_1_4' title='bbox 1129 266 1318 295; x_wconf 71' lang='lat' dir='ltr'><strong>comeum</strong></span> 
     </span>
    </p>
   </div>
   <div class='ocr_carea' id='block_1_2' title="bbox 283 357 1973 3116">
    <p class='ocr_par' dir='ltr' id='par_1_2' title="bbox 299 357 1937 825">
     <span class='ocr_line' id='line_1_2' title="bbox 303 357 1937 409; baseline 0.005 -14"><span class='ocrx_word' id='word_1_5' title='bbox 303 357 358 394; x_wconf 91' lang='lat' dir='ltr'><strong>do</strong></span> <span class='ocrx_word' id='word_1_6' title='bbox 379 370 461 395; x_wconf 89' lang='lat' dir='ltr'><strong>non</strong></span> <span class='ocrx_word' id='word_1_7' title='bbox 482 363 639 397; x_wconf 89' lang='lat' dir='ltr'><strong>tantum</strong></span> <span class='ocrx_word' id='word_1_8' title='bbox 654 361 850 409; x_wconf 91' lang='lat' dir='ltr'><strong>temporis</strong></span> <span class='ocrx_word' id='word_1_9' title='bbox 870 361 1134 409; x_wconf 80' lang='lat' dir='ltr'><strong>impenderet,</strong></span> <span class='ocrx_word' id='word_1_10' title='bbox 1150 373 1202 399; x_wconf 89' lang='lat' dir='ltr'><strong>ne</strong></span> <span class='ocrx_word' id='word_1_11' title='bbox 1220 362 1530 400; x_wconf 89' lang='lat' dir='ltr'><strong>eucharisticum</strong></span> <span class='ocrx_word' id='word_1_12' title='bbox 1546 369 1843 402; x_wconf 80' lang='lat' dir='ltr'><strong>sacramentum</strong></span> <span class='ocrx_word' id='word_1_13' title='bbox 1860 365 1937 403; x_wconf 86' lang='lat' dir='ltr'><strong>fre-</strong></span> 
     </span>
     <span class='ocr_line' id='line_1_3' title="bbox 302 430 1936 480; baseline 0.005 -14"><span class='ocrx_word' id='word_1_14' title='bbox 302 430 493 476; x_wconf 88' lang='lat' dir='ltr'><strong>quentius</strong></span> <span class='ocrx_word' id='word_1_15' title='bbox 513 441 637 478; x_wconf 90' lang='lat' dir='ltr'><strong>quam</strong></span> <span class='ocrx_word' id='word_1_16' title='bbox 657 432 781 469; x_wconf 92' lang='lat' dir='ltr'><strong>semel</strong></span> <span class='ocrx_word' id='word_1_17' title='bbox 803 432 842 469; x_wconf 94' lang='lat' dir='ltr'><strong>in</strong></span> <span class='ocrx_word' id='word_1_18' title='bbox 863 432 1124 470; x_wconf 87' lang='lat' dir='ltr'><strong>hebdomada</strong></span> <span class='ocrx_word' id='word_1_19' title='bbox 1143 434 1395 480; x_wconf 86' lang='lat' dir='ltr'><strong>ministraret,</strong></span> <span class='ocrx_word' id='word_1_20' title='bbox 1411 445 1462 470; x_wconf 89' lang='lat' dir='ltr'><strong>ne</strong></span> <span class='ocrx_word' id='word_1_21' title='bbox 1479 434 1579 471; x_wconf 82' lang='lat' dir='ltr'><strong>intra</strong></span> <span class='ocrx_word' id='word_1_22' title='bbox 1595 446 1753 472; x_wconf 88' lang='lat' dir='ltr'><strong>sacrum</strong></span> <span class='ocrx_word' id='word_1_23' title='bbox 1769 437 1936 474; x_wconf 86' lang='lat' dir='ltr'><strong>concio-</strong></span> 
     </span>
     <span class='ocr_line' id='line_1_4' title="bbox 301 503 1933 552; baseline 0.004 -15"><span class='ocrx_word' id='word_1_24' title='bbox 301 506 475 548; x_wconf 87' lang='lat' dir='ltr'><strong>naretur,</strong></span> <span class='ocrx_word' id='word_1_25' title='bbox 493 513 585 539; x_wconf 91' lang='lat' dir='ltr'><strong>cum</strong></span> <span class='ocrx_word' id='word_1_26' title='bbox 606 503 645 539; x_wconf 91' lang='lat' dir='ltr'><strong>in</strong></span> <span class='ocrx_word' id='word_1_27' title='bbox 666 503 818 552; x_wconf 91' lang='lat' dir='ltr'><strong>templo</strong></span> <span class='ocrx_word' id='word_1_28' title='bbox 839 503 945 542; x_wconf 91' lang='lat' dir='ltr'><strong>Stae.</strong></span> <span class='ocrx_word' id='word_1_29' title='bbox 966 504 1148 542; x_wconf 88' lang='lat' dir='ltr'><strong>Marthae</strong></span> <span class='ocrx_word' id='word_1_30' title='bbox 1170 516 1325 542; x_wconf 87' lang='lat' dir='ltr'><strong>sacram</strong></span> <span class='ocrx_word' id='word_1_31' title='bbox 1345 505 1518 542; x_wconf 89' lang='lat' dir='ltr'>hostiam</span> <span class='ocrx_word' id='word_1_32' title='bbox 1537 505 1678 552; x_wconf 86' lang='lat' dir='ltr'><strong>litaret,</strong></span> <span class='ocrx_word' id='word_1_33' title='bbox 1698 518 1749 544; x_wconf 90' lang='lat' dir='ltr'><strong>ne</strong></span> <span class='ocrx_word' id='word_1_34' title='bbox 1768 507 1933 545; x_wconf 87' lang='lat' dir='ltr'><strong>tandem</strong></span> 
     </span>
     <span class='ocr_line' id='line_1_5' title="bbox 300 572 1935 627; baseline 0.004 -18"><span class='ocrx_word' id='word_1_35' title='bbox 300 572 423 610; x_wconf 89' lang='lat' dir='ltr'><strong>ullam</strong></span> <span class='ocrx_word' id='word_1_36' title='bbox 443 584 497 610; x_wconf 87' lang='lat' dir='ltr'><strong>ex</strong></span> <span class='ocrx_word' id='word_1_37' title='bbox 518 573 624 612; x_wconf 88' lang='lat' dir='ltr'><strong>Stae.</strong></span> <span class='ocrx_word' id='word_1_38' title='bbox 645 574 827 612; x_wconf 86' lang='lat' dir='ltr'><strong>Marthae</strong></span> <span class='ocrx_word' id='word_1_39' title='bbox 848 575 1020 613; x_wconf 90' lang='lat' dir='ltr'><strong>alumnis</strong></span> <span class='ocrx_word' id='word_1_40' title='bbox 1040 576 1290 622; x_wconf 87' lang='lat' dir='ltr'><strong>incarcerari,</strong></span> <span class='ocrx_word' id='word_1_41' title='bbox 1311 577 1437 613; x_wconf 90' lang='lat' dir='ltr'><strong>inscio</strong></span> <span class='ocrx_word' id='word_1_42' title='bbox 1458 576 1627 626; x_wconf 88' lang='lat' dir='ltr'><strong>Ignatio,</strong></span> <span class='ocrx_word' id='word_1_43' title='bbox 1644 577 1815 626; x_wconf 89' lang='lat' dir='ltr'><strong>juberet.</strong></span> <span class='ocrx_word' id='word_1_44' title='bbox 1838 577 1935 627; x_wconf 82' lang='lat' dir='ltr'><strong>Quo</strong></span> 
     </span>
     <span class='ocr_line' id='line_1_6' title="bbox 300 645 1935 699; baseline 0.004 -19"><span class='ocrx_word' id='word_1_45' title='bbox 300 649 482 692; x_wconf 91' lang='lat' dir='ltr'><strong>tempore</strong></span> <span class='ocrx_word' id='word_1_46' title='bbox 503 645 697 693; x_wconf 90' lang='lat' dir='ltr'><strong>scripturn</strong></span> <span class='ocrx_word' id='word_1_47' title='bbox 717 646 835 684; x_wconf 89' lang='lat' dir='ltr'><strong>fuerit</strong></span> <span class='ocrx_word' id='word_1_48' title='bbox 854 647 934 684; x_wconf 91' lang='lat' dir='ltr'><strong>hoc</strong></span> <span class='ocrx_word' id='word_1_49' title='bbox 950 647 1255 693; x_wconf 85' lang='lat' dir='ltr'><strong>documentum,</strong></span> <span class='ocrx_word' id='word_1_50' title='bbox 1270 659 1352 684; x_wconf 90' lang='lat' dir='ltr'><strong>non</strong></span> <span class='ocrx_word' id='word_1_51' title='bbox 1370 652 1540 685; x_wconf 87' lang='lat' dir='ltr'><strong>constat.</strong></span> <span class='ocrx_word' id='word_1_52' title='bbox 1560 648 1642 685; x_wconf 91' lang='lat' dir='ltr'><strong>Inc.</strong></span> <span class='ocrx_word' id='word_1_53' title='bbox 1663 648 1779 686; x_wconf 69' lang='lat' dir='ltr'><strong>«Don</strong></span> <span class='ocrx_word' id='word_1_54' title='bbox 1799 649 1935 699; x_wconf 89' lang='lat' dir='ltr'><strong>Diego</strong></span> 
     </span>
     <span class='ocr_line' id='line_1_7' title="bbox 300 714 1929 768; baseline 0.003 -16"><span class='ocrx_word' id='word_1_55' title='bbox 300 714 424 753; x_wconf 82' lang='lat' dir='ltr'><strong>seteis</strong></span> <span class='ocrx_word' id='word_1_56' title='bbox 455 721 712 754; x_wconf 87' lang='lat' dir='ltr'><strong>contento...»</strong></span> <span class='ocrx_word' id='word_1_57' title='bbox 743 717 839 755; x_wconf 91' lang='lat' dir='ltr'><strong>Des.</strong></span> <span class='ocrx_word' id='word_1_58' title='bbox 865 718 1165 768; x_wconf 88' lang='lat' dir='ltr'><strong>«...glorificado</strong></span> <span class='ocrx_word' id='word_1_59' title='bbox 1186 730 1261 766; x_wconf 92' lang='lat' dir='ltr'><strong>por</strong></span> <span class='ocrx_word' id='word_1_60' title='bbox 1281 719 1452 767; x_wconf 87' lang='lat' dir='ltr'><strong>siempre</strong></span> <span class='ocrx_word' id='word_1_61' title='bbox 1474 719 1513 756; x_wconf 90' lang='lat' dir='ltr'><strong>in</strong></span> <span class='ocrx_word' id='word_1_62' title='bbox 1534 719 1671 756; x_wconf 91' lang='lat' dir='ltr'><strong>secula</strong></span> <span class='ocrx_word' id='word_1_63' title='bbox 1691 720 1929 758; x_wconf 88' lang='lat' dir='ltr'><strong>seculorum.</strong></span> 
     </span>
     <span class='ocr_line' id='line_1_8' title="bbox 299 786 468 825; baseline 0.012 -2"><span class='ocrx_word' id='word_1_64' title='bbox 299 786 468 825; x_wconf 81' lang='lat' dir='ltr'><strong>Amen.»</strong></span> 
     </span>
    </p>

    <p class='ocr_par' dir='ltr' id='par_1_3' title="bbox 291 858 1934 1691">
     <span class='ocr_line' id='line_1_9' title="bbox 379 858 1934 910; baseline 0.003 -14"><span class='ocrx_word' id='word_1_65' title='bbox 379 858 499 901; x_wconf 90' lang='lat' dir='ltr'><strong>Num.</strong></span> <span class='ocrx_word' id='word_1_66' title='bbox 520 859 556 896; x_wconf 86' lang='lat'><strong>6.</strong></span> <span class='ocrx_word' id='word_1_67' title='bbox 614 859 775 908; x_wconf 89' lang='lat' dir='ltr'>Duplici</span> <span class='ocrx_word' id='word_1_68' title='bbox 802 860 911 906; x_wconf 89' lang='lat' dir='ltr'><strong>folio,</strong></span> <span class='ocrx_word' id='word_1_69' title='bbox 932 872 1104 908; x_wconf 89' lang='lat' dir='ltr'><strong>quorum</strong></span> <span class='ocrx_word' id='word_1_70' title='bbox 1129 865 1286 898; x_wconf 89' lang='lat' dir='ltr'><strong>tantum</strong></span> <span class='ocrx_word' id='word_1_71' title='bbox 1307 861 1416 909; x_wconf 89' lang='lat' dir='ltr'><strong>prius</strong></span> <span class='ocrx_word' id='word_1_72' title='bbox 1443 866 1504 898; x_wconf 89' lang='lat' dir='ltr'><strong>est</strong></span> <span class='ocrx_word' id='word_1_73' title='bbox 1528 862 1734 910; x_wconf 88' lang='lat' dir='ltr'><strong>scriptum,</strong></span> <span class='ocrx_word' id='word_1_74' title='bbox 1761 861 1934 901; x_wconf 87' lang='lat' dir='ltr'><strong>habetur</strong></span> 
     </span>
     <span class='ocr_line' id='line_1_10' title="bbox 297 930 1931 982; baseline 0.002 -15"><span class='ocrx_word' id='word_1_75' title='bbox 297 930 506 968; x_wconf 87' lang='lat' dir='ltr'><strong>instructio</strong></span> <span class='ocrx_word' id='word_1_76' title='bbox 527 931 579 968; x_wconf 93' lang='lat' dir='ltr'><strong>de</strong></span> <span class='ocrx_word' id='word_1_77' title='bbox 598 931 753 968; x_wconf 88' lang='lat' dir='ltr'><strong>ratione</strong></span> <span class='ocrx_word' id='word_1_78' title='bbox 773 932 1055 978; x_wconf 87' lang='lat' dir='ltr'><strong>conversandi,</strong></span> <span class='ocrx_word' id='word_1_79' title='bbox 1076 933 1161 968; x_wconf 89' lang='lat' dir='ltr'><strong>sive</strong></span> <span class='ocrx_word' id='word_1_80' title='bbox 1186 931 1327 978; x_wconf 81' lang='lat' dir='ltr'><strong>verbo,</strong></span> <span class='ocrx_word' id='word_1_81' title='bbox 1354 944 1426 969; x_wconf 90' lang='lat' dir='ltr'><strong>seu</strong></span> <span class='ocrx_word' id='word_1_82' title='bbox 1446 933 1609 980; x_wconf 92' lang='lat' dir='ltr'><strong>scripto,</strong></span> <span class='ocrx_word' id='word_1_83' title='bbox 1636 944 1728 970; x_wconf 90' lang='lat' dir='ltr'><strong>curn</strong></span> <span class='ocrx_word' id='word_1_84' title='bbox 1749 935 1931 982; x_wconf 92' lang='lat' dir='ltr'><strong>superio-</strong></span> 
     </span>
     <span class='ocr_line' id='line_1_11' title="bbox 296 1000 1930 1052; baseline 0.002 -14"><span class='ocrx_word' id='word_1_85' title='bbox 296 1000 419 1039; x_wconf 91' lang='lat' dir='ltr'><strong>ribus.</strong></span> <span class='ocrx_word' id='word_1_86' title='bbox 447 1001 520 1039; x_wconf 90' lang='lat' dir='ltr'><strong>Est</strong></span> <span class='ocrx_word' id='word_1_87' title='bbox 539 1003 673 1039; x_wconf 90' lang='lat' dir='ltr'><strong>versio</strong></span> <span class='ocrx_word' id='word_1_88' title='bbox 701 1002 833 1040; x_wconf 90' lang='lat' dir='ltr'><strong>italica</strong></span> <span class='ocrx_word' id='word_1_89' title='bbox 853 1003 956 1040; x_wconf 91' lang='lat' dir='ltr'><strong>illius</strong></span> <span class='ocrx_word' id='word_1_90' title='bbox 978 1003 1266 1049; x_wconf 85' lang='lat' dir='ltr'><strong>instructionis,</strong></span> <span class='ocrx_word' id='word_1_91' title='bbox 1286 1014 1391 1051; x_wconf 91' lang='lat' dir='ltr'><strong>quae</strong></span> <span class='ocrx_word' id='word_1_92' title='bbox 1412 1004 1623 1052; x_wconf 90' lang='lat' dir='ltr'><strong>hispanico</strong></span> <span class='ocrx_word' id='word_1_93' title='bbox 1650 1015 1836 1041; x_wconf 88' lang='lat' dir='ltr'><strong>sermone</strong></span> <span class='ocrx_word' id='word_1_94' title='bbox 1861 1005 1930 1042; x_wconf 87' lang='lat' dir='ltr'><strong>ha·</strong></span> 
     </span>
     <span class='ocr_line' id='line_1_12' title="bbox 297 1072 1934 1126; baseline 0.002 -17"><span class='ocrx_word' id='word_1_95' title='bbox 297 1072 415 1110; x_wconf 86' lang='lat' dir='ltr'><strong>betur</strong></span> <span class='ocrx_word' id='word_1_96' title='bbox 435 1074 475 1110; x_wconf 93' lang='lat' dir='ltr'><strong>in</strong></span> <span class='ocrx_word' id='word_1_97' title='bbox 503 1073 646 1110; x_wconf 91' lang='lat' dir='ltr'><strong>codice</strong></span> <span class='ocrx_word' id='word_1_98' title='bbox 673 1073 843 1112; x_wconf 65' lang='lat' dir='ltr'><strong>llliscell.</strong></span> <span class='ocrx_word' id='word_1_99' title='bbox 871 1073 919 1111; x_wconf 81' lang='lat' dir='ltr'><strong>de</strong></span> <span class='ocrx_word' id='word_1_100' title='bbox 946 1072 1074 1122; x_wconf 77' lang='lat' dir='ltr'><strong>regul.</strong></span> <span class='ocrx_word' id='word_1_101' title='bbox 1101 1073 1141 1111; x_wconf 77' lang='lat' dir='ltr'><strong>S.</strong></span> <span class='ocrx_word' id='word_1_102' title='bbox 1163 1073 1219 1119; x_wconf 66' lang='lat' dir='ltr'><strong>J„</strong></span> <span class='ocrx_word' id='word_1_103' title='bbox 1251 1086 1420 1112; x_wconf 87' lang='lat' dir='ltr'><strong>numero</strong></span> <span class='ocrx_word' id='word_1_104' title='bbox 1439 1084 1478 1121; x_wconf 85' lang='lat'><strong>9,</strong></span> <span class='ocrx_word' id='word_1_105' title='bbox 1506 1074 1546 1113; x_wconf 89' lang='lat' dir='ltr'><strong>ff.</strong></span> <span class='ocrx_word' id='word_1_106' title='bbox 1576 1082 1594 1122; x_wconf 88' lang='lat'><strong>5</strong></span> <span class='ocrx_word' id='word_1_107' title='bbox 1618 1080 1657 1112; x_wconf 89' lang='lat' dir='ltr'><strong>et</strong></span> <span class='ocrx_word' id='word_1_108' title='bbox 1676 1076 1702 1112; x_wconf 83' lang='lat'><strong>6</strong></span> <span class='ocrx_word' id='word_1_109' title='bbox 1721 1075 1831 1125; x_wconf 91' lang='lat' dir='ltr'><strong>(olim</strong></span> <span class='ocrx_word' id='word_1_110' title='bbox 1857 1086 1934 1126; x_wconf 88' lang='lat'><strong>179</strong></span> 
     </span>
     <span class='ocr_line' id='line_1_13' title="bbox 297 1143 1930 1195; baseline 0.003 -15"><span class='ocrx_word' id='word_1_111' title='bbox 297 1148 337 1180; x_wconf 94' lang='lat' dir='ltr'><strong>et</strong></span> <span class='ocrx_word' id='word_1_112' title='bbox 362 1143 463 1194; x_wconf 86' lang='lat'><strong>180).</strong></span> <span class='ocrx_word' id='word_1_113' title='bbox 484 1143 544 1181; x_wconf 89' lang='lat' dir='ltr'><strong>Ibi</strong></span> <span class='ocrx_word' id='word_1_114' title='bbox 570 1145 762 1182; x_wconf 86' lang='lat' dir='ltr'><strong>asseritur</strong></span> <span class='ocrx_word' id='word_1_115' title='bbox 787 1150 995 1183; x_wconf 85' lang='lat' dir='ltr'><strong>auctorem</strong></span> <span class='ocrx_word' id='word_1_116' title='bbox 1021 1146 1142 1193; x_wconf 91' lang='lat' dir='ltr'><strong>hujus</strong></span> <span class='ocrx_word' id='word_1_117' title='bbox 1162 1145 1395 1182; x_wconf 90' lang='lat' dir='ltr'><strong>documenti</strong></span> <span class='ocrx_word' id='word_1_118' title='bbox 1424 1145 1547 1183; x_wconf 88' lang='lat' dir='ltr'><strong>fuisse</strong></span> <span class='ocrx_word' id='word_1_119' title='bbox 1567 1146 1606 1183; x_wconf 88' lang='lat' dir='ltr'><strong>S.</strong></span> <span class='ocrx_word' id='word_1_120' title='bbox 1627 1146 1840 1195; x_wconf 88' lang='lat' dir='ltr'><strong>Ignatium,</strong></span> <span class='ocrx_word' id='word_1_121' title='bbox 1860 1148 1930 1195; x_wconf 88' lang='lat' dir='ltr'><strong>qui</strong></span> 
     </span>
     <span class='ocr_line' id='line_1_14' title="bbox 296 1215 1930 1264; baseline 0.002 -12"><span class='ocrx_word' id='word_1_122' title='bbox 296 1226 438 1252; x_wconf 90' lang='lat' dir='ltr'><strong>mense</strong></span> <span class='ocrx_word' id='word_1_123' title='bbox 466 1215 684 1252; x_wconf 90' lang='lat' dir='ltr'><strong>Decembri</strong></span> <span class='ocrx_word' id='word_1_124' title='bbox 719 1223 819 1263; x_wconf 85' lang='lat'>1554</span> <span class='ocrx_word' id='word_1_125' title='bbox 848 1215 944 1253; x_wconf 91' lang='lat' dir='ltr'><strong>illud</strong></span> <span class='ocrx_word' id='word_1_126' title='bbox 975 1216 1217 1264; x_wconf 85' lang='lat' dir='ltr'><strong>composuit.</strong></span> <span class='ocrx_word' id='word_1_127' title='bbox 1246 1216 1392 1253; x_wconf 88' lang='lat' dir='ltr'><strong>Manus</strong></span> <span class='ocrx_word' id='word_1_128' title='bbox 1418 1221 1480 1253; x_wconf 90' lang='lat' dir='ltr'><strong>est</strong></span> <span class='ocrx_word' id='word_1_129' title='bbox 1504 1216 1662 1263; x_wconf 83' lang='lat' dir='ltr'><strong>librarii3</strong></span> <span class='ocrx_word' id='word_1_130' title='bbox 1689 1218 1740 1254; x_wconf 88' lang='lat' dir='ltr'><strong>ad</strong></span> <span class='ocrx_word' id='word_1_131' title='bbox 1771 1218 1930 1256; x_wconf 88' lang='lat' dir='ltr'><strong>Patrem</strong></span> 
     </span>
     <span class='ocr_line' id='line_1_15' title="bbox 295 1286 1929 1336; baseline 0.001 -13"><span class='ocrx_word' id='word_1_132' title='bbox 295 1291 432 1323; x_wconf 85' lang='lat' dir='ltr'><strong>autem</strong></span> <span class='ocrx_word' id='word_1_133' title='bbox 452 1286 674 1324; x_wconf 88' lang='lat' dir='ltr'><strong>Polancum</strong></span> <span class='ocrx_word' id='word_1_134' title='bbox 689 1288 769 1324; x_wconf 92' lang='lat' dir='ltr'><strong>hoc</strong></span> <span class='ocrx_word' id='word_1_135' title='bbox 786 1287 1078 1324; x_wconf 83' lang='lat' dir='ltr'><strong>documentum</strong></span> <span class='ocrx_word' id='word_1_136' title='bbox 1095 1291 1302 1334; x_wconf 81' lang='lat' dir='ltr'><strong>spectasse</strong></span> <span class='ocrx_word' id='word_1_137' title='bbox 1322 1286 1499 1324; x_wconf 87' lang='lat' dir='ltr'><strong>indicare</strong></span> <span class='ocrx_word' id='word_1_138' title='bbox 1519 1287 1679 1324; x_wconf 88' lang='lat' dir='ltr'><strong>videtur</strong></span> <span class='ocrx_word' id='word_1_139' title='bbox 1697 1289 1799 1325; x_wconf 90' lang='lat' dir='ltr'><strong>haec</strong></span> <span class='ocrx_word' id='word_1_140' title='bbox 1818 1294 1929 1336; x_wconf 90' lang='lat' dir='ltr'><strong>nota,</strong></span> 
     </span>
     <span class='ocr_line' id='line_1_16' title="bbox 295 1357 1930 1406; baseline 0.002 -12"><span class='ocrx_word' id='word_1_141' title='bbox 295 1368 318 1394; x_wconf 92' lang='lat' dir='ltr'><strong>a</strong></span> <span class='ocrx_word' id='word_1_142' title='bbox 339 1357 471 1394; x_wconf 89' lang='lat' dir='ltr'><strong>Natali</strong></span> <span class='ocrx_word' id='word_1_143' title='bbox 490 1358 651 1406; x_wconf 87' lang='lat' dir='ltr'><strong>propria</strong></span> <span class='ocrx_word' id='word_1_144' title='bbox 670 1369 794 1395; x_wconf 90' lang='lat' dir='ltr'><strong>manu</strong></span> <span class='ocrx_word' id='word_1_145' title='bbox 814 1358 853 1394; x_wconf 90' lang='lat' dir='ltr'><strong>in</strong></span> <span class='ocrx_word' id='word_1_146' title='bbox 874 1362 1015 1405; x_wconf 89' lang='lat' dir='ltr'><strong>quarta</strong></span> <span class='ocrx_word' id='word_1_147' title='bbox 1035 1357 1183 1406; x_wconf 84' lang='lat' dir='ltr'><strong>pagina</strong></span> <span class='ocrx_word' id='word_1_148' title='bbox 1199 1362 1376 1394; x_wconf 88' lang='lat' dir='ltr'><strong>exarata:</strong></span> <span class='ocrx_word' id='word_1_149' title='bbox 1396 1357 1635 1396; x_wconf 79' lang='lat' dir='ltr'><strong>«Polanco.»</strong></span> <span class='ocrx_word' id='word_1_150' title='bbox 1654 1358 1776 1396; x_wconf 80' lang='lat' dir='ltr'><strong>Forte</strong></span> <span class='ocrx_word' id='word_1_151' title='bbox 1794 1360 1930 1397; x_wconf 86' lang='lat' dir='ltr'><strong>versio</strong></span> 
     </span>
     <span class='ocr_line' id='line_1_17' title="bbox 294 1428 1927 1486; baseline 0.002 -21"><span class='ocrx_word' id='word_1_152' title='bbox 294 1428 439 1475; x_wconf 88' lang='lat' dir='ltr'><strong>italica,</strong></span> <span class='ocrx_word' id='word_1_153' title='bbox 469 1440 575 1476; x_wconf 90' lang='lat' dir='ltr'><strong>quae</strong></span> <span class='ocrx_word' id='word_1_154' title='bbox 603 1429 668 1466; x_wconf 94' lang='lat' dir='ltr'><strong>hic</strong></span> <span class='ocrx_word' id='word_1_155' title='bbox 698 1428 933 1475; x_wconf 86' lang='lat' dir='ltr'><strong>exhibetur,</strong></span> <span class='ocrx_word' id='word_1_156' title='bbox 962 1428 1013 1465; x_wconf 91' lang='lat' dir='ltr'><strong>ab</strong></span> <span class='ocrx_word' id='word_1_157' title='bbox 1048 1440 1097 1465; x_wconf 93' lang='lat' dir='ltr'><strong>eo</strong></span> <span class='ocrx_word' id='word_1_158' title='bbox 1132 1428 1373 1466; x_wconf 90' lang='lat' dir='ltr'><strong>concinnata</strong></span> <span class='ocrx_word' id='word_1_159' title='bbox 1406 1429 1491 1467; x_wconf 89' lang='lat' dir='ltr'><strong>fuit.</strong></span> <span class='ocrx_word' id='word_1_160' title='bbox 1528 1429 1688 1467; x_wconf 90' lang='lat' dir='ltr'><strong>Titulus</strong></span> <span class='ocrx_word' id='word_1_161' title='bbox 1721 1435 1793 1486; x_wconf 76' lang='lat' dir='ltr'><strong>est:</strong></span> <span class='ocrx_word' id='word_1_162' title='bbox 1827 1431 1927 1468; x_wconf 87' lang='lat' dir='ltr'><strong>«Del</strong></span> 
     </span>
     <span class='ocr_line' id='line_1_18' title="bbox 292 1499 1925 1549; baseline 0.001 -12"><span class='ocrx_word' id='word_1_163' title='bbox 292 1500 418 1537; x_wconf 90' lang='lat' dir='ltr'><strong>modo</strong></span> <span class='ocrx_word' id='word_1_164' title='bbox 438 1500 478 1537; x_wconf 91' lang='lat' dir='ltr'><strong>di</strong></span> <span class='ocrx_word' id='word_1_165' title='bbox 504 1504 668 1537; x_wconf 85' lang='lat' dir='ltr'><strong>trattare</strong></span> <span class='ocrx_word' id='word_1_166' title='bbox 695 1512 719 1537; x_wconf 96' lang='lat' dir='ltr'><strong>o</strong></span> <span class='ocrx_word' id='word_1_167' title='bbox 744 1501 954 1549; x_wconf 87' lang='lat' dir='ltr'><strong>negotiare</strong></span> <span class='ocrx_word' id='word_1_168' title='bbox 981 1511 1058 1537; x_wconf 91' lang='lat' dir='ltr'><strong>con</strong></span> <span class='ocrx_word' id='word_1_169' title='bbox 1086 1499 1306 1547; x_wconf 89' lang='lat' dir='ltr'><strong>superiore,</strong></span> <span class='ocrx_word' id='word_1_170' title='bbox 1332 1505 1433 1538; x_wconf 79' lang='lat' dir='ltr'><strong>etc.»</strong></span> <span class='ocrx_word' id='word_1_171' title='bbox 1456 1500 1538 1538; x_wconf 90' lang='lat' dir='ltr'><strong>Ine.</strong></span> <span class='ocrx_word' id='word_1_172' title='bbox 1568 1499 1709 1538; x_wconf 91' lang='lat' dir='ltr'><strong>«Colui</strong></span> <span class='ocrx_word' id='word_1_173' title='bbox 1730 1502 1792 1539; x_wconf 90' lang='lat' dir='ltr'><strong>ch’</strong></span> <span class='ocrx_word' id='word_1_174' title='bbox 1813 1502 1866 1539; x_wconf 88' lang='lat' dir='ltr'><strong>ha</strong></span> <span class='ocrx_word' id='word_1_175' title='bbox 1885 1503 1925 1540; x_wconf 93' lang='lat' dir='ltr'><strong>di</strong></span> 
     </span>
     <span class='ocr_line' id='line_1_19' title="bbox 291 1570 1926 1622; baseline 0.002 -15"><span class='ocrx_word' id='word_1_176' title='bbox 291 1576 518 1609; x_wconf 86' lang='lat' dir='ltr'><strong>trattare...»</strong></span> <span class='ocrx_word' id='word_1_177' title='bbox 548 1571 644 1609; x_wconf 91' lang='lat' dir='ltr'><strong>Des.</strong></span> <span class='ocrx_word' id='word_1_178' title='bbox 674 1571 902 1620; x_wconf 86' lang='lat' dir='ltr'><strong>«...profitto</strong></span> <span class='ocrx_word' id='word_1_179' title='bbox 929 1571 1133 1619; x_wconf 89' lang='lat' dir='ltr'><strong>spirituale</strong></span> <span class='ocrx_word' id='word_1_180' title='bbox 1153 1570 1258 1608; x_wconf 88' lang='lat' dir='ltr'><strong>delle</strong></span> <span class='ocrx_word' id='word_1_181' title='bbox 1285 1571 1454 1609; x_wconf 88' lang='lat' dir='ltr'><strong>anime.»</strong></span> <span class='ocrx_word' id='word_1_182' title='bbox 1477 1571 1543 1609; x_wconf 92' lang='lat' dir='ltr'><strong>Ad</strong></span> <span class='ocrx_word' id='word_1_183' title='bbox 1570 1572 1723 1610; x_wconf 89' lang='lat' dir='ltr'><strong>calcem</strong></span> <span class='ocrx_word' id='word_1_184' title='bbox 1751 1578 1830 1610; x_wconf 63' lang='lat'><strong>2²1⁶</strong></span> <span class='ocrx_word' id='word_1_185' title='bbox 1856 1585 1926 1622; x_wconf 91' lang='lat' dir='ltr'><strong>pa·</strong></span> 
     </span>
     <span class='ocr_line' id='line_1_20' title="bbox 291 1635 1533 1691; baseline 0.002 -12"><span class='ocrx_word' id='word_1_186' title='bbox 291 1642 423 1691; x_wconf 85' lang='lat' dir='ltr'><strong>ginae:</strong></span> <span class='ocrx_word' id='word_1_187' title='bbox 446 1643 520 1680; x_wconf 90' lang='lat' dir='ltr'><strong>«Di</strong></span> <span class='ocrx_word' id='word_1_188' title='bbox 539 1643 754 1680; x_wconf 86' lang='lat' dir='ltr'><strong>Messina.»</strong></span> <span class='ocrx_word' id='word_1_189' title='bbox 1531 1635 1533 1639; x_wconf 52' lang='grc'><strong>’</strong></span> 
     </span>
    </p>

    <p class='ocr_par' dir='ltr' id='par_1_4' title="bbox 286 1713 1927 2334">
     <span class='ocr_line' id='line_1_21' title="bbox 371 1713 1926 1763; baseline 0.001 -12"><span class='ocrx_word' id='word_1_190' title='bbox 371 1713 492 1751; x_wconf 92' lang='lat' dir='ltr'><strong>Num.</strong></span> <span class='ocrx_word' id='word_1_191' title='bbox 515 1723 550 1763; x_wconf 89' lang='lat'><strong>7.</strong></span> <span class='ocrx_word' id='word_1_192' title='bbox 605 1713 792 1751; x_wconf 91' lang='lat' dir='ltr'><strong>Habetur</strong></span> <span class='ocrx_word' id='word_1_193' title='bbox 817 1714 856 1750; x_wconf 92' lang='lat' dir='ltr'><strong>in</strong></span> <span class='ocrx_word' id='word_1_194' title='bbox 878 1713 1029 1762; x_wconf 89' lang='lat' dir='ltr'><strong>duplici</strong></span> <span class='ocrx_word' id='word_1_195' title='bbox 1056 1713 1165 1759; x_wconf 89' lang='lat' dir='ltr'><strong>folio,</strong></span> <span class='ocrx_word' id='word_1_196' title='bbox 1192 1725 1366 1761; x_wconf 91' lang='lat' dir='ltr'><strong>quorum</strong></span> <span class='ocrx_word' id='word_1_197' title='bbox 1393 1719 1488 1751; x_wconf 83' lang='lat'><strong>2.¹¹¹¹¹</strong></span> <span class='ocrx_word' id='word_1_198' title='bbox 1513 1725 1688 1752; x_wconf 89' lang='lat' dir='ltr'><strong>vacuum</strong></span> <span class='ocrx_word' id='word_1_199' title='bbox 1714 1719 1788 1760; x_wconf 88' lang='lat' dir='ltr'><strong>est,</strong></span> <span class='ocrx_word' id='word_1_200' title='bbox 1814 1719 1926 1752; x_wconf 89' lang='lat' dir='ltr'><strong>cata-</strong></span> 
     </span>
     <span class='ocr_line' id='line_1_22' title="bbox 290 1784 1927 1834; baseline 0.001 -13"><span class='ocrx_word' id='word_1_201' title='bbox 290 1785 421 1834; x_wconf 88' lang='lat' dir='ltr'><strong>logus,</strong></span> <span class='ocrx_word' id='word_1_202' title='bbox 442 1790 572 1822; x_wconf 88' lang='lat' dir='ltr'><strong>errata</strong></span> <span class='ocrx_word' id='word_1_203' title='bbox 587 1784 791 1832; x_wconf 88' lang='lat' dir='ltr'><strong>quaedam</strong></span> <span class='ocrx_word' id='word_1_204' title='bbox 807 1785 1019 1822; x_wconf 90' lang='lat' dir='ltr'><strong>continens</strong></span> <span class='ocrx_word' id='word_1_205' title='bbox 1035 1785 1188 1832; x_wconf 88' lang='lat' dir='ltr'><strong>primae</strong></span> <span class='ocrx_word' id='word_1_206' title='bbox 1204 1784 1392 1822; x_wconf 90' lang='lat' dir='ltr'><strong>editionis</strong></span> <span class='ocrx_word' id='word_1_207' title='bbox 1409 1785 1755 1831; x_wconf 88' lang='lat' dir='ltr'><strong>constitutionum,</strong></span> <span class='ocrx_word' id='word_1_208' title='bbox 1770 1786 1927 1824; x_wconf 86' lang='lat' dir='ltr'><strong>Romae</strong></span> 
     </span>
     <span class='ocr_line' id='line_1_23' title="bbox 293 1843 1924 1903; baseline 0.001 -10"><span class='ocrx_word' id='word_1_209' title='bbox 293 1868 401 1893; x_wconf 90' lang='lat' dir='ltr'><strong>anno</strong></span> <span class='ocrx_word' id='word_1_210' title='bbox 427 1856 526 1903; x_wconf 86' lang='lat'>1558</span> <span class='ocrx_word' id='word_1_211' title='bbox 547 1856 690 1902; x_wconf 88' lang='lat' dir='ltr'><strong>factae,</strong></span> <span class='ocrx_word' id='word_1_212' title='bbox 711 1867 817 1903; x_wconf 85' lang='lat' dir='ltr'><strong>quae</strong></span> <span class='ocrx_word' id='word_1_213' title='bbox 844 1855 1009 1903; x_wconf 90' lang='lat' dir='ltr'><strong>quidem</strong></span> <span class='ocrx_word' id='word_1_214' title='bbox 1029 1860 1171 1901; x_wconf 89' lang='lat' dir='ltr'><strong>errata,</strong></span> <span class='ocrx_word' id='word_1_215' title='bbox 1197 1860 1241 1892; x_wconf 87' lang='lat' dir='ltr'><strong>ut</strong></span> <span class='ocrx_word' id='word_1_216' title='bbox 1265 1843 1320 1893; x_wconf 92' lang='lat' dir='ltr'><strong>ibi</strong></span> <span class='ocrx_word' id='word_1_217' title='bbox 1346 1856 1548 1903; x_wconf 89' lang='lat' dir='ltr'><strong>asseritur,</strong></span> <span class='ocrx_word' id='word_1_218' title='bbox 1577 1857 1680 1894; x_wconf 81' lang='lat' dir='ltr'><strong>«iam</strong></span> <span class='ocrx_word' id='word_1_219' title='bbox 1708 1857 1924 1894; x_wconf 88' lang='lat' dir='ltr'><strong>emendata</strong></span> 
     </span>
     <span class='ocr_line' id='line_1_24' title="bbox 290 1926 1924 1976; baseline 0.001 -12"><span class='ocrx_word' id='word_1_220' title='bbox 290 1928 330 1964; x_wconf 93' lang='lat' dir='ltr'><strong>in</strong></span> <span class='ocrx_word' id='word_1_221' title='bbox 363 1927 680 1976; x_wconf 85' lang='lat' dir='ltr'><strong>posterioribus»</strong></span> <span class='ocrx_word' id='word_1_222' title='bbox 718 1927 890 1964; x_wconf 85' lang='lat' dir='ltr'><strong>suerunt.</strong></span> <span class='ocrx_word' id='word_1_223' title='bbox 925 1927 1008 1964; x_wconf 91' lang='lat' dir='ltr'><strong>Inc.</strong></span> <span class='ocrx_word' id='word_1_224' title='bbox 1047 1927 1224 1972; x_wconf 86' lang='lat' dir='ltr'><strong>«Errata,</strong></span> <span class='ocrx_word' id='word_1_225' title='bbox 1257 1926 1327 1965; x_wconf 90' lang='lat' dir='ltr'><strong>ubi</strong></span> <span class='ocrx_word' id='word_1_226' title='bbox 1361 1938 1444 1964; x_wconf 92' lang='lat' dir='ltr'><strong>non</strong></span> <span class='ocrx_word' id='word_1_227' title='bbox 1476 1927 1790 1976; x_wconf 78' lang='lat' dir='ltr'><strong>respondent...»</strong></span> <span class='ocrx_word' id='word_1_228' title='bbox 1826 1927 1924 1965; x_wconf 92' lang='lat' dir='ltr'><strong>Des.</strong></span> 
     </span>
     <span class='ocr_line' id='line_1_25' title="bbox 292 1996 1923 2047; baseline 0 -11"><span class='ocrx_word' id='word_1_229' title='bbox 292 2003 532 2047; x_wconf 67' lang='lat' dir='ltr'><strong>«.,..ponatur</strong></span> <span class='ocrx_word' id='word_1_230' title='bbox 556 1998 606 2036; x_wconf 94' lang='lat' dir='ltr'><strong>N.</strong></span> <span class='ocrx_word' id='word_1_231' title='bbox 634 1997 914 2047; x_wconf 89' lang='lat' dir='ltr'><strong>expungendo</strong></span> <span class='ocrx_word' id='word_1_232' title='bbox 944 1997 1023 2035; x_wconf 83' lang='lat' dir='ltr'><strong>M.»</strong></span> <span class='ocrx_word' id='word_1_233' title='bbox 1046 1998 1092 2034; x_wconf 87' lang='lat' dir='ltr'><strong>In</strong></span> <span class='ocrx_word' id='word_1_234' title='bbox 1120 1997 1175 2034; x_wconf 87' lang='lat'><strong>2.⁰</strong></span> <span class='ocrx_word' id='word_1_235' title='bbox 1197 1997 1293 2035; x_wconf 87' lang='lat' dir='ltr'><strong>folio</strong></span> <span class='ocrx_word' id='word_1_236' title='bbox 1314 2009 1336 2035; x_wconf 92' lang='lat' dir='ltr'><strong>a</strong></span> <span class='ocrx_word' id='word_1_237' title='bbox 1355 2002 1472 2047; x_wconf 87' lang='lat' dir='ltr'><strong>tergo</strong></span> <span class='ocrx_word' id='word_1_238' title='bbox 1492 1999 1594 2036; x_wconf 90' lang='lat' dir='ltr'><strong>haec</strong></span> <span class='ocrx_word' id='word_1_239' title='bbox 1622 1996 1831 2047; x_wconf 82' lang='lat' dir='ltr'><strong>inscriptio</strong></span> <span class='ocrx_word' id='word_1_240' title='bbox 1850 1999 1923 2036; x_wconf 90' lang='lat' dir='ltr'><strong>ha-</strong></span> 
     </span>
     <span class='ocr_line' id='line_1_26' title="bbox 289 2067 1925 2117; baseline -0.001 -9"><span class='ocrx_word' id='word_1_241' title='bbox 289 2070 417 2108; x_wconf 89' lang='lat' dir='ltr'><strong>betur:</strong></span> <span class='ocrx_word' id='word_1_242' title='bbox 455 2069 593 2107; x_wconf 84' lang='lat' dir='ltr'><strong>«Loca</strong></span> <span class='ocrx_word' id='word_1_243' title='bbox 627 2074 808 2106; x_wconf 88' lang='lat' dir='ltr'><strong>correcta</strong></span> <span class='ocrx_word' id='word_1_244' title='bbox 837 2069 877 2105; x_wconf 93' lang='lat' dir='ltr'><strong>in</strong></span> <span class='ocrx_word' id='word_1_245' title='bbox 911 2068 1268 2114; x_wconf 87' lang='lat' dir='ltr'><strong>declarationibus,</strong></span> <span class='ocrx_word' id='word_1_246' title='bbox 1298 2067 1367 2105; x_wconf 91' lang='lat' dir='ltr'><strong>ubi</strong></span> <span class='ocrx_word' id='word_1_247' title='bbox 1396 2080 1479 2105; x_wconf 91' lang='lat' dir='ltr'><strong>non</strong></span> <span class='ocrx_word' id='word_1_248' title='bbox 1507 2068 1759 2117; x_wconf 90' lang='lat' dir='ltr'><strong>respondent</strong></span> <span class='ocrx_word' id='word_1_249' title='bbox 1785 2080 1925 2108; x_wconf 84' lang='lat' dir='ltr'><strong>earum</strong></span> 
     </span>
     <span class='ocr_line' id='line_1_27' title="bbox 287 2140 1923 2188; baseline -0.002 -8"><span class='ocrx_word' id='word_1_250' title='bbox 287 2143 454 2188; x_wconf 88' lang='lat' dir='ltr'><strong>litterae,</strong></span> <span class='ocrx_word' id='word_1_251' title='bbox 483 2141 549 2178; x_wconf 86' lang='lat' dir='ltr'><strong>vel</strong></span> <span class='ocrx_word' id='word_1_252' title='bbox 578 2141 734 2178; x_wconf 91' lang='lat' dir='ltr'><strong>numeri</strong></span> <span class='ocrx_word' id='word_1_253' title='bbox 768 2140 888 2185; x_wconf 88' lang='lat' dir='ltr'><strong>citati,</strong></span> <span class='ocrx_word' id='word_1_254' title='bbox 909 2140 1008 2177; x_wconf 88' lang='lat' dir='ltr'><strong>locis</strong></span> <span class='ocrx_word' id='word_1_255' title='bbox 1038 2145 1077 2176; x_wconf 92' lang='lat' dir='ltr'><strong>et</strong></span> <span class='ocrx_word' id='word_1_256' title='bbox 1110 2140 1287 2177; x_wconf 87' lang='lat' dir='ltr'><strong>numeris</strong></span> <span class='ocrx_word' id='word_1_257' title='bbox 1317 2140 1663 2186; x_wconf 89' lang='lat' dir='ltr'><strong>constitutionum,</strong></span> <span class='ocrx_word' id='word_1_258' title='bbox 1687 2140 1728 2177; x_wconf 92' lang='lat' dir='ltr'><strong>in</strong></span> <span class='ocrx_word' id='word_1_259' title='bbox 1755 2151 1923 2177; x_wconf 89' lang='lat' dir='ltr'><strong>romana</strong></span> 
     </span>
     <span class='ocr_line' id='line_1_28' title="bbox 288 2204 1923 2260; baseline -0.002 -9"><span class='ocrx_word' id='word_1_260' title='bbox 288 2214 466 2251; x_wconf 91' lang='lat' dir='ltr'><strong>editione</strong></span> <span class='ocrx_word' id='word_1_261' title='bbox 487 2212 580 2250; x_wconf 91' lang='lat' dir='ltr'><strong>anni</strong></span> <span class='ocrx_word' id='word_1_262' title='bbox 616 2219 657 2258; x_wconf 89' lang='lat'><strong>15</strong></span> <span class='ocrx_word' id='word_1_263' title='bbox 667 2208 761 2258; x_wconf 49' lang='lat'><strong>585</strong></span> <span class='ocrx_word' id='word_1_264' title='bbox 781 2211 928 2248; x_wconf 89' lang='lat' dir='ltr'><strong>Manus</strong></span> <span class='ocrx_word' id='word_1_265' title='bbox 957 2211 1108 2260; x_wconf 86' lang='lat' dir='ltr'><strong>ignota.</strong></span> <span class='ocrx_word' id='word_1_266' title='bbox 1137 2210 1254 2259; x_wconf 77' lang='lat' dir='ltr'><strong>Quae</strong></span> <span class='ocrx_word' id='word_1_267' title='bbox 1281 2221 1379 2247; x_wconf 88' lang='lat' dir='ltr'><strong>vero</strong></span> <span class='ocrx_word' id='word_1_268' title='bbox 1410 2210 1590 2248; x_wconf 89' lang='lat' dir='ltr'><strong>ultimam</strong></span> <span class='ocrx_word' id='word_1_269' title='bbox 1620 2204 1923 2258; x_wconf 85' lang='lat' dir='ltr'><strong>inscriptionem</strong></span> 
     </span>
     <span class='ocr_line' id='line_1_29' title="bbox 286 2281 1922 2334; baseline -0.002 -12"><span class='ocrx_word' id='word_1_270' title='bbox 286 2285 424 2334; x_wconf 90' lang='lat' dir='ltr'><strong>posuit</strong></span> <span class='ocrx_word' id='word_1_271' title='bbox 443 2284 605 2332; x_wconf 88' lang='lat' dir='ltr'><strong>saepius</strong></span> <span class='ocrx_word' id='word_1_272' title='bbox 630 2284 670 2320; x_wconf 89' lang='lat' dir='ltr'><strong>in</strong></span> <span class='ocrx_word' id='word_1_273' title='bbox 695 2294 790 2320; x_wconf 90' lang='lat' dir='ltr'><strong>mss.</strong></span> <span class='ocrx_word' id='word_1_274' title='bbox 812 2282 1023 2320; x_wconf 88' lang='lat' dir='ltr'><strong>Societatis</strong></span> <span class='ocrx_word' id='word_1_275' title='bbox 1046 2282 1143 2329; x_wconf 90' lang='lat' dir='ltr'><strong>Jesu</strong></span> <span class='ocrx_word' id='word_1_276' title='bbox 1163 2287 1343 2330; x_wconf 90' lang='lat' dir='ltr'><strong>apparet,</strong></span> <span class='ocrx_word' id='word_1_277' title='bbox 1370 2287 1411 2319; x_wconf 92' lang='lat' dir='ltr'><strong>et</strong></span> <span class='ocrx_word' id='word_1_278' title='bbox 1429 2281 1554 2319; x_wconf 90' lang='lat' dir='ltr'><strong>nitide</strong></span> <span class='ocrx_word' id='word_1_279' title='bbox 1581 2281 1747 2329; x_wconf 88' lang='lat' dir='ltr'><strong>quidem</strong></span> <span class='ocrx_word' id='word_1_280' title='bbox 1773 2281 1922 2319; x_wconf 86' lang='lat' dir='ltr'><strong>scribit.</strong></span> 
     </span>
    </p>

    <p class='ocr_par' dir='ltr' id='par_1_5' title="bbox 284 2351 1973 2693">
     <span class='ocr_line' id='line_1_30' title="bbox 368 2351 1925 2399; baseline -0.003 -5"><span class='ocrx_word' id='word_1_281' title='bbox 368 2355 453 2394; x_wconf 86' lang='lat' dir='ltr'><strong>Sub</strong></span> <span class='ocrx_word' id='word_1_282' title='bbox 479 2354 628 2392; x_wconf 91' lang='lat' dir='ltr'><strong>eodem</strong></span> <span class='ocrx_word' id='word_1_283' title='bbox 653 2364 836 2399; x_wconf 87' lang='lat' dir='ltr'><strong>numero,</strong></span> <span class='ocrx_word' id='word_1_284' title='bbox 865 2352 969 2390; x_wconf 89' lang='lat' dir='ltr'><strong>foliis</strong></span> <span class='ocrx_word' id='word_1_285' title='bbox 995 2352 1123 2390; x_wconf 90' lang='lat' dir='ltr'><strong>tribus</strong></span> <span class='ocrx_word' id='word_1_286' title='bbox 1150 2352 1362 2390; x_wconf 85' lang='lat' dir='ltr'><strong>habentur:</strong></span> <span class='ocrx_word' id='word_1_287' title='bbox 1387 2351 1739 2390; x_wconf 75' lang='lat' dir='ltr'><strong>«Concordantiae</strong></span> <span class='ocrx_word' id='word_1_288' title='bbox 1759 2352 1799 2389; x_wconf 91' lang='lat' dir='ltr'><strong>in</strong></span> <span class='ocrx_word' id='word_1_289' title='bbox 1825 2363 1925 2389; x_wconf 89' lang='lat' dir='ltr'><strong>exa-</strong></span> 
     </span>
     <span class='ocr_line' id='line_1_31' title="bbox 286 2423 1924 2478; baseline -0.003 -13"><span class='ocrx_word' id='word_1_290' title='bbox 286 2439 421 2474; x_wconf 77' lang='lat' dir='ltr'><strong>men»,</strong></span> <span class='ocrx_word' id='word_1_291' title='bbox 441 2426 605 2464; x_wconf 88' lang='lat' dir='ltr'><strong>Hoffaei</strong></span> <span class='ocrx_word' id='word_1_292' title='bbox 625 2437 748 2462; x_wconf 90' lang='lat' dir='ltr'><strong>manu</strong></span> <span class='ocrx_word' id='word_1_293' title='bbox 768 2429 972 2461; x_wconf 85' lang='lat' dir='ltr'><strong>exaratae.</strong></span> <span class='ocrx_word' id='word_1_294' title='bbox 993 2424 1039 2460; x_wconf 91' lang='lat' dir='ltr'><strong>In</strong></span> <span class='ocrx_word' id='word_1_295' title='bbox 1059 2424 1199 2478; x_wconf 86' lang='lat' dir='ltr'><strong>ultimo</strong></span> <span class='ocrx_word' id='word_1_296' title='bbox 1221 2424 1316 2461; x_wconf 88' lang='lat' dir='ltr'><strong>folio</strong></span> <span class='ocrx_word' id='word_1_297' title='bbox 1337 2436 1360 2461; x_wconf 89' lang='lat' dir='ltr'><strong>a</strong></span> <span class='ocrx_word' id='word_1_298' title='bbox 1379 2428 1508 2473; x_wconf 88' lang='lat' dir='ltr'><strong>tergo,</strong></span> <span class='ocrx_word' id='word_1_299' title='bbox 1528 2435 1652 2461; x_wconf 91' lang='lat' dir='ltr'><strong>manu</strong></span> <span class='ocrx_word' id='word_1_300' title='bbox 1672 2423 1799 2471; x_wconf 90' lang='lat' dir='ltr'><strong>ipsius</strong></span> <span class='ocrx_word' id='word_1_301' title='bbox 1818 2423 1924 2460; x_wconf 88' lang='lat' dir='ltr'><strong>Hof-</strong></span> 
     </span>
     <span class='ocr_line' id='line_1_32' title="bbox 286 2493 1923 2543; baseline -0.004 -6"><span class='ocrx_word' id='word_1_302' title='bbox 286 2500 375 2537; x_wconf 86' lang='lat' dir='ltr'><strong>faei:</strong></span> <span class='ocrx_word' id='word_1_303' title='bbox 411 2497 763 2536; x_wconf 84' lang='lat' dir='ltr'><strong>«Concordantiae</strong></span> <span class='ocrx_word' id='word_1_304' title='bbox 793 2495 920 2532; x_wconf 88' lang='lat' dir='ltr'><strong>Patris</strong></span> <span class='ocrx_word' id='word_1_305' title='bbox 953 2494 1117 2531; x_wconf 88' lang='lat' dir='ltr'><strong>Hoffaei</strong></span> <span class='ocrx_word' id='word_1_306' title='bbox 1152 2496 1191 2531; x_wconf 87' lang='lat' dir='ltr'><strong>in</strong></span> <span class='ocrx_word' id='word_1_307' title='bbox 1222 2495 1354 2543; x_wconf 90' lang='lat' dir='ltr'><strong>capita</strong></span> <span class='ocrx_word' id='word_1_308' title='bbox 1382 2495 1535 2542; x_wconf 92' lang='lat' dir='ltr'><strong>aliquot</strong></span> <span class='ocrx_word' id='word_1_309' title='bbox 1563 2495 1799 2531; x_wconf 76' lang='lat' dir='ltr'><strong>examinis.»</strong></span> <span class='ocrx_word' id='word_1_310' title='bbox 1830 2493 1923 2531; x_wconf 87' lang='lat' dir='ltr'><strong>Alia</strong></span> 
     </span>
     <span class='ocr_line' id='line_1_33' title="bbox 286 2565 1973 2619; baseline -0.004 -11"><span class='ocrx_word' id='word_1_311' title='bbox 286 2582 409 2608; x_wconf 89' lang='lat' dir='ltr'><strong>manu</strong></span> <span class='ocrx_word' id='word_1_312' title='bbox 429 2569 581 2619; x_wconf 87' lang='lat' dir='ltr'><strong>ignota,</strong></span> <span class='ocrx_word' id='word_1_313' title='bbox 601 2566 682 2618; x_wconf 88' lang='lat' dir='ltr'><strong>(illa</strong></span> <span class='ocrx_word' id='word_1_314' title='bbox 703 2578 758 2605; x_wconf 92' lang='lat' dir='ltr'><strong>sc.</strong></span> <span class='ocrx_word' id='word_1_315' title='bbox 780 2578 885 2614; x_wconf 90' lang='lat' dir='ltr'><strong>quae</strong></span> <span class='ocrx_word' id='word_1_316' title='bbox 905 2566 1139 2614; x_wconf 87' lang='lat' dir='ltr'><strong>frequenter</strong></span> <span class='ocrx_word' id='word_1_317' title='bbox 1158 2572 1198 2603; x_wconf 91' lang='lat' dir='ltr'><strong>et</strong></span> <span class='ocrx_word' id='word_1_318' title='bbox 1216 2566 1343 2603; x_wconf 90' lang='lat' dir='ltr'><strong>nitide</strong></span> <span class='ocrx_word' id='word_1_319' title='bbox 1363 2565 1545 2603; x_wconf 88' lang='lat' dir='ltr'><strong>scribens</strong></span> <span class='ocrx_word' id='word_1_320' title='bbox 1571 2570 1739 2614; x_wconf 89' lang='lat' dir='ltr'><strong>apparet</strong></span> <span class='ocrx_word' id='word_1_321' title='bbox 1764 2566 1804 2602; x_wconf 93' lang='lat' dir='ltr'><strong>in</strong></span> <span class='ocrx_word' id='word_1_322' title='bbox 1823 2577 1919 2602; x_wconf 89' lang='lat' dir='ltr'><strong>mss.</strong></span> <span class='ocrx_word' id='word_1_323' title='bbox 1970 2587 1973 2588; x_wconf 31' lang='grc' dir='ltr'><em>ν</em></span> 
     </span>
     <span class='ocr_line' id='line_1_34' title="bbox 284 2637 1220 2693; baseline -0.006 -13"><span class='ocrx_word' id='word_1_324' title='bbox 284 2643 323 2681; x_wconf 90' lang='lat' dir='ltr'><strong>S.</strong></span> <span class='ocrx_word' id='word_1_325' title='bbox 342 2641 404 2693; x_wconf 84' lang='lat' dir='ltr'><strong>J.):</strong></span> <span class='ocrx_word' id='word_1_326' title='bbox 425 2642 574 2679; x_wconf 86' lang='lat' dir='ltr'><strong>«instar</strong></span> <span class='ocrx_word' id='word_1_327' title='bbox 596 2638 977 2678; x_wconf 77' lang='lat' dir='ltr'><strong>concordantiarum</strong></span> <span class='ocrx_word' id='word_1_328' title='bbox 997 2639 1036 2675; x_wconf 91' lang='lat' dir='ltr'><strong>in</strong></span> <span class='ocrx_word' id='word_1_329' title='bbox 1057 2637 1220 2675; x_wconf 85' lang='lat' dir='ltr'><strong>Biblia.»</strong></span> 
     </span>
    </p>

    <p class='ocr_par' dir='ltr' id='par_1_6' title="bbox 283 2707 1921 3116">
     <span class='ocr_line' id='line_1_35' title="bbox 365 2707 1921 2758; baseline -0.004 -7"><span class='ocrx_word' id='word_1_330' title='bbox 365 2714 486 2751; x_wconf 90' lang='lat' dir='ltr'><strong>Num.</strong></span> <span class='ocrx_word' id='word_1_331' title='bbox 508 2712 544 2750; x_wconf 90' lang='lat'><strong>8.</strong></span> <span class='ocrx_word' id='word_1_332' title='bbox 601 2710 685 2749; x_wconf 91' lang='lat' dir='ltr'><strong>Sub</strong></span> <span class='ocrx_word' id='word_1_333' title='bbox 712 2711 791 2747; x_wconf 90' lang='lat' dir='ltr'><strong>hoc</strong></span> <span class='ocrx_word' id='word_1_334' title='bbox 818 2721 988 2747; x_wconf 89' lang='lat' dir='ltr'><strong>numero</strong></span> <span class='ocrx_word' id='word_1_335' title='bbox 1015 2715 1076 2746; x_wconf 93' lang='lat' dir='ltr'><strong>est</strong></span> <span class='ocrx_word' id='word_1_336' title='bbox 1103 2710 1395 2758; x_wconf 84' lang='lat' dir='ltr'><strong>apographum,</strong></span> <span class='ocrx_word' id='word_1_337' title='bbox 1420 2707 1486 2745; x_wconf 88' lang='lat' dir='ltr'><strong>vel</strong></span> <span class='ocrx_word' id='word_1_338' title='bbox 1512 2708 1921 2756; x_wconf 73' lang='lat' dir='ltr'><strong>sortearchetypum,</strong></span> 
     </span>
     <span class='ocr_line' id='line_1_36' title="bbox 286 2779 1918 2828; baseline -0.006 -5"><span class='ocrx_word' id='word_1_339' title='bbox 286 2785 595 2823; x_wconf 86' lang='lat' dir='ltr'><strong>annotationum</strong></span> <span class='ocrx_word' id='word_1_340' title='bbox 622 2782 749 2819; x_wconf 88' lang='lat' dir='ltr'><strong>Patris</strong></span> <span class='ocrx_word' id='word_1_341' title='bbox 777 2780 932 2818; x_wconf 90' lang='lat' dir='ltr'><strong>Natalis</strong></span> <span class='ocrx_word' id='word_1_342' title='bbox 962 2781 1000 2817; x_wconf 92' lang='lat' dir='ltr'><strong>in</strong></span> <span class='ocrx_word' id='word_1_343' title='bbox 1032 2792 1219 2817; x_wconf 90' lang='lat' dir='ltr'><strong>examen.</strong></span> <span class='ocrx_word' id='word_1_344' title='bbox 1254 2780 1351 2816; x_wconf 88' lang='lat' dir='ltr'><strong>Dixi</strong></span> <span class='ocrx_word' id='word_1_345' title='bbox 1383 2779 1509 2816; x_wconf 76' lang='lat' dir='ltr'><strong>«forte</strong></span> <span class='ocrx_word' id='word_1_346' title='bbox 1535 2780 1838 2828; x_wconf 80' lang='lat' dir='ltr'><strong>archetypum»;</strong></span> <span class='ocrx_word' id='word_1_347' title='bbox 1867 2789 1918 2814; x_wconf 91' lang='lat' dir='ltr'><strong>eo</strong></span> 
     </span>
     <span class='ocr_line' id='line_1_37' title="bbox 287 2848 1918 2904; baseline -0.005 -10"><span class='ocrx_word' id='word_1_348' title='bbox 287 2856 400 2904; x_wconf 92' lang='lat' dir='ltr'><strong>quod</strong></span> <span class='ocrx_word' id='word_1_349' title='bbox 429 2855 662 2902; x_wconf 85' lang='lat' dir='ltr'><strong>frequentes</strong></span> <span class='ocrx_word' id='word_1_350' title='bbox 691 2851 998 2889; x_wconf 90' lang='lat' dir='ltr'><strong>emendationes</strong></span> <span class='ocrx_word' id='word_1_351' title='bbox 1026 2862 1149 2888; x_wconf 88' lang='lat' dir='ltr'><strong>manu</strong></span> <span class='ocrx_word' id='word_1_352' title='bbox 1184 2851 1359 2888; x_wconf 88' lang='lat' dir='ltr'><strong>auctoris</strong></span> <span class='ocrx_word' id='word_1_353' title='bbox 1388 2850 1518 2892; x_wconf 79' lang='lat' dir='ltr'><strong>factae</strong></span> <span class='ocrx_word' id='word_1_354' title='bbox 1547 2850 1587 2886; x_wconf 92' lang='lat' dir='ltr'><strong>in</strong></span> <span class='ocrx_word' id='word_1_355' title='bbox 1615 2850 1694 2887; x_wconf 93' lang='lat' dir='ltr'><strong>hoc</strong></span> <span class='ocrx_word' id='word_1_356' title='bbox 1725 2848 1918 2897; x_wconf 90' lang='lat' dir='ltr'><strong>exemplo</strong></span> 
     </span>
     <span class='ocr_line' id='line_1_38' title="bbox 287 2918 1916 2975; baseline -0.006 -10"><span class='ocrx_word' id='word_1_357' title='bbox 287 2927 602 2975; x_wconf 89' lang='lat' dir='ltr'><strong>conspiciantur.</strong></span> <span class='ocrx_word' id='word_1_358' title='bbox 630 2924 832 2972; x_wconf 89' lang='lat' dir='ltr'><strong>Scriptum</strong></span> <span class='ocrx_word' id='word_1_359' title='bbox 856 2934 955 2959; x_wconf 88' lang='lat' dir='ltr'><strong>vero</strong></span> <span class='ocrx_word' id='word_1_360' title='bbox 976 2922 1049 2959; x_wconf 89' lang='lat' dir='ltr'><strong>fuit</strong></span> <span class='ocrx_word' id='word_1_361' title='bbox 1068 2921 1120 2959; x_wconf 89' lang='lat' dir='ltr'><strong>ab</strong></span> <span class='ocrx_word' id='word_1_362' title='bbox 1141 2933 1223 2959; x_wconf 92' lang='lat' dir='ltr'><strong>uno</strong></span> <span class='ocrx_word' id='word_1_363' title='bbox 1244 2922 1474 2969; x_wconf 90' lang='lat' dir='ltr'><strong>eodemque</strong></span> <span class='ocrx_word' id='word_1_364' title='bbox 1493 2920 1655 2958; x_wconf 89' lang='lat' dir='ltr'><strong>librario</strong></span> <span class='ocrx_word' id='word_1_365' title='bbox 1675 2921 1715 2957; x_wconf 92' lang='lat' dir='ltr'><strong>in</strong></span> <span class='ocrx_word' id='word_1_366' title='bbox 1734 2927 1783 2966; x_wconf 87' lang='lat'><strong>45</strong></span> <span class='ocrx_word' id='word_1_367' title='bbox 1812 2918 1916 2956; x_wconf 91' lang='lat' dir='ltr'><strong>foliis</strong></span> 
     </span>
     <span class='ocr_line' id='line_1_39' title="bbox 286 2989 1916 3047; baseline -0.005 -12"><span class='ocrx_word' id='word_1_368' title='bbox 286 3011 369 3035; x_wconf 92' lang='lat' dir='ltr'><strong>non</strong></span> <span class='ocrx_word' id='word_1_369' title='bbox 390 2998 568 3047; x_wconf 89' lang='lat' dir='ltr'><strong>signatis.</strong></span> <span class='ocrx_word' id='word_1_370' title='bbox 590 2994 743 3044; x_wconf 88' lang='lat' dir='ltr'><strong>Singuli</strong></span> <span class='ocrx_word' id='word_1_371' title='bbox 764 2999 899 3042; x_wconf 85' lang='lat' dir='ltr'><strong>autem</strong></span> <span class='ocrx_word' id='word_1_372' title='bbox 920 2994 1208 3041; x_wconf 87' lang='lat' dir='ltr'><strong>quaterniones</strong></span> <span class='ocrx_word' id='word_1_373' title='bbox 1229 2993 1280 3029; x_wconf 90' lang='lat' dir='ltr'><strong>ad</strong></span> <span class='ocrx_word' id='word_1_374' title='bbox 1302 2992 1455 3030; x_wconf 90' lang='lat' dir='ltr'><strong>calcem</strong></span> <span class='ocrx_word' id='word_1_375' title='bbox 1475 2992 1590 3040; x_wconf 90' lang='lat' dir='ltr'><strong>primi</strong></span> <span class='ocrx_word' id='word_1_376' title='bbox 1605 2992 1804 3040; x_wconf 87' lang='lat' dir='ltr'><strong>cujusque</strong></span> <span class='ocrx_word' id='word_1_377' title='bbox 1817 2989 1916 3036; x_wconf 88' lang='lat' dir='ltr'><strong>folii,</strong></span> 
     </span>
     <span class='ocr_line' id='line_1_40' title="bbox 283 3063 1915 3116; baseline -0.005 -10"><span class='ocrx_word' id='word_1_378' title='bbox 283 3069 437 3106; x_wconf 87' lang='lat' dir='ltr'><strong>Natalis</strong></span> <span class='ocrx_word' id='word_1_379' title='bbox 464 3079 599 3113; x_wconf 90' lang='lat' dir='ltr'><strong>manu,</strong></span> <span class='ocrx_word' id='word_1_380' title='bbox 620 3066 765 3116; x_wconf 89' lang='lat' dir='ltr'><strong>signati</strong></span> <span class='ocrx_word' id='word_1_381' title='bbox 786 3070 891 3103; x_wconf 91' lang='lat' dir='ltr'><strong>sunt.</strong></span> <span class='ocrx_word' id='word_1_382' title='bbox 912 3063 1072 3102; x_wconf 88' lang='lat' dir='ltr'><strong>Titulus</strong></span> <span class='ocrx_word' id='word_1_383' title='bbox 1093 3069 1154 3101; x_wconf 92' lang='lat' dir='ltr'><strong>est</strong></span> <span class='ocrx_word' id='word_1_384' title='bbox 1180 3063 1425 3112; x_wconf 90' lang='lat' dir='ltr'><strong>hujusmodi:</strong></span> <span class='ocrx_word' id='word_1_385' title='bbox 1456 3063 1524 3100; x_wconf 83' lang='lat' dir='ltr'><strong>«In</strong></span> <span class='ocrx_word' id='word_1_386' title='bbox 1551 3073 1725 3100; x_wconf 86' lang='lat' dir='ltr'><strong>examen</strong></span> <span class='ocrx_word' id='word_1_387' title='bbox 1745 3066 1915 3099; x_wconf 88' lang='lat' dir='ltr'><strong>annota—</strong></span> 
     </span>
    </p>
   </div>
   <div class='ocr_carea' id='block_1_3' title="bbox 2059 2032 2098 3309">
    <p class='ocr_par' dir='ltr' id='par_1_7' title="bbox 2059 2032 2098 3309">
     <span class='ocr_line' id='line_1_41' title="bbox 2059 2032 2098 3309; baseline 0 0"><span class='ocrx_word' id='word_1_388' title='bbox 2059 2032 2098 3309; x_wconf 95' lang='lat' dir='ltr'><strong> </strong></span> 
     </span>
    </p>
   </div>
  </div>
 </body>
</html>
