2098 3470
332 281 404 317 404
805 272 960 310 PATms
985 274 1227 311 Hmnonvm
1252 273 1403 309 NADAL

376 371 731 417 Animaduertat
758 380 921 428 rector,
945 375 1129 430 quando
1157 375 1214 418 de
1242 373 1463 429 ministro,
1489 375 1783 426 subministro
1804 385 1823 404 ⁸
1845 379 1920 422 vel

285 450 343 492 de
367 448 471 502 alio,
498 449 576 505 qui
600 448 744 493 vicem
767 450 963 506 aliquam
993 459 1161 508 gerunt
1185 450 1446 507 superioris,
1477 452 1533 495 ad
1570 451 1718 509 ipsum
1747 453 1919 511 aliquid·

284 526 506 579 defertur,
532 541 591 571 ne
612 541 706 570 rem
729 536 953 584 aggrauet
970 527 988 553 b
1005 542 1158 571 coram
1176 528 1393 582 delatore,
1413 543 1472 573 ne
1488 528 1546 572 sit
1563 543 1700 573 causa
1722 537 1914 574 conten·-

286 602 423 646 tionis
443 603 627 647 maioris
642 603 760 648 inter
777 604 1009 647 subditum
1027 611 1072 648 et
1083 603 1378 660 superiorem,
1393 605 1463 648 vel
1473 604 1578 653 „eius
1595 606 1918 651 authoritatem

283 679 579 724 infirmiorem
603 679 788 726 efficiat:
813 682 893 725 sed
916 680 1067 738 potius
1089 687 1133 724 et
1153 694 1263 733 rem,
1283 680 1321 723 si
1342 680 1387 723 id
1404 681 1591 737 patitur,
1612 690 1813 736 excuset,
1837 691 1919 728 aut

282 756 512 813 significet
546 772 596 801 se
619 771 713 800 rem
747 757 925 814 plenius
958 757 1292 801 intellecturum
1315 757 1467 801 debita
1490 758 1721 815 indagine:
1750 766 1796 803 et
1818 775 1913 805 rem

283 834 467 890 quidem
491 833 683 888 notabit,
704 834 741 878 si
757 834 964 878 excusari
982 849 1071 877 non
1090 833 1247 890 possit,
1267 834 1468 877 nondum
1488 841 1639 879 tamen
1655 836 1712 879 de
1732 835 1922 881 homine*

282 910 543 954 iudicando.
573 912 717 956 Curet
745 919 895 956 autem
924 926 982 955 ne
1011 910 1188 955 facilem
1216 926 1266 955 se
1302 912 1515 967 praebeat
1547 913 1604 956 ad
1632 913 1909 957 credendum

283 987 500 1044 quicquid
533 988 722 1049 aliorum
746 989 890 1034 relatu
913 995 991 1032 aut
1014 987 1240 1031 delatione
1262 988 1319 1031 de
1340 988 1438 1031 aliis
1457 988 1667 1035 audierit.
1691 989 1789 1033 Erit
1807 1005 1921 1035 vero

281 1080 419 1122 opere
441 1065 662 1122 precium,
688 1073 825 1122 atque
846 1066 960 1110 adeo
982 1064 1304 1118 necessarium,
1325 1065 1703 1119 animaduertere,
1727 1081 1786 1110 ne
1802 1067 1911 1110 sub-

279 1142 362 1186 diti
386 1143 443 1188 95
467 1157 574 1186 suos
596 1143 852 1199 superiores
874 1141 1223 1186 calumnientur.
1249 1143 1378 1186 Haec
1407 1157 1546 1198 quum
1584 1142 1646 1186 ita
1676 1143 1782 1196 sint,
1806 1158 1912 1200 pro-

279 1220 434 1265 uideat
465 1227 616 1263 tamen
644 1219 988 1276 circumspecte,
1019 1226 1067 1261 vt
1098 1218 1302 1262 minister
1332 1233 1385 1262 ac
1422 1219 1731 1273 subminister,
1756 1227 1846 1266 etc.
1884 1236 1912 1266 a

279 1298 375 1342 suis
397 1296 654 1342 defectibus
676 1297 993 1348 emendentur,
1019 1303 1063 1339 et
1086 1295 1296 1339 omnibus
1323 1295 1413 1339 sint
1442 1295 1759 1341 aedificationi.

368 1374 578 1420 Rectoris
600 1381 670 1419 est
692 1374 891 1425 efficere,
916 1380 965 1415 vt
987 1387 1162 1427 omnes,
1187 1372 1264 1428 qui
1282 1372 1328 1415 in
1346 1372 1539 1429 collegio
1557 1387 1642 1416 suo
1659 1373 1758 1417 aliis
1774 1388 1909 1431 prae-

276 1460 401 1504 sunt,
427 1451 673 1496 efficaciter
704 1451 798 1494 suis
828 1452 1079 1507 fungantur
1110 1449 1289 1504 officiis,
1315 1464 1367 1493 ac
1389 1449 1451 1492 illi
1474 1450 1519 1492 in
1547 1450 1719 1506 primis,
1744 1451 1916 1506 quibus

275 1536 428 1574 rector
448 1529 545 1586 ipse
567 1527 825 1571 immediate
853 1534 1047 1583 praeest,
1074 1526 1346 1582 quibuscum
1375 1541 1511 1583 agere
1538 1526 1747 1583 amplius,
1773 1542 1912 1583 quam

276 1621 382 1650 cum
404 1605 520 1659 aliis,
546 1606 699 1658 debet;
724 1604 928 1648 omnium
949 1603 1123 1647 animos
1145 1602 1436 1646 nihilominus
1459 1603 1606 1660 erigat
1626 1603 1674 1646 in
1690 1603 1903 1658 Domino,

277 1683 648 1738 consoleturque3
675 1680 963 1738 peculiariter
983 1695 1092 1724 vero
1109 1694 1282 1732 eorum,
1303 1679 1379 1735 qui
1397 1679 1564 1723 auxilio
1581 1680 1728 1737 magis
1749 1688 1905 1737 egent.

274 1761 344 1806 Sit
370 1761 524 1816 itaque
546 1758 776 1815 refugium
800 1758 1025 1810 omnibus,
1050 1764 1100 1799 vt
1121 1756 1275 1800 debita
1303 1756 1546 1810 suauitate,
1571 1756 1910 1813 dispensatione

274 1846 321 1883 et
343 1836 586 1895 prudentia
607 1835 809 1879 omnium
833 1833 1195 1891 aegritudinibus
1222 1834 1471 1877 medeatur.
1505 1833 1726 1877 Vltimum
1755 1841 1910 1878 autem

274 1915 462 1960 remedii
492 1928 642 1972 genus
671 1912 772 1966 erit,
804 1919 1023 1964 statuere,
1046 1926 1155 1954 num
1193 1910 1270 1966 qui
1307 1925 1445 1967 aeger
1475 1917 1544 1954 est
1581 1910 1749 1964 animo,
1774 1910 1833 1954 sit
1860 1911 1906 1954 in

273 1993 503 2039 Societate
527 1990 808 2044 retinendus,
829 2005 886 2032 an
909 1988 1205 2031 dimittendus
1222 1987 1390 2044 potius,
1410 2002 1491 2032 seu
1510 1987 1566 2031 ad
1583 1986 1908 2043 prouincialem,

272 2070 574 2127 ablegandus,
598 2073 676 2111 aut
699 2065 756 2111 96
780 2065 1066 2110 xenodochio
1089 2071 1134 2108 et
1155 2079 1405 2121 pauperum
1429 2063 1628 2109 seruitiis
1650 2064 1707 2107 ad
1739 2065 1907 2120 proba-

278 2148 452 2192 tionem
475 2144 788 2195 destinandus,
810 2142 975 2198 quibus
997 2143 1053 2186 de
1070 2143 1206 2184 rebus
1224 2140 1484 2185 admonebit
1501 2140 1844 2197 prouincialem,

362 2223 622 2280 Diligenter
644 2219 1100 2275 circumspiciendum
1122 2225 1207 2270 est,
1232 2217 1270 2261 si
1292 2217 1370 2273 qui
1392 2217 1542 2261 idonei
1571 2217 1812 2262 videantur
1833 2219 1904 2262 fu—

273 2301 381 2356 turi,
407 2300 575 2356 quibus
595 2296 806 2356 primaria
828 2295 1066 2341 Societatis
1088 2294 1240 2338 officia
1258 2301 1355 2337 tuto
1372 2294 1545 2350 possint
1563 2293 1611 2336 in
1629 2293 1781 2350 aliqua
1797 2309 1903 2351 pro-

275 2379 428 2424 uincia
448 2375 668 2422 committi
691 2389 774 2418 suo
797 2381 1015 2429 tempore,
1042 2371 1295 2416 cuiusmodi
1324 2378 1430 2415 sunt
1458 2370 1660 2424 rectoris,
1691 2370 1901 2425 ministri,

276 2455 554 2500 nouitiorum
579 2450 810 2510 praefecti,
836 2458 881 2494 et
902 2450 1015 2502 eius,
1042 2448 1118 2505 qui
1152 2449 1300 2491 valeat
1333 2447 1559 2492 exercitiis
1595 2447 1909 2504 spiritualibus

273 2533 386 2578 alios
401 2545 686 2590 promouere,
707 2527 1098 2579 concionatorum,
1119 2524 1514 2577 confessariorum,
1533 2531 1900 2580 procuratorum,

270 2613 513 2662 lectorum,
538 2615 647 2661 etc.;
674 2613 720 2650 et
744 2602 971 2660 designati
1001 2603 1220 2647 deberent
1251 2600 1452 2646 exerceri
1480 2601 1716 2644 commode
1747 2600 1793 2643 in
1821 2614 1904 2644 sua

271 2688 504 2731 facultate.
531 2687 632 2729 Hac
662 2691 814 2727 tamen
841 2681 887 2723 in
924 2695 971 2724 re
1009 2680 1119 2722 illud
1149 2685 1219 2722 est
1255 2679 1528 2730 cauendum,
1559 2693 1619 2722 ne
1647 2678 1704 2720 ab
1741 2677 1906 2721 studiis>

269 2765 364 2808 suis
387 2765 459 2807 vel
482 2761 649 2817 alioqui
682 2757 947 2803 necessariis
968 2755 1344 2813 occupationibus
1366 2762 1665 2798 amoueantur
1691 2761 1901 2811 propter-

267 2858 337 2895 ea,
362 2842 436 2885 vel
463 2854 620 2884 eorum
649 2850 861 2893 magnam
890 2833 1057 2877 faciant
1085 2832 1320 2876 iacturam.
1353 2832 1458 2874 Hoc
1482 2837 1634 2876 tamen
1671 2830 1901 2887 specimen

267 2918 461 2962 liberius
476 2917 534 2961 de
561 2915 616 2959 iis
644 2911 809 2972 poterit
837 2910 953 2967 capi,
984 2909 1061 2966 qui
1093 2908 1311 2953 absolutis
1339 2907 1499 2951 studiis
1526 2907 1816 2951 instruuntur
1842 2907 1902 2950 ad

268 2994 585 3039 ministerium.

339 3095 358 3113 a
405 3084 453 3120 de
472 3083 659 3118 ministro
676 3082 712 3116 et
731 3077 917 3115 ministro
937 3087 1007 3112 ms.
1060 3076 1126 3103 -b
1152 3077 1348 3122 aggreuet
1366 3078 1438 3109 ms.
