2098 3470
331 220 403 264 640
803 223 957 260 PA'rms
983 225 1226 260 HmnoNYMi
1253 223 1404 260 NADAL

374 322 422 366 Si
447 322 691 378 aliquando
719 324 908 368 tentaris
936 326 991 368 de
1021 339 1241 381 eggressu
1276 331 1381 368 tuae
1413 324 1658 381 religionis,
1696 333 1744 368 ut
1781 325 1912 368 aliam

285 398 571 453 ingrediaris,
598 400 748 456 cogita
770 401 807 445 si
830 401 917 444 iam
941 402 984 444 in
1009 401 1083 444 illa
1105 415 1228 444 esses
1250 408 1295 444 et
1318 415 1343 443 a
1366 401 1597 456 superiore
1626 401 1705 443 tibi
1736 402 1933 446 iubere-'

287 483 376 527 tur,
405 482 454 518 ut
476 476 606 520 aliam
629 477 933 533 ingredereris
956 486 1001 522 et
1028 478 1089 519 ibi
1113 468 1331 533 perpetuo
1355 492 1576 530 maneres,
1602 493 1658 520 an
1689 478 1912 523 obedires:

286 551 320 595 si
350 552 431 604 sic,
463 553 615 610 cogita
644 553 726 597 tibi
758 556 892 598 modo
924 555 1034 597 illud
1067 569 1166 598 esse
1199 553 1474 610 impositum3
1511 555 1579 597 sin
1619 555 1783 607 minus,
1823 569 1912 598 non

285 631 402 674 bene
425 629 671 686 dispositus
692 646 741 674 es
764 632 819 674 ad
844 630 1163 682 obedientiam,
1190 637 1234 674 et
1258 637 1302 674 te
1325 630 1472 686 ipsum
1501 632 1641 675 debes
1669 631 1912 684 dimittere,

286 714 331 750 et
354 721 444 749 non
468 707 635 750 locum:
663 707 792 751 aliter
815 722 1045 762 nunquam
1071 706 1276 751 inuenies
1299 722 1471 763 pacem.
1817 752 1819 755 ,

373 784 563 839 Semper
591 785 774 840 quando
805 785 956 828 veniet
988 784 1135 839 aliqua
1164 784 1403 840 suggestio
1431 785 1547 827 mala
1576 792 1733 827 contra
1761 784 1912 840 proxi-

286 875 427 912 mum,
452 861 591 905 debes
613 861 763 904 statim
792 869 842 903 ut
875 861 919 903 id
943 860 1314 904 animaduerteris
1342 862 1692 917 genuflectendo
1719 858 1912 927 aliquarfi
1940 868 1943 872 ⁴

286 936 534 981 orationem
563 953 645 994 pro
673 937 749 980 illo
786 938 951 990 facere,
991 945 1035 980 et
1073 936 1118 979 id
1157 936 1424 980 continuare
1462 951 1700 994 quousque
1731 938 1914 982 desierit

285 1014 540 1071 suggestio.

373 1091 490 1138 262v
550 1091 743 1136 Dicebat
766 1091 991 1135 Dominus
1009 1090 1208 1134 Didacus
1230 1092 1258 1133 ¹:
1283 1090 1320 1133 si
1343 1090 1505 1146 aliquis
1527 1090 1698 1147 cogitat
1720 1106 1768 1135 se
1790 1092 1912 1134 suffi—

285 1168 591 1230 cientem-pro
618 1168 767 1224 aliqua
796 1168 1029 1224 religione,
1061 1182 1194 1223 quam
1226 1167 1461 1224 ingressus
1488 1175 1572 1219 est,
1604 1175 1713 1210 tunc
1741 1168 1912 1211 insuffi-

285 1245 410 1288 ciens
432 1252 516 1298 est;
542 1245 579 1289 si
604 1259 714 1289 uero
736 1261 824 1288 non
849 1259 928 1301 pro
950 1244 1024 1287 illa
1046 1246 1126 1288 sed
1154 1258 1234 1300 pro
1264 1243 1364 1295 alia,
1397 1244 1546 1286 minus
1573 1244 1802 1287 sufficiens
1831 1258 1916 1301 pro

283 1322 384 1374 alia,
400 1336 534 1377 quarn
553 1337 642 1365 non
662 1329 730 1366 est
746 1322 996 1378 ingressus,
1011 1321 1111 1374 erit;
1133 1320 1169 1363 si
1187 1335 1267 1376 pro
1287 1328 1492 1376 utraque,
1507 1321 1667 1363 nullibi
1683 1320 1915 1365 sufficiens

283 1399 382 1443 erit:
409 1399 446 1442 si
469 1413 581 1442 uero
606 1398 775 1441 iudicat
797 1413 845 1441 se
872 1397 1031 1440 nullibi
1060 1412 1159 1442 esse
1188 1397 1502 1449 sufficientem,
1535 1398 1843 1453 permanendo
1866 1397 1912 1440 in

285 1476 377 1530 illa,
403 1490 540 1531 quarn
562 1469 798 1531 ingressus
820 1483 903 1526 est,
930 1489 1009 1530 pro
1034 1475 1107 1517 illa
1129 1474 1359 1517 sufficiens
1381 1473 1480 1517 erit.

378 1553 502 1596 Idem
525 1560 557 1595 ³.
585 1553 699 1595 Cum
730 1553 867 1596 uellet
895 1551 1089 1606 aliquem
1120 1550 1446 1607 pusillanimem
1471 1550 1703 1595 *exhortari
1732 1559 1783 1593 ut
1810 1565 1912 1607 per-

283 1637 488 1674 maneret
515 1629 561 1672 in
591 1628 827 1672 uocatione
857 1644 953 1680 sua,
985 1628 1179 1671 dicebat:
1215 1628 1340 1670 vide:
1373 1629 1554 1683 quando
1586 1627 1747 1683 aliquis
1778 1629 1914 1672 debet

284 1706 417 1750 alicui
439 1706 571 1749 diuiti
598 1721 650 1749 ac
681 1707 799 1748 bono
833 1705 1023 1762 principi
1061 1706 1242 1749 soluere
1270 1711 1453 1747 centum
1481 1713 1560 1748 aut
1583 1705 1704 1748 mille
1731 1719 1910 1758 aureos,

284 1783 458 1828 etiamsi
480 1783 598 1828 inter
619 1797 697 1827 eos
719 1783 776 1826 sit
798 1782 960 1838 aliquis
983 1796 1194 1825 nummus
1217 1796 1308 1824 non
1331 1781 1393 1825 ita
1422 1781 1651 1825 sufficiens
1679 1781 1908 1838 ponderis,

283 1868 434 1904 tamen
457 1874 560 1903 cum
583 1874 674 1902 non
698 1860 861 1903 habeat
883 1859 1068 1903 alterius
1090 1858 1257 1901 ualoris
1279 1857 1433 1910 aliurn,
1465 1858 1693 1914 benignus
1722 1859 1796 1900 ille
1829 1859 1930 1901 εἰο-Δ

282 1936 431 1979 minus
453 1951 544 1979 non
568 1936 796 1980 recusabit
820 1935 935 1978 inter
957 1936 1078 1978 illam
1100 1949 1313 1990 magnam
1331 1949 1553 1978 summam
1571 1934 1779 1990 accipere
1796 1936 1912 1978 duos

282 2014 355 2056 uel
379 2020 470 2056 tres
499 2012 635 2057 etiam
663 2027 755 2055 non
783 2012 888 2055 iusti
921 2011 1149 2068 ponderis:
1176 2011 1238 2054 ita
1269 2011 1420 2063 etiam,
1447 2012 1629 2066 quando
1660 2026 1750 2068 ego
1785 2019 1830 2056 et
1863 2019 1911 2054 tu

280 2090 421 2133 simus
444 2089 696 2146 imperfecti
720 2089 765 2131 in
789 2091 873 2132 hac
897 2088 1142 2141 Societate,
1168 2096 1317 2131 tamen
1337 2089 1454 2132 inter
1472 2096 1561 2132 tam
1579 2089 1747 2131 multos
1768 2090 1915 2131 bonos

281 2169 398 2211 bene
419 2167 600 2210 illorum
624 2165 791 2209 intuitu
816 2181 897 2208 nos
925 2165 1143 2222 recipient
1163 2167 1235 2210 vel
1258 2165 1519 2210 retinebunt
1540 2165 1573 2208 ¹³.

966 2300 1006 2327 P.
1043 2298 1201 2328 ARAOZ
1223 2292 1240 2310 ⁰

372 2398 419 2443 Si
443 2400 597 2451 homo,
625 2396 817 2441 orationi
839 2396 1019 2439 deditus
1040 2404 1085 2441 et
1102 2398 1158 2439 ad
1175 2396 1497 2452 perfectionem
1517 2397 1813 2449 contendenS‚
1833 2411 1913 2440 ex·-

284 2475 459 2532 tirpatis
491 2474 664 2518 scilicet
695 2473 816 2516 vitiis
854 2473 1145 2530 grauioribus
1176 2472 1211 2526 d,
1243 2488 1291 2516 se
1319 2473 1396 2515 dat
1423 2472 1773 2517 considerationi
1805 2487 1915 2516 suae

283 2551 640 2609 imperfectionis
662 2558 708 2595 et
730 2551 1008 2602 defectuum,
1033 2549 1286 2606 ingreditur
1309 2550 1520 2605 abyssum
1545 2549 1768 2602 miseriae,
1794 2551 1913 2594 unde

283 2642 373 2671 non
397 2627 564 2685 poterit
587 2626 720 2671 facile
747 2627 956 2679 euadere,
983 2627 1062 2670 sed
1090 2626 1340 2682 periculum
1370 2633 1438 2669 est
1467 2641 1525 2670 ne
1552 2625 1643 2668 illic
1669 2626 1914 2682 immerga—

354 2758 370 2774 α
420 2747 507 2782 Hoc
525 2746 635 2782 verb.
655 2757 677 2781 a
695 2745 786 2781 Nat.v
806 2731 1007 2780 exaratum
1026 2750 1100 2781 est.
1153 2746 1219 2772 —b
1246 2744 1355 2780 Haec
1372 2743 1450 2779 duo
1469 2745 1589 2779 verba
1606 2755 1627 2779 a
1646 2744 1736 2779 Nat.
1756 2749 1913 2779 exarata

283 2811 387 2842 sunt.
439 2826 472 2831 —
487 2815 503 2833 c
530 2804 606 2840 Hic
630 2804 767 2840 titulus
788 2815 809 2838 a
834 2804 991 2839 librario
1016 2803 1185 2850 scriptus
1206 2809 1280 2839 est.
1333 2805 1396 2830 —d
1434 2811 1476 2838 10
1495 2804 1615 2838 verba
1639 2803 1913 2849 praecedentia

284 2867 377 2901 Nat.
404 2877 520 2900 manu
539 2864 579 2899 in
597 2863 771 2910 margine
788 2862 918 2898 addita
937 2869 1039 2898 sunt.

356 2970 366 2989 ¹
418 2966 610 3012 Quisnam
629 2965 681 3000 sit
708 2964 771 2999 hic
795 2963 975 2998 dominus
999 2963 1186 3007 Didacus,
1206 2963 1244 2998 in
1270 2975 1341 2998 ms.
1376 2973 1451 2998 non
1477 2962 1709 3010 explicatur,
1736 2963 1805 2998 sed
1835 2974 1911 2999 non

283 3025 508 3061 dubitamus
526 3024 573 3060 ad
593 3023 773 3060 eumdem
794 3022 836 3058 P.
858 3021 1051 3057 Didacum
1071 3022 1216 3058 Lainez
1235 3023 1330 3057 haec
1349 3027 1540 3068 spectare.
