2098 3470
298 305 366 342 294
767 295 920 333 Pin-ms
946 298 1187 334 H1131³0NYM1
1213 297 1363 332 NADAL

250 403 295 440 et
311 396 454 453 possit
479 404 630 440 tamen
648 397 806 440 adesse
824 397 1105 442 renouationi
1123 404 1330 440 votorum
1354 396 1399 439 in
1424 397 1658 442 viennensi
1682 399 1886 455 collegio·

251 480 296 517 et
322 473 619 529 tyrnauiensi,
645 481 691 516 et
713 473 904 530 singulis
926 474 1057 517 annis
1075 475 1164 516 hoc
1189 475 1416 526 obseruet,
1436 481 1488 516 ut
1510 474 1554 516 in
1578 488 1668 517 una
1686 489 1885 519 renouar

250 550 374 594 tione
397 557 605 593 votorum
630 549 746 593 adsit
768 550 837 594 his
854 552 1032 594 duobus
1055 550 1274 606 collegiis,
1301 550 1484 606 reliquis
1506 550 1550 592 in
1575 551 1660 594 alia
1683 565 1876 606 renoua—

251 627 388 680 tione3
415 627 563 670 medio
588 642 696 670 uero
721 635 924 683 tempore
946 627 1007 670 ita
1030 628 1086 670 sit
1111 635 1307 683 paratuS,
1337 634 1385 670 ut
1408 635 1614 671 accurrat
1638 629 1693 670 ad
1716 642 1768 671 ea
1785 630 1886 672 col-v

250 704 384 760 legia,
411 719 526 759 quae
549 705 752 760 egebunt
774 705 872 748 eius
893 704 1163 761 praesentia3
1190 719 1272 749 nec
1296 704 1539 748 arbitretur
1568 719 1615 748 se
1639 706 1774 749 fixam
1805 719 1878 748 se-

251 783 353 825 dem
391 783 574 832 habere,
607 782 686 824 sed
713 796 812 824 esse
843 782 951 825 utile
989 795 1097 824 suae
1126 781 1444 838 gubernationi
1478 791 1527 823 ut
1564 781 1757 838 collegia
1790 782 1879 824 cir-

251 866 449 918 cumeat.

340 937 411 978 De
434 935 659 978 uisitanda
685 934 887 988 Polonia,
915 936 989 979 uel
1011 936 1067 978 de
1090 934 1262 978 ratione
1290 948 1441 987 curae,
1468 949 1602 991 quam
1631 935 1767 978 debet
1795 937 1886 979 ha—

252 1013 360 1055 bere
382 1011 427 1053 in
451 1011 526 1054 illa
548 1012 639 1054 duo
667 1011 875 1068 collegia,
901 1011 1043 1067 primo
1074 1025 1255 1066 quoque
1283 1018 1483 1067 tempore
1512 1011 1680 1056 scribet
1709 1013 1766 1055 ad
1790 1014 1877 1055 Pa-

254 1095 368 1131 trem
393 1089 668 1144 generalem.
739 1142 744 1148 ἡ

342 1164 685 1210 Districtissime
701 1167 967 1209 obseruetur
991 1166 1100 1208 ordo
1123 1164 1350 1208 scribendi
1372 1165 1647 1222 constitutus
1675 1179 1702 1208 a
1731 1165 1878 1208 Patri·

256 1243 361 1287 bus,
382 1242 706 1287 Admonitores
729 1251 952 1285 rectorum
978 1250 1023 1284 et
1046 1242 1387 1298 prouincialium
1415 1242 1525 1284 illud
1555 1242 1674 1286 inter
1702 1250 1883 1286 caetera

256 1317 501 1375 diligenter
531 1319 792 1371 obseruent,
823 1327 867 1363 et
905 1320 1191 1371 admoneant,
1223 1334 1332 1361 num
1363 1333 1445 1361 suo
1473 1325 1674 1374 tempore
1702 1318 1887 1362 litterae·

258 1395 516 1438 scribantur
543 1396 669 1439 iuxta
691 1397 921 1440 decretum
951 1396 1177 1452 generalis
1203 1395 1572 1452 congregationis
1604 1397 1614 1417 ¹
1639 1402 1684 1440 et
1710 1395 1880 1438 instru-

253 1472 451 1516 ctionem
477 1472 625 1516 Patris
647 1474 884 1529 generalis.

342 1549 636 1606 Expurgetur
662 1549 940 1593 bibliotheca
968 1558 1012 1594 et
1043 1550 1253 1593 cubicula
1292 1552 1478 1593 Patrum
1515 1556 1560 1594 et
1599 1550 1804 1601 fratrum,
1844 1548 1886 1591 si

258 1642 372 1682 quos
395 1627 566 1670 habent
587 1626 741 1679 libros,
766 1627 842 1682 qui
864 1642 917 1671 ex
940 1627 1143 1682 professo
1165 1634 1304 1684 agant
1325 1627 1382 1670 de
1403 1625 1596 1678 haeresi,
1622 1632 1668 1668 et
1695 1626 1884 1669 conclu-

258 1705 440 1756 dantur,
467 1704 845 1758 quemadmodum
870 1703 975 1746 alibi
992 1703 1162 1746 dictum
1185 1711 1269 1748 est.

350 1780 399 1825 Si
442 1780 679 1836 contingat
715 1780 845 1822 binos
875 1780 1064 1824 recitare
1100 1782 1233 1823 horas
1270 1779 1534 1832 canonicas,
1565 1779 1676 1822 illud
1707 1780 1787 1822 fiat
1821 1779 1891 1822 ita?

256 1857 486 1900 submissa
509 1870 639 1908 uoce,
666 1864 731 1908 ut,
756 1864 1042 1912 preterquam
1064 1858 1120 1899 ab
1148 1858 1380 1910 alterutro,
1405 1856 1549 1900 audiri
1578 1870 1669 1899 non
1692 1855 1886 1912 possint,

255 1940 301 1976 et
323 1940 503 1989 tempus
526 1932 742 1976 orationis
764 1932 1013 1976 matutinae
1036 1940 1181 1976 totum
1204 1934 1310 1977 dare
1331 1947 1423 1976 non
1446 1939 1661 1989 poterunt
1692 1931 1889 1975 orationi

257 2010 419 2062 uocali,
446 2010 527 2052 sed
548 2024 726 2065 semper
743 2009 911 2064 aliquid
934 2011 1041 2053 dent
1065 2009 1256 2053 orationi
1278 2009 1479 2054 mentali.
1512 2008 1758 2054 Prouideat
1780 1992 1886 2065 pro-

256 2086 468 2129 uincialis
503 2086 548 2128 in
577 2085 802 2142 collegiis,
836 2093 885 2129 ut
923 2086 1128 2130 celeriter
1163 2086 1292 2129 cibus
1327 2086 1547 2131 inferatur
1579 2086 1624 2129 in
1662 2099 1883 2138 mensam,

255 2177 341 2208 nec
363 2162 615 2207 intercedat
635 2162 847 2218 spatium,
874 2170 1093 2218 quantum
1115 2162 1213 2206 fieri
1236 2162 1415 2219 poterit,
1439 2162 1558 2206 inter
1575 2176 1714 2205 unum
1734 2161 1890 2204 cibum

257 2246 304 2285 et
326 2239 482 2283 alium.

345 2316 478 2360 Fiant
500 2315 621 2360 sacci
643 2331 725 2372 pro
746 2315 1013 2372 disciplinis.

347 2395 568 2438 Seruetur
589 2392 810 2436 modestia
832 2392 878 2434 in
903 2392 1036 2445 tonis,
1062 2382 1119 2435 ne
1143 2393 1301 2435 fratres
1323 2392 1514 2435 rideant.

259 2527 323 2557 DE
346 2526 598 2564 PERSONIS,
625 2526 686 2556 ET
710 2526 918 2557 OFFICIIS
943 2528 1035 2558 UEL
1060 2527 1334 2558 EXERCITIIS
1357 2525 1552 2556 PATRUM
1579 2525 1636 2554 ET
1659 2523 1893 2555 FRATRUM

351 2625 650 2668 Prouincialis
679 2625 731 2668 P.
764 2626 1037 2670 Laurentius
1067 2625 1298 2669 inchoabit
1334 2624 1531 2668 officium
1555 2618 1699 2666 'suum
1729 2636 1895 2679 gerere>

264 2710 504 2760 postquam
527 2701 784 2746 discesserit
809 2705 861 2745 P.
888 2704 1119 2760 Lanoyus.

353 2782 404 2823 Ρ.
428 2778 663 2823 Emericus
685 2778 769 2823 erit
791 2787 939 2822 rector
961 2780 1158 2840 collegi-i,
1185 2780 1310 2836 quod
1337 2794 1505 2823 nomen
1533 2793 1624 2822 non
1656 2776 1892 2833 usurpabit

262 2863 506 2912 antequam
523 2856 727 2899 discedat
745 2856 796 2898 Ρ.
814 2857 1042 2911 Lanoyus;
1057 2856 1235 2901 interim
1252 2862 1404 2901 autem
1422 2870 1524 2898 cum
1544 2855 1688 2908 abest,
1702 2856 1754 2898 P.
1767 2854 1891 2897 Lau-

264 2933 437 2976 rentius
459 2934 544 2975 sub
567 2932 749 2976 nomine
770 2932 962 2975 ministri
985 2934 1120 2977 debet
1154 2947 1363 2989 magnam
1387 2939 1563 2988 partem
1588 2930 1724 2974 officii
1748 2936 1898 2973 recto—

339 3101 348 3122 ¹
400 3100 628 3146 Decretum,
647 3099 811 3144 scilicet,
831 3108 876 3144 54
894 3099 1210 3145 congregationis
1229 3098 1437 3135 secundae.
