2098 3470
298 263 367 300 442
774 257 927 295 erms
956 259 1199 296 HquoNYm
1228 260 1377 296 NADAL

201 354 204 358 ’
248 363 328 399 aut
356 357 497 401 maior
524 373 628 414 pars
656 373 828 414 eorum,
860 362 945 403 hoc
974 361 1202 405 dixerunt.
1237 362 1365 404 Haec
1387 361 1506 406 enim
1530 363 1761 407 excusatio
1794 380 1883 408 non

247 434 432 486 sufficit,
460 449 607 490 neque
635 437 914 481 conueniens
943 445 1013 481 est
1041 437 1098 491 ei,
1130 438 1207 493 qui
1235 453 1291 481 ex
1319 438 1469 495 seipso
1497 440 1555 482 de
1583 440 1719 484 rebus
1746 441 1884 486 debet

246 511 505 563 decernere,
531 520 577 556 et
598 527 653 556 ex
677 528 767 569 quo
789 529 878 557 vno
901 516 1067 570 pendet
1089 515 1370 560 deliberatio.
1403 514 1562 559 Potius
1591 516 1712 560 enim
1743 518 1880 574 trepi-

244 588 351 630 dare
372 589 460 631 hoc
482 588 660 632 videtur
681 605 795 643 esse,
821 592 896 633 vbi
921 592 1235 648 trepidandum
1260 607 1350 636 non
1373 600 1456 646 est;
1482 593 1573 636 imo
1594 608 1703 637 vero
1719 595 1883 637 huius-

243 665 363 707 modi
395 666 709 712 excusationes
737 667 782 710 in
810 683 947 712 causa
975 683 1074 712 esse
1102 678 1308 725 possunt,
1341 676 1390 712 vt
1416 670 1635 726 superior,
1668 685 1760 714 non
1789 678 1879 714 tam

243 742 487 798 diligenter
524 757 658 798 quam
697 745 904 796 deberet,
946 746 1277 788 animaduertat
1315 746 1423 801 quid
1466 754 1595 803 agat,
1641 754 1879 803 propterea

243 820 366 874 quod
389 820 618 876 refugium
641 820 725 864 sibi
748 822 995 865 constituat
1018 823 1072 864 ad
1098 822 1358 866 huiusmodi
1381 823 1714 868 excusationes.

331 897 394 939 Vt
417 896 557 939 maior
579 897 762 942 libertas
783 899 1119 942 consultoribus
1142 899 1422 955 relinquatur
1439 900 1618 943 dicendi
1636 902 1760 956 quod
1777 916 1880 945 sen-

241 972 361 1016 tiunt
393 974 485 1030 (qui
518 974 685 1030 alioqui
723 976 895 1019 moueri
935 983 1120 1031 possent
1157 977 1214 1018 ad
1251 991 1386 1019 vnam
1424 977 1694 1021 sententiam
1732 978 1884 1034 magis

242 1064 377 1105 quam
401 1052 458 1094 ad
480 1052 684 1104 alteram,
710 1052 747 1095 si
770 1052 1014 1108 superioris
1038 1052 1254 1095 iudicium
1278 1061 1385 1097 ante
1414 1054 1721 1110 intelligerent
1749 1070 1802 1099 ea
1832 1055 1878 1097 in

241 1143 306 1180 re,
337 1142 473 1184 quam
502 1129 744 1185 proponit),
780 1131 836 1172 ad
868 1129 1082 1172 maiorem
1111 1130 1245 1173 etiam
1268 1130 1605 1183 deliberationis
1634 1131 1875 1187 perfectio—

239 1220 361 1258 nem,
385 1206 522 1250 debet
543 1206 749 1262 superior
770 1207 831 1259 id,
857 1208 979 1262 quod
1001 1206 1047 1249 in
1069 1207 1440 1251 deliberationem
1464 1208 1664 1260 adducit,
1687 1208 1742 1253 191
1766 1208 1876 1251 sim-

238 1281 417 1338 pliciter
434 1297 702 1339 proponere,
723 1284 845 1327 nulla
864 1285 968 1327 data
986 1283 1335 1340 significatione,
1351 1285 1472 1340 quod
1491 1285 1638 1341 magis
1654 1285 1701 1327 in
1722 1300 1874 1338 vnam,

239 1373 374 1414 quarn
398 1359 445 1402 in
467 1360 652 1403 alteram
676 1367 866 1416 partem,
893 1360 1082 1404 feratur.
1109 1362 1247 1416 Quod
1269 1360 1306 1404 si
1329 1375 1445 1416 quae
1468 1369 1716 1405 occurrunt
1743 1376 1797 1405 ea
1829 1362 1875 1406 in

238 1451 287 1479 re
322 1436 616 1482 difficultates
651 1437 862 1493 explicet,
901 1446 946 1481 et
983 1437 1180 1480 rationes
1217 1437 1391 1493 aliquas
1426 1439 1603 1491 afferat,
1643 1439 1735 1482 sint
1770 1439 1874 1483 illae

238 1513 477 1566 eiusmodi,
504 1529 621 1570 quae
642 1514 956 1558 difficultatem
983 1515 1295 1557 tantummodo
1317 1515 1564 1567 declarent,
1589 1529 1738 1570 neque
1759 1529 1874 1558 vnas

240 1605 376 1647 quam
415 1591 525 1634 alias
561 1591 877 1635 vehementius
915 1592 1192 1635 corroboret:
1234 1591 1431 1647 denique
1469 1591 1591 1634 dicat
1619 1606 1669 1636 se
1697 1607 1789 1636 non
1821 1592 1878 1635 ad

238 1683 374 1712 vnam
397 1668 546 1725 magis
563 1683 698 1724 quam
722 1669 907 1711 alteram
926 1675 1098 1724 partem
1121 1669 1270 1711 adhuc
1287 1667 1522 1721 inclinare,
1542 1675 1591 1711 vt
1614 1683 1705 1712 non
1721 1669 1872 1721 debet,

239 1759 332 1789 non
354 1745 521 1789 auditis
543 1744 895 1800 consultoribus,
921 1752 966 1788 et
989 1746 1229 1788 admoneat
1251 1744 1383 1796 serio,
1406 1752 1453 1787 vt
1469 1745 1610 1788 libere
1627 1746 1749 1800 quod
1765 1745 1881 1801 ipsis

238 1822 425 1867 videtur
446 1822 702 1867 enuntient.

327 1900 518 1956 Poterit,
544 1907 590 1944 et
611 1900 852 1956 aliquando
874 1900 1074 1954 debebit,
1094 1900 1298 1956 superior
1320 1915 1410 1943 non
1433 1899 1640 1952 definire,
1661 1914 1877 1956 praesen-

235 1978 358 2022 tibus
380 1977 730 2031 consultoribus;
756 1978 801 2020 id
823 1993 932 2022 vero
956 1978 1107 2030 faciet,
1133 1985 1211 2021 aut
1231 1986 1281 2020 vt
1302 1985 1483 2034 tempus
1505 1978 1590 2020 sibi
1612 1985 1761 2021 sumat
1778 1978 1880 2020 lon·

234 2056 339 2113 gius
360 2056 417 2098 ad
438 2055 750 2112 cogitandum,
776 2062 854 2097 aut
877 2055 981 2110 quia
1004 2054 1165 2099 melius
1185 2055 1249 2097 illi
1271 2054 1332 2098 ita
1355 2054 1562 2098 videatur
1582 2062 1767 2110 propter
1788 2054 1874 2097 ali-

234 2147 369 2188 quam
393 2147 595 2176 causam:
621 2131 740 2175 dicet
763 2139 914 2175 autem
937 2139 1096 2188 postea
1118 2132 1226 2187 quid
1249 2131 1295 2174 in
1316 2146 1370 2174 ea
1392 2146 1441 2174 re
1464 2132 1695 2188 agendum
1717 2131 1793 2176 sit.

323 2209 566 2254 Ordinaria
586 2208 851 2254 consulendi
874 2208 986 2251 ratio
1009 2208 1110 2261 erit,
1135 2215 1184 2250 vt
1205 2209 1487 2252 consultores
1509 2217 1869 2264 congregentur,

235 2294 280 2331 et
305 2287 459 2330 dicant
476 2286 584 2343 quid
606 2285 825 2338 sentiunt,
851 2286 1115 2342 possintque
1138 2285 1255 2329 inter
1277 2300 1325 2329 se
1347 2286 1404 2328 de
1421 2300 1470 2329 re
1486 2284 1719 2341 proposita
1736 2299 1879 2341 agere

236 2378 289 2407 ac
303 2364 558 2420 disceptare
573 2363 631 2406 ad
641 2362 854 2406 maiorem
871 2363 1119 2406 claritatem
1135 2377 1239 2406 cum
1257 2362 1381 2405 omni
1400 2361 1474 2406 192
1488 2362 1707 2405 modestia
1721 2368 1768 2405 et
1783 2363 1874 2404 hu—

235 2423 440 2494 militate,
466 2455 658 2496 quorum
681 2439 815 2482 dictis
838 2439 1019 2492 auditis,
1045 2439 1231 2496 colligat
1252 2438 1456 2496 superior
1478 2453 1612 2482 suum
1634 2438 1868 2482 iudicium:

234 2517 400 2574 poterit
429 2517 564 2561 etiam
595 2516 816 2573 superior,
842 2530 945 2558 eum
975 2516 1016 2559 ei
1046 2516 1274 2581 videbitur
1301 2516 1364 2559 ita
1392 2515 1624 2571 expedire,
1658 2522 1814 2571 petere
1843 2530 1869 2558 a

231 2595 426 2652 singulis
455 2609 660 2639 seorsum
688 2608 815 2637 suam
845 2593 1140 2647 sententiam,
1171 2595 1344 2650 absque
1373 2593 1462 2636 vlla
1491 2592 1866 2649 congregatione.

323 2671 542 2729 Superior
573 2671 894 2714 authoritatem
932 2685 1060 2713 suam
1100 2684 1152 2714 ac
1189 2669 1444 2714 decentiam
1483 2669 1679 2713 retinere
1715 2670 1871 2722 debet,

233 2764 338 2793 cum
377 2749 501 2792 omni
537 2748 806 2800 humilitate,
846 2747 1132 2803 simplicitate
1168 2754 1213 2790 et
1250 2747 1485 2799 modestia,
1519 2754 1567 2788 vt
1602 2759 1779 2802 semper
1810 2746 1871 2788 ita

233 2827 474 2884 praecipue
490 2826 537 2869 in
554 2825 982 2878 consultationibus,
1004 2839 1152 2879 neque
1169 2824 1215 2866 in
1233 2823 1607 2885 disceptationem
1622 2830 1701 2866 aut
1717 2822 1872 2879 dispu—

232 2903 451 2948 tationem
473 2903 571 2960 ipse
593 2917 698 2945 cum
720 2901 1058 2945 consultoribus
1079 2901 1246 2945 veniat:
1274 2901 1350 2956 qui
1373 2899 1586 2956 quoniam
1607 2899 1653 2942 in
1675 2898 1867 2943 dicenda

230 2980 456 3024 sententia
478 2987 523 3023 et
545 2977 874 3035 disceptatione
896 2986 1002 3020 sunt
1024 2977 1169 3030 liberi,
1195 2977 1292 3022 fieri
1320 2984 1488 3033 posset,
1519 2983 1569 3018 vt
1598 2990 1732 3020 secus
1763 2990 1867 3019 cum

230 3057 462 3113 superiore
500 3063 707 3113 agerent,
747 3070 883 3111 quam
921 3056 1120 3100 deceret.
1160 3056 1332 3111 Itaque,
1374 3054 1412 3098 si
1448 3054 1556 3110 quid
1589 3053 1630 3098 ei
1662 3053 1870 3097 videatur

2090 614 2098 661 f
