2098 3470
345 241 428 287 876>
848 246 853 269 ἐ
920 243 1060 280 Eius-r.
1089 244 1132 280 Ρ.
1160 244 1313 281 NADAL

389 344 510 388 Inter
532 342 840 401 navigandum
864 344 994 389 iussit
1018 347 1072 389 R.
1101 347 1152 388 P.
1181 345 1371 398 Natalis,
1397 346 1474 401 qui
1497 355 1592 390 erat
1615 348 1707 390 dux
1728 355 1772 391 et
1796 362 1932 405 supe—

298 420 406 474 rior,
435 420 558 463 Patri
581 427 754 473 nostr0,
782 428 831 465 ut
853 421 898 464 in
921 422 1066 466 tribus
1089 422 1208 465 tonis
1231 423 1321 466 alta
1342 437 1455 467 voce
1477 424 1740 469 decantaret
1763 425 1934 481 passio-

301 512 405 541 nem
427 496 627 550 Domini,
655 505 705 540 ut
727 497 771 540 in
795 499 990 543 ecclesia
1013 499 1126 542 solet
1156 499 1269 552 fieri,
1301 501 1554 543 secundum
1571 503 1811 558 Joannem:
1843 516 1933 559 qua

300 575 445 627 finita,
478 574 594 617 dixit
629 577 765 620 Pater
793 583 961 620 noster:
1002 578 1127 633 «Jam
1151 576 1281 620 laetis
1303 576 1463 620 animis
1490 577 1736 622 cecinimus
1763 578 1930 623 Christi

300 652 556 708 passionem
581 652 638 695 ad
660 651 746 695 Dei
769 653 965 707 laudem;
992 653 1102 708 quid
1123 652 1161 696 si
1184 655 1310 710 Deus
1332 668 1430 697 eam
1462 655 1548 697 hac
1571 662 1662 697 tota
1692 664 1825 700 nocte
1852 670 1934 700 ex-

297 727 436 784 ·periri
460 727 595 771 etiam
619 728 918 786 permitteret?
940 731 1090 774 Credo
1113 729 1250 783 enim,
1281 730 1443 785 inquit,
1470 731 1591 785 quod
1618 731 1735 775 illam
1765 732 1934 776 sentie-

303 820 448 849 mus.»
475 807 564 849 Ista
586 820 697 862 ergo
719 813 856 851 nocte
877 808 1035 850 eadem
1066 814 1191 850 tanta
1222 814 1467 863 tempestas
1489 814 1587 851 orta
1610 807 1709 861 fuit,
1741 816 1791 852 ut
1817 809 1934 853 duae

301 883 416 926 istae
436 882 674 926 naviculae
696 883 754 926 ab
775 882 970 927 invicem
993 883 1163 927 fuerint
1190 890 1439 939 separatae,
1473 898 1590 939 quae
1613 885 1778 940 alioqui
1800 885 1935 929 simul

302 960 349 1002 in
372 959 572 1004 Siciliam
596 960 890 1004 deducendae
914 968 1057 1012 erant,
1083 975 1275 1015 quarum
1304 961 1350 1014 in
1373 962 1513 1005 altera
1541 969 1637 1005 erat
1666 962 1935 1006 secretarius

305 1037 490 1094 Ioannis
512 1037 568 1080 de
592 1038 740 1094 Vega,
765 1037 989 1094 viceregis
1009 1037 1207 1090 Siciliae,
1226 1038 1339 1081 adeo
1363 1044 1413 1081 ut
1435 1038 1551 1082 infra
1574 1038 1771 1082 triduum
1795 1039 1934 1083 altera

303 1129 394 1157 non
417 1113 616 1170 potuerit
637 1113 791 1158 videre
813 1115 1017 1158 alteram.
1045 1115 1123 1157 Illa
1144 1129 1270 1167 vero,
1295 1114 1341 1157 in
1364 1129 1453 1170 qua
1475 1116 1610 1158 Pater
1632 1123 1743 1168 erat,
1764 1116 1935 1173 appulit

300 1191 376 1235 die
399 1190 576 1234 sabbati
599 1191 807 1243 Schalae,
834 1206 924 1234 non
947 1191 1045 1235 sine
1067 1205 1236 1247 magno
1259 1191 1475 1247 periculo;
1501 1191 1792 1236 inveniebant
1813 1193 1933 1235 enim

302 1270 390 1312 sub
413 1268 518 1312 navi
550 1282 771 1325 magnum
795 1269 1000 1312 foramen
1023 1267 1323 1324 longitudinis
1345 1275 1391 1312 et
1413 1268 1662 1311 latitudinis
1686 1270 1777 1312 fere
1800 1269 1935 1313 unius

303 1345 451 1402 palmi.

392 1424 483 1466 Ista
504 1429 728 1465 nocturna
751 1421 984 1477 navigatio
1008 1421 1225 1464 continua
1247 1437 1327 1465 eos
1351 1437 1375 1465 a
1406 1429 1635 1465 turcarum
1668 1422 1816 1476 fustis,
1849 1422 1935 1465 ibi-

302 1501 403 1544 dem
423 1499 471 1542 in
493 1499 635 1542 antris
651 1506 836 1555 propter
858 1505 1171 1553 tempestatem
1195 1498 1492 1550 latitantibus,
1513 1499 1647 1543 etiarn
1666 1499 1750 1543 Dei
1769 1499 1935 1542 auxilio

302 1577 528 1629 liberavit;
549 1583 611 1628 et,
630 1575 668 1619 si
691 1575 736 1618 in
752 1576 892 1618 altum
907 1575 1111 1631 provecti
1130 1575 1337 1627 fuissent,
1355 1577 1477 1618 haud
1492 1575 1629 1619 dubie
1650 1590 1808 1620 omnes
1830 1578 1935 1620 sub-

301 1653 439 1697 mersi
463 1653 672 1706 fuissent;
693 1653 774 1697 sed
795 1651 1018 1695 Dominus
1037 1653 1165 1696 Deus
1181 1652 1385 1708 permisit
1407 1652 1538 1695 aliam
1557 1667 1736 1705 navem,
1758 1653 1934 1709 plenam

303 1731 396 1774 fere
419 1730 560 1783 laicis,
586 1730 631 1773 in
662 1730 803 1773 altum
831 1728 1011 1782 deduci,
1038 1731 1220 1773 Patrem
1249 1743 1357 1772 vero
1386 1742 1487 1772 cum
1518 1729 1616 1772 aliis
1638 1731 1806 1786 pascha
1827 1744 1932 1773 san-

302 1815 428 1850 ctum
450 1806 497 1849 in
521 1806 605 1849 ista
629 1806 812 1849 civitate
835 1806 1081 1858 celebrare,
1107 1820 1211 1848 cum
1236 1820 1402 1862 magna
1425 1806 1580 1862 populi
1604 1806 1935 1859 aedificatione,

303 1884 464 1940 partim
494 1883 783 1933 celebrando,
816 1882 977 1938 partim
1006 1882 1319 1926 confessiones
1350 1882 1577 1926 audiendo
1605 1884 1868 1936 multorum,
1893 1891 1940 1928 et

300 1961 438 2003 simul
454 1960 589 2005 etiam
607 1959 809 2003 omniurn
827 1965 1085 2011 nautarum,
1101 1958 1178 2015 qui
1196 1973 1352 2002 omnes
1370 1959 1769 2003 communicabant
1786 1959 1935 2004 etiam.

392 2038 510 2081 Cum
533 2050 641 2079 vero
669 2036 776 2080 inde
805 2036 1034 2080 solverent
1062 2050 1221 2079 versus
1250 2035 1406 2080 Sancti
1434 2037 1470 2079 F
1473 2035 1665 2080 rancisci
1693 2037 1750 2081 de
1779 2037 1936 2089 Paula,

300 2117 388 2157 hoc
411 2115 559 2157 facere
581 2113 726 2157 coacti
749 2120 872 2166 sunt,
905 2127 959 2157 eo
998 2113 1120 2167 quod
1142 2119 1188 2156 et
1210 2112 1376 2155 nostris
1405 2120 1450 2155 et
1471 2112 1581 2168 ipsis
1618 2113 1753 2156 etiam
1790 2113 1942 2157 nautis
1979 2138 1981 2140 ·

301 2192 494 2248 pecunia
527 2191 759 2243 deficeret,
786 2189 1080 2245 quantumvis
1118 2204 1241 2232 mare
1281 2190 1432 2232 adhuc
1461 2197 1581 2234 esset
1610 2190 1939 2242 turbulentum,

302 2270 425 2325 quod
446 2283 524 2312 eos
547 2275 727 2325 praeter
748 2282 874 2324 spem
898 2266 1069 2309 diutius
1092 2281 1118 2309 a
1147 2281 1283 2310 cursu
1307 2274 1582 2310 remoratum
1606 2274 1761 2312 erat...

389 2346 506 2390 Cum
530 2352 682 2389 autem
705 2343 1021 2401 pervenissent
1039 2344 1087 2388 S,
1109 2343 1402 2387 Franciscum
1419 2344 1476 2387 de
1498 2344 1656 2396 Paula,
1677 2343 1739 2386 ibi
1757 2345 1940 2388 demum

299 2423 513 2467 viderunt
543 2423 732 2467 alteram
770 2435 932 2464 navem
969 2420 1148 2464 eminus
1170 2420 1230 2475 in,
1249 2421 1339 2463 alto
1362 2420 1488 2463 mari.
1530 2422 1671 2464 Erant
1700 2428 1796 2464 tum
1817 2420 1943 2464 exesi

294 2505 476 2553 bmnes,
509 2508 646 2555 atque
674 2499 788 2543 adeo
815 2497 901 2554 ipsi
930 2512 1114 2553 quoque
1141 2504 1323 2549 nautae,
1364 2496 1624 2552 ibidemque
1661 2497 1803 2541 coacti
1835 2505 1943 2541 sunt

301 2592 484 2622 manere
506 2583 690 2633 propter
705 2575 848 2618 ’maris
870 2574 1184 2630 intemperiem
1207 2589 1287 2630 per
1315 2573 1487 2629 aliquot
1509 2574 1621 2617 dies.
1650 2575 1715 2617 Eo
1740 2582 1944 2631 tempore
1992 2572 1995 2574 ’

301 2654 440 2710 aliqui
463 2654 690 2698 faciebant
711 2667 794 2696 sua
816 2666 959 2705 sacra3
987 2653 1124 2696 Pater
1146 2651 1358 2695 Andreas
1374 2650 1564 2694 Frusius
1587 2651 1944 2694 concionabatur

300 2733 348 2775 in
370 2732 567 2788 quadam
591 2730 798 2782 ecclesia;
825 2728 963 2784 aliqui
986 2742 1095 2772 vero
1112 2729 1275 2772 fratres
1297 2727 1343 2769 in
1366 2727 1542 2783 plateis,
1568 2741 1761 2784 quorum
1778 2741 1945 2772 sermo·

301 2809 436 2852 nibus
473 2808 671 2865 populus
706 2805 952 2863 plurimum
992 2790 1077 2847 fuit
1113 2803 1401 2856 aedificatus,
1442 2804 1557 2847 adeo
1586 2811 1636 2846 ut
1667 2803 1846 2860 ipsimet
1863 2818 1944 2860 pro

301 2885 471 2929 nostris
494 2883 693 2929 ostiatim
720 2884 1033 2938 eleemosynas
1070 2872 1293 2938 peterent,
1323 2887 1368 2924 et
1401 2880 1488 2924 illis
1509 2881 1556 2923 in
1594 2880 1840 2937 hospitium
1862 2881 1943 2924 de-

302 2969 535 3020 portarent
564 2975 746 3018 panem,
777 2959 951 3018 vinum,
977 2973 1178 3012 caseum,
1209 2972 1312 3011 ova,
1348 2965 1458 3010 etc.,
1491 2971 1608 3012 quae
1637 2957 1787 3001 omnia
1809 2959 1945 3002 Pater

300 3047 456 3084 noster
478 3038 782 3083 custodiebat.
