2098 3470
799 223 1240 269 summanum-25
1719 223 1790 270 825

202 330 410 387 mperes?
429 329 552 372 Num
574 325 825 384 ignominia
846 326 916 370 est
937 332 957 350 ²
972 324 1204 367 hominem
1222 339 1322 368 esse
1339 325 1599 381 hispanum?
1618 326 1691 369 An
1715 327 1838 382 quod

201 395 422 462 hispanus
443 404 503 448 sit
521 410 568 448 et
589 401 728 447 latine
750 400 1128 446 nesciat?-Nihil
1151 402 1331 454 horum;
1356 402 1436 445 sed
1459 409 1608 454 caute,
1639 402 1832 458 inquies,

198 496 309 540 ago3
335 482 451 525 viam
474 479 666 537 expedio
686 478 743 522 ad
765 477 1056 522 iniiciendam
1078 478 1137 520 de
1154 477 1231 520 illo
1247 477 1567 534 suspicionem,
1588 479 1666 535 qui
1682 478 1834 536 hispa-

192 570 290 603 vnus
301 557 386 611 sit,
410 564 457 602 et
477 556 576 601 sine
597 555 756 608 literis,
781 562 828 598 et
849 555 908 598 de
928 554 1067 598 rebus
1088 553 1402 611 spiritualibus
1425 555 1608 610 scribat,
1633 566 1682 598 vt
1706 556 1836 599 facile

198 634 410 680 videatur
429 650 456 679 e
477 647 668 678 numero
690 632 831 677 fuisse
853 631 1299 675 derelictorum—12
1326 631 1451 686 Quid
1479 631 1641 688 igitur?
1669 633 1835 676 Nullus

196 726 303 757 esse
329 718 476 768 potest
504 710 740 767 hispanus,
771 707 849 764 qui
878 698 1017 751 latine
1045 706 1235 759 nesciat,
1266 715 1312 751 et
1340 709 1396 751 de
1425 709 1561 752 rebus
1590 709 1834 765 spirituali-

199 788 287 833 bus
306 788 379 832 vel
400 788 628 843 loquatur,
652 786 725 830 vel
749 785 932 838 scribat,
964 784 1040 841 qui
1063 784 1110 827 in
1139 783 1442 840 suspicionem
1472 787 1712 831 haereseos
1741 801 1832 831 non

198 857 421 908 incurrat?
442 863 567 920 Quid
589 863 626 906 si
648 863 819 907 habeas
841 869 890 905 tu
912 863 1132 905 deuotum
1156 860 1237 903 tibi
1260 861 1506 914 hominem,
1528 863 1604 918 qui
1623 863 1832 919 spiritum

195 941 273 986 X.¹'
293 941 511 994 hauserit,
537 948 582 985 et
605 939 687 983 tibi
708 954 825 996 quae
853 938 1084 996 scripserit
1112 939 1340 982 censenda
1374 940 1534 991 tradat,
1567 947 1616 982 tu
1648 942 1832 996 probes,

194 1018 407 1064 censebis
435 1019 561 1061 hunc
588 1016 819 1060 hominem
842 1017 1084 1060 haereseos
1106 1015 1331 1059 sustinere
1359 1015 1679 1072 suspicionem,
1711 1018 1833 1073 quod

194 1095 430 1153 hispanus,
449 1095 571 1151 quod
587 1094 687 1139 sine
702 1093 860 1145 literis,
879 1093 1002 1149 quod
1012 1094 1070 1137 de
1082 1092 1241 1149 spiritu
1254 1092 1669 1149 scripseritP—Non
1687 1096 1827 1145 hunc,

196 1172 279 1227 sed
305 1171 530 1229 Ignatium
568 1170 953 1215 censeo.-—Hem!
994 1169 1014 1195 b
1049 1169 1178 1213 vides
1215 1184 1306 1225 quo
1343 1178 1388 1214 te
1424 1170 1658 1226 dejeceris:
1699 1171 1831 1214 cuius

192 1249 388 1293 ecclesia
416 1249 580 1305 probat
608 1247 792 1304 scripta,
817 1246 1010 1303 hispani,
1035 1245 1222 1299 idiotae,
1246 1261 1351 1290 eum
1375 1254 1425 1289 tu
1456 1247 1501 1289 in
1524 1247 1828 1303 suspicionem

193 1339 350 1379 vocas3
375 1325 452 1381 qui
475 1332 556 1368 tuo
576 1324 795 1381 suffragio
816 1332 939 1368 recte
961 1323 1157 1381 scripsit,
1183 1339 1286 1368 eum
1317 1324 1500 1369 liberas.
1527 1325 1628 1367 Hoc
1651 1325 1736 1367 nisi
1758 1334 1827 1368 est

193 1402 401 1460 spiritum
419 1403 588 1446 habere
605 1401 801 1445 alienum
824 1402 882 1444 ab
906 1401 1100 1457 primatu
1127 1400 1265 1453 Petri,
1290 1401 1404 1443 nihil
1426 1410 1511 1454 est;
1534 1416 1682 1456 neque
1705 1401 1827 1445 aliud

189 1480 316 1537 quod
337 1479 523 1536 propius
544 1479 731 1522 accedat
753 1479 810 1521 ad
831 1477 1137 1535 suspicionem
1161 1479 1418 1522 haereseos.
1710 1477 1713 1479 ’

281 1558 346 1601 At
364 1556 507 1618 dices:
530 1569 619 1612 ego
641 1541 959 1599 necessarium¹
975 1563 1299 1612 argumentum
1328 1570 1422 1598 non
1453 1556 1649 1599 adduco:
1682 1557 1801 1598 vnde
1816 1583 1826 1586 <

187 1647 387 1689 cumque
415 1633 588 1676 adorno
614 1646 817 1685 eausam,
847 1646 984 1687 quam
1012 1632 1422 1688 suscepi.—Audi,
1454 1634 1644 1677 obsecro
1675 1641 1719 1676 te
1749 1648 1828 1688 per

190 1711 357 1755 Iesum.
381 1709 432 1755 Si
454 1709 570 1753 ratio
592 1709 678 1753 ista
700 1717 823 1753 certa
845 1724 936 1752 non
959 1717 1045 1761 est,
1071 1724 1228 1766 quare,
1255 1710 1394 1754 frater
1412 1709 1488 1762 mi,
1508 1710 1689 1765 quaeris
1708 1711 1827 1752 vnde

191 1801 278 1832 nec
300 1786 383 1831 tibi
405 1801 621 1845 apparere
642 1801 834 1843 syncera
856 1787 1024 1831 veritas
1046 1787 1188 1843 possit
1210 1802 1295 1832 nec
1318 1787 1436 1830 aliis?
1467 1787 1509 1831 13
1538 1789 1725 1843 Quanto
1755 1802 1827 1831 res

185 1871 287 1909 erat
308 1864 583 1908 candidioris
609 1863 747 1907 animi
778 1871 825 1908 et
857 1864 1004 1921 magis
1035 1864 1203 1921 xpiani.
1240 1866 1406 1908 bonam
1440 1866 1666 1908 adducere
1700 1864 1825 1908 fratri

186 1949 268 1986 tuo
299 1941 578 1999 opinionem,
612 1950 659 1985 et
691 1940 806 1984 nihil
838 1955 924 1986 nec
957 1941 1037 1984 tibi
1070 1956 1156 1985 nec
1188 1942 1288 1986 aliis
1315 1943 1544 1985 obducere
1577 1943 1635 1984 ob
1668 1942 1825 1984 oculos

183 2017 351 2064 mentis
366 2018 692 2075 impedimenti,
713 2025 990 2075 quapropter
1012 2026 1062 2061 tu
1078 2019 1136 2062 de
1159 2020 1295 2062 rebus
1310 2019 1511 2062 iudicare
1530 2018 1714 2062 liberius
1732 2033 1821 2061 non

182 2095 329 2152 possis
345 2109 430 2139 nec
446 2095 617 2139 verius.
635 2096 792 2151 Quare
814 2109 906 2138 non
929 2095 1134 2150 sequeris
1157 2096 1360 2152 regulam
1385 2097 1626 2151 quamdam
1650 2095 1823 2139 exerci-

182 2171 367 2226 tiorum,
392 2187 528 2229 quam
553 2171 718 2215 videris
739 2174 952 2229 probare?
973 2180 1061 2216 etc.

271 2250 363 2295 Sed
384 2249 621 2293 videamus
643 2263 766 2292 nunc
789 2248 898 2306 quid
930 2249 1072 2312 dicas.
1102 2250 1232 2294 «Fuit
1268 2250 1475 2307 Ignatius
1511 2250 1732 2305 hispanus
1761 2252 1817 2300 ¹»,

178 2325 311 2383 quasi
333 2341 440 2370 vere
461 2333 479 2352 ⁰
499 2340 591 2369 non
613 2325 687 2369 sit.
715 2327 778 2369 At
799 2325 862 2370 ita
881 2326 1031 2382 potius
1054 2327 1299 2371 dicendum
1319 2327 1399 2370 tibi
1419 2336 1534 2371 erat:
1559 2328 1666 2369 «Est
1686 2328 1818 2382 Igna—

175 2402 270 2447 tius
286 2403 524 2460 hispanus,
546 2418 572 2448 e
587 2403 731 2460 prima
748 2403 985 2449 nobilitate
1009 2403 1152 2447 totius
1175 2405 1438 2461 prouinciae
1461 2404 1772 2460 hipuscuanae
1801 2402 1820 2428 d

143 2525 146 2527 .
175 2480 226 2524 in
241 2480 503 2533 Cantabria,
527 2479 573 2524 in
589 2495 679 2537 qua
694 2480 936 2537 prouincia
951 2481 1066 2524 adeo
1083 2481 1440 2526 incontaminata
1458 2481 1570 2523 fides
1589 2479 1818 2523 catholica

246 2626 267 2644 ²
313 2615 495 2654 obscure
523 2622 740 2653 exaratum.
793 2619 867 2646 —b
892 2617 969 2653 Vix
992 2605 1080 2664 ¹legi
1112 2624 1244 2665 potest
1274 2619 1368 2653 haec
1400 2618 1609 2664 particula,
1641 2629 1688 2652 eo
1714 2617 1817 2664 quod

171 2675 308 2712 charta
323 2681 554 2723 consumpta
570 2675 704 2712 fuerit.
755 2697 785 2703 —
803 2686 820 2705 0
846 2677 933 2713 Non
951 2678 1055 2713 clare
1080 2683 1188 2724 patet
1216 2689 1265 2713 an
1284 2689 1375 2713 vere
1399 2683 1465 2712 aut
1490 2688 1583 2712 vero
1607 2676 1817 2722 legendum

172 2733 243 2771 tit.
295 2755 322 2760 -
342 2735 363 2762 d
387 2733 468 2771 Sic.

246 2855 258 2876 ¹
308 2853 367 2889 En
385 2853 590 2890 Pedrochii
607 2855 742 2890 verba:
763 2855 938 2890 «Acerca
954 2854 1067 2890 desta
1086 2856 1182 2890 letra
1202 2866 1244 2890 se
1272 2856 1320 2890 ha
1344 2855 1393 2889 de
1419 2860 1544 2896 notar,
1562 2865 1589 2900 y
1607 2852 1813 2900 ponderat,

169 2923 252 2960 que
269 2916 355 2948 este
373 2912 549 2959 Ignacio,
566 2915 591 2948 ό
608 2912 722 2959 Ifiigo
738 2912 789 2948 de
809 2913 956 2960 Loyola
976 2913 1041 2948 fue
1068 2915 1243 2960 espaf101‚
1262 2926 1289 2961 y
1308 2914 1372 2949 fue
1396 2913 1444 2948 de
1464 2919 1528 2948 tan
1547 2923 1662 2959 pocas
1680 2913 1813 2953 lenas,

174 2982 253 3019 que
281 2982 334 3007 no
362 2983 475 3019 supo,
506 2972 547 3008 ni
576 2971 643 3008 fue
672 2973 853 3009 bastante
884 2984 976 3019 para
1004 2973 1169 3008 escrivir
1198 2978 1305 3010 estos
1337 2972 1551 3008 exercicios
1573 2983 1622 3006 en
1647 2972 1813 3006 latin...»

170 3026 268 3068 Loc.
284 3030 371 3076 cit„
389 3042 478 3078 pag.
499 3039 674 3077 504·5o5.
