2098 3470
294 303 365 351 340
767 305 922 342 PArms
947 305 1191 341 HJERONYMI
1217 305 1368 341 NADAL

725 462 787 492 DE
820 462 1120 493 RECEPTIONE
1153 462 1401 493 HOSPITUM

341 560 534 605 Videtur
571 562 848 615 consultum,
889 576 947 604 ne
985 561 1309 618 suscipiantur,
1349 561 1475 604 iuxta
1511 561 1882 616 constitutiones;

249 644 347 680 esto
372 645 523 680 tamen
545 638 710 682 rectori
738 639 945 691 facultas,
982 645 1032 680 ut
1062 638 1106 680 in
1139 637 1400 690 Germania,
1441 637 1479 680 si
1515 637 1617 693 quis
1652 637 1886 682 videbiturv

247 729 380 771 posse
404 714 551 757 iuuari
573 729 626 758 ea
647 714 886 767 industria,
913 722 962 758 ut
986 714 1161 771 possint
1184 729 1287 758 eum
1310 715 1367 758 ad
1388 730 1591 760 mensam
1616 729 1797 759 uocare.

336 792 493 844 Curet,
522 798 570 834 ut
593 791 640 834 in
662 791 948 848 simplicitate
972 791 1136 835 mentis
1160 790 1302 834 nostri
1323 791 1572 844 ambulent,
1597 798 1643 836 et
1665 791 1727 835 nil
1748 807 1878 848 pror-

247 882 325 911 sus
347 867 463 911 inter
486 867 611 924 ipsos
633 867 805 912 dissidii
821 868 1069 925 permittat.

335 945 562 988 Hortandi
584 952 692 988 sunt
714 946 944 990 auditores
966 944 1126 998 nostri,
1148 952 1197 987 ut
1214 945 1418 989 modeste
1441 952 1487 988 et
1510 945 1716 990 studiose
1737 953 1878 1000 agant

245 1021 292 1064 in
321 1021 531 1065 domibus
560 1028 605 1064 et
633 1021 855 1065 cubiculis
887 1022 998 1074 suis,
1040 1028 1085 1064 et
1119 1022 1450 1064 consulendum
1482 1021 1700 1075 suauiter,
1726 1029 1776 1065 ut
1797 1037 1878 1066 ve-

244 1098 328 1141 lint
350 1098 545 1154 aliquam
576 1099 694 1143 inter
725 1114 826 1143 sese
855 1099 1091 1142 instituere
1120 1098 1402 1155 disciplinam
1439 1099 1748 1152 domesticam,
1789 1114 1884 1155 quo-

246 1182 451 1232 tempore
472 1175 622 1220 absint
644 1191 669 1219 a
699 1176 849 1229 scolis;
876 1177 955 1219 sed
983 1177 1040 1219 de
1069 1177 1156 1218 hac
1183 1187 1231 1218 re
1262 1175 1325 1217 nil
1353 1175 1630 1232 exigendum
1659 1177 1715 1218 ab
1749 1175 1874 1232 ipsis,

244 1253 326 1297 sed
351 1260 527 1296 tantum
551 1267 634 1296 sua
655 1253 891 1296 voluntate
914 1260 959 1297 et
981 1252 1139 1296 libenti
1161 1252 1311 1296 animo
1333 1254 1420 1294 hoc
1444 1251 1626 1296 faciant.

331 1331 401 1374 Ne
424 1329 705 1386 accipiantur
725 1329 951 1373 scolastici
981 1329 1140 1383 nostri,
1165 1330 1338 1384 absque
1360 1330 1597 1373 uoluntate
1618 1335 1877 1385 parentum,

242 1407 299 1450 ad
321 1406 616 1460 Societatem,
640 1414 686 1451 et
703 1407 746 1451 ‘si
769 1422 884 1463 quae
907 1406 964 1449 sit
987 1406 1124 1449 huius
1146 1406 1210 1449 rei
1233 1405 1435 1450 adhibita
1463 1405 1730 1458 moderatio,
1762 1405 1875 1450 reci-

243 1483 394 1540 pietur
416 1498 442 1526 a
463 1483 747 1540 prouinciali.

330 1561 477 1617 Legat
496 1550 666 1606 'rector
701 1561 944 1618 diligenter
981 1560 1321 1614 annotationes,
1361 1575 1474 1616 quas
1518 1560 1702 1620 reliquit
1740 1561 1878 1603 Pater

241 1637 465 1697 N[atalis],
492 1646 538 1682 et
559 1654 615 1682 ex
637 1637 724 1681 illis
746 1638 1076 1682 animaduertat
1094 1653 1178 1680 suo
1201 1636 1376 1694 iuditio,
1398 1637 1474 1693 qui
1491 1637 1634 1693 possit
1653 1636 1756 1680 usui
1777 1651 1881 1682 esse

241 1729 324 1758 suo
345 1715 558 1772 collegio,
584 1723 629 1760 et
651 1715 762 1759 illud
779 1722 1046 1770 exequatur,
1067 1722 1112 1757 et
1130 1714 1299 1758 scribat
1320 1715 1376 1757 ad
1397 1716 1578 1758 Patrem
1595 1714 1879 1770 generalem„

241 1807 358 1848 quae
379 1792 752 1837 animaduerterit
773 1800 819 1835 et
842 1791 1111 1836 obseruarit.
1423 1798 1425 1800 '

331 1869 520 1913 Bibatur
556 1869 781 1913 ordinarie
819 1869 1011 1914 ceruisia
1048 1870 1105 1912 ab
1143 1869 1354 1912 omnibus
1393 1868 1657 1924 aequaliter,
1698 1866 1784 1910 nisi
1820 1882 1878 1911 ex

241 1946 428 1990 consilio
451 1946 613 1990 medici
635 1947 691 1990 de
713 1949 798 1990 hac
821 1962 868 1990 re
891 1947 1095 1990 conferet
1118 1960 1224 1988 cum
1247 1944 1600 1998 consultoribus,
1632 1953 1677 1988 et
1699 1943 1875 1988 consti·

242 2030 339 2067 tuet
362 2024 527 2079 quibus
549 2023 709 2068 diebus
739 2023 824 2066 erit
853 2023 1101 2066 bibendum
1130 2022 1286 2064 vinum
1315 2029 1360 2066 et
1393 2021 1559 2077 quibus
1588 2019 1797 2073 ceruisia,
1831 2027 1879 2063 et

242 2100 422 2145 uidetur
444 2101 720 2154 consultum,
745 2115 803 2144 ne
825 2102 911 2143 hoc
934 2100 1174 2144 inchoetur
1197 2101 1283 2142 hac
1306 2099 1470 2144 hieme.
