2098 3470
321 226 392 271 764
904 231 1040 267 Eprsr.
1070 232 1112 269 P.
1142 231 1290 267 NADAL

1078 370 1118 411 9

720 451 773 495 P.
811 452 1163 495 HIERONYMI
1197 453 1468 496 NATALIS

469 536 745 574 APOLOGIA
774 539 1089 575 HISPALENSI
1118 539 1542 578 ARCH1EP18COPO
1571 529 1716 577 DATA

617 623 906 661 COMPLUTO,
939 625 1101 651 MENSE
1132 625 1354 654 ocrossai
1390 620 1494 662 1561
1533 618 1558 653 ¹.

1047 703 1144 758 jhs.

362 796 483 837 Dare
507 799 642 849 racon
666 795 955 840 brevemente
978 800 1003 838 a
1026 797 1082 838 V.
1110 797 1157 840 S.
1187 796 1327 838 Illma.
1362 811 1449 839 con
1476 798 1517 840 la
1539 797 1692 854 gracia
1715 799 1771 843 de
1803 799 1914 842 Dios

272 872 329 914 N.
356 871 449 915 S.⁰¹‘
464 872 520 915 de
541 872 587 914 10
612 886 700 928 (106
723 887 771 917 36
793 872 928 930 [bico]
951 881 969 897 ὃ
990 887 1046 915 en
1069 873 1111 914 la
1129 871 1202 915 ida
1220 873 1291 917 del
1315 875 1363 916 P.
1387 874 1628 916 Francisco
1646 878 1670 917 a
1689 876 1848 918 Roma.

361 948 574 1003 Supimos
591 963 650 992 en
668 950 809 993 Roma
825 950 897 992 del
914 949 1029 991 libro
1049 963 1136 1004 que
1155 953 1254 992 avia
1272 950 1510 1005 prohibido
1528 951 1569 995 el
1591 958 1721 994 santo
1743 952 1910 1004 officio,

271 1025 313 1066 el
337 1026 441 1080 qual
465 1024 581 1067 libro
605 1040 664 1068 no
687 1030 904 1080 contento
927 1025 972 1067 ni
997 1030 1021 1068 a
1044 1029 1102 1067 mi
1127 1026 1172 1067 ni
1195 1027 1235 1068 al
1262 1027 1406 1069 Padre
1424 1028 1627 1082 general,
1648 1042 1676 1082 y
1695 1034 1914 1071 tratamos

272 1103 329 1146 de
348 1102 530 1155 hacerle
547 1101 703 1155 latino,
725 1117 855 1145 como
874 1118 955 1146 nos
972 1102 1244 1146 escrivieron
1267 1118 1356 1159 que
1378 1105 1435 1147 V.
1463 1104 1509 1148 S.
1539 1105 1592 1147 R.
1620 1119 1677 1147 no
1699 1104 1911 1161 impedia,

270 1194 299 1235 y
322 1179 481 1222 mudar
502 1179 697 1235 algunos
719 1180 877 1222 modos
900 1181 956 1222 de
979 1180 1139 1222 hablar
1161 1194 1249 1236 que
1273 1181 1313 1223 61
1339 1183 1390 1223 P.
1417 1182 1451 1223 F
1456 1180 1661 1224 rancisco
1686 1185 1807 1226 tenia
1829 1196 1908 1225 an-

271 1264 338 1299 tes
361 1270 450 1311 que
474 1256 600 1300 fuese
623 1257 680 1299 de
702 1257 744 1299 la
761 1257 1028 1312 Compafiia3
1051 1271 1222 1313 porque
1239 1265 1456 1302 entonces
1473 1272 1692 1314 compuso
1709 1259 1913 1313 aquellos

269 1333 422 1384 libros,
448 1348 478 1388 y
501 1348 560 1375 nc.)
582 1347 631 1377 se
653 1335 850 1377 effectu&
872 1336 903 1375 ².
932 1336 1140 1390 Despues
1162 1334 1363 1390 supimos
1381 1335 1450 1377 sin
1471 1336 1767 1379 fundamento
1786 1350 1845 1378 no
1863 1338 1913 1378 36

269 1413 357 1465 que
380 1410 626 1466 suspicion,
651 1425 740 1466 que
763 1426 812 1454 se
837 1420 961 1464 tuvo,
987 1425 1069 1467 por
1091 1426 1198 1456 aver
1220 1412 1261 1454 61
1284 1412 1477 1454 hablado
1501 1426 1587 1454 con
1606 1413 1703 1467 fray
1720 1411 1913 1455 Domin-

269 1502 330 1543 go
348 1488 404 1530 de
428 1487 564 1543 Rojas
587 1489 619 1540 ³;
644 1502 674 1543 y
691 1489 747 1531 (16
772 1489 877 1530 todo
901 1496 1051 1531 tamen
1076 1503 1135 1531 no
1152 1488 1417 1544 collegimos
1434 1503 1523 1544 que
1546 1490 1672 1532 fuese
1690 1503 1812 1541 cosa,
1834 1503 1914 1544 por

338 1599 354 1614 a
408 1587 508 1622 Loco
527 1587 642 1633 hujus
660 1588 771 1623 verbi
791 1589 928 1623 lacuna
946 1588 1083 1623 relicta
1102 1594 1162 1623 est
1181 1588 1219 1623 in
1240 1599 1311 1623 ms.

342 1677 350 1698 ¹
404 1677 462 1712 Ex
480 1678 704 1724 apographo
721 1677 770 1712 ad
788 1689 859 1712 nos
878 1677 980 1721 dato,
999 1684 1186 1724 utsupra,
1203 1689 1292 1724 pag.
1309 1677 1393 1723 735,
1409 1684 1544 1714 annot.
1571 1687 1602 1724 1,
1617 1678 1802 1722 diximus3
1819 1678 1915 1714 illud

267 1742 399 1772 autem
416 1736 666 1783 desumptum
691 1742 752 1771 est
776 1748 824 1772 ex
852 1737 1010 1772 archivo
1036 1747 1194 1772 romano
1219 1736 1354 1772 Status
1379 1736 1521 1772 «Carte
1546 1737 1702 1773 Gesuit.
1730 1737 1913 1783 Collegii,

269 1796 395 1831 Pacco
409 1795 492 1832 208.
509 1796 666 1842 Spagna
681 1807 702 1830 e
718 1796 858 1831 Nuova
874 1796 1068 1842 Spagna»,
1084 1808 1122 1831 n.
1139 1795 1222 1835 312.
1240 1795 1417 1840 Quatuor
1430 1796 1549 1840 foliis,
1566 1796 1738 1832 numeris
1758 1798 1914 1842 269-272

266 1855 446 1902 signatis,
467 1855 666 1891 coalescit.
688 1855 772 1890 Hoc
787 1856 967 1901 exemplo
983 1855 1163 1890 Natalem
1179 1867 1291 1903 usum
1308 1854 1428 1890 fuisse
1443 1861 1596 1891 constat
1611 1867 1660 1891 ex
1674 1857 1914 1902 autographa

267 1913 444 1961 ejusdem
461 1913 717 1960 inscriptione
736 1925 758 1948 a
777 1920 887 1960 tergo
905 1915 1045 1960 posita.
1068 1914 1248 1960 Quonam
1269 1919 1444 1961 tempore
1463 1920 1503 1949 et
1522 1916 1606 1950 loco
1628 1915 1772 1961 scripta
1797 1914 1915 1950 fuerit

267 1974 364 2009 haee
382 1973 562 2020 apologia
580 1973 664 2019 ipse
684 1973 835 2008 Natalis
855 1973 894 2008 in
916 1973 1249 2020 [ephemeridibus
1267 1979 1308 2008 et
1327 1985 1454 2020 supra,
1477 1985 1594 2020 pagg.
1614 1972 1787 2019 739-740,
1806 1973 1914 2009 hisce

268 2033 401 2068 verbis
415 2037 583 2067 enarrat:
601 2032 726 2067 «Veni
741 2032 991 2079 Complutum
1006 2044 1095 2068 cum
1110 2033 1271 2070 Tello...
1288 2033 1368 2067 Iam
1383 2032 1549 2079 primum
1565 2038 1770 2079 propterea
1783 2031 1915 2068 audie—

267 2093 356 2127 bam
375 2092 424 2127 ab
445 2091 610 2126 Araozio
627 2091 891 2137 hispalensem
912 2098 1064 2138 putare,
1092 2103 1153 2126 me
1178 2091 1403 2138 impulsore,
1431 2092 1643 2138 [Borgiam]
1668 2092 1912 2128 discessisse.

268 2152 501 2187 Accuratam
525 2151 664 2197 scripsi
688 2161 735 2185 ea
758 2150 807 2186 de
832 2151 904 2196 [re]
929 2151 1163 2197 apologiam,
1189 2156 1229 2186 et
1247 2151 1406 2187 omnino
1426 2151 1598 2186 voluisse
1616 2151 1664 2186 ad
1682 2163 1772 2186 eum
1790 2151 1912 2196 adire,

267 2215 308 2245 et
326 2222 404 2246 non
421 2212 547 2246 solum
566 2222 612 2246 ea
630 2221 841 2258 exponere,
863 2221 963 2256 quae
983 2211 1232 2257 scripseram,
1257 2210 1327 2246 sed
1352 2210 1596 2246 confidenter
1619 2210 1832 2246 defendere
1858 2211 1916 2246 in-

267 2271 489 2306 nocentiam
515 2271 556 2309 P.
585 2270 798 2317 Francisci3
825 2276 865 2306 et
888 2270 991 2317 quod
1017 2282 1122 2306 eram
1146 2271 1363 2306 additurus:
1391 2271 1424 2306 si
1450 2270 1544 2317 quid
1569 2277 1689 2312 esset,
1714 2282 1783 2306 cur
1810 2270 1914 2306 illius

267 2330 550 2377 profectionem
584 2341 662 2366 non
697 2330 1008 2376 interpellasset,
1044 2341 1133 2365 cum
1169 2330 1363 2376 potuisset
1401 2342 1446 2365 ac
1481 2328 1739 2365 debuisset?»
1782 2330 1913 2376 Epist.

267 2391 316 2425 P.
337 2390 488 2432 Nadal,
509 2390 561 2435 11,
580 2389 640 2428 83.
662 2390 830 2424 «Martes
843 2401 920 2436 que
935 2389 1074 2425 fueron
1087 2395 1271 2437 quatorse
1285 2390 1397 2425 deste
1412 2389 1621 2435 [Octubre]
1636 2390 1728 2424 vino
1742 2391 1762 2425 a
1778 2390 1913 2425 Alcalfi

266 2450 302 2484 el
322 2450 368 2486 P.
395 2450 464 2485 Dr.
487 2450 683 2485 Araoz...»
703 2454 785 2484 etc.
810 2449 867 2483 Ex
885 2449 1027 2495 quibus
1042 2455 1203 2496 apparet
1220 2450 1319 2484 hanc
1338 2449 1557 2495 apologiam
1582 2449 1686 2484 circa
1709 2440 1914 2484 dimidium

267 2509 413 2544 mensis
431 2508 615 2546 Octobris
634 2509 725 2544 anni
747 2509 834 2553 1561
856 2508 1040 2555 scriptam
1063 2508 1197 2547 fuisse.
1218 2508 1283 2545 Cf.
1309 2509 1514 2553 ASTRAIN,
1534 2510 1607 2544 loe.
1636 2509 1720 2552 cit.,
1749 2508 1799 2552 ΙΙ,
1829 2516 1909 2553 141.

269 2568 440 2614 Titulus,
455 2568 531 2604 alia
550 2580 666 2604 manu
681 2568 795 2603 initio
810 2568 974 2614 positus,
990 2568 1043 2603 ita
1058 2569 1190 2603 habet:
1208 2568 1437 2603 «Relatione
1455 2574 1659 2614 preparata
1677 2579 1745 2614 per
1763 2567 1789 2603 il
1804 2566 1911 2603 card.

266 2633 307 2663 et
324 2628 487 2663 arciv.v0
505 2627 546 2662 di
565 2627 730 2674 Siviglia
748 2626 811 2662 del
831 2626 944 2661 modo
962 2627 1035 2662 che
1054 2627 1079 2662 il
1103 2628 1148 2662 P.
1174 2627 1313 2663 Natale
1332 2639 1374 2662 se
1392 2628 1441 2662 ha
1460 2633 1612 2673 portato
1627 2628 1720 2662 nell'
1735 2626 1875 2662 andata
1889 2637 1912 2662 a

267 2688 391 2722 Roma
408 2687 471 2722 del
490 2687 534 2722 P.
556 2687 737 2732 Borgia.»

338 2750 352 2768 ²¹
405 2747 465 2781 De
483 2746 544 2781 his
563 2745 654 2781 vide
674 2746 879 2791 ASTRAIN,
900 2747 973 2781 loc.
996 2745 1089 2790 cit.,
1111 2747 1162 2789 Π,
1186 2754 1253 2780 110
1271 2751 1311 2780 et
1330 2757 1439 2792 seqq.

337 2807 350 2825 ³
402 2806 470 2840 «El
489 2805 576 2852 Rey
594 2804 849 2840 desembarco
869 2816 918 2839 en
938 2804 1089 2840 Laredo
1108 2806 1143 2840 el
1162 2804 1184 2839 8
1209 2804 1258 2840 de
1282 2804 1504 2839 Setiembre
1530 2804 1579 2839 de
1608 2812 1711 2849 1559,
1736 2815 1762 2850 y
1787 2805 1912 2849 segt'm

266 2865 330 2900 iba
348 2864 539 2900 entrando
554 2876 603 2900 en
622 2864 798 2907 Castilla,
819 2864 1040 2899 escuchaba
1061 2865 1182 2899 malos
1201 2875 1377 2899 rumores
1394 2868 1530 2899 contra
1544 2865 1579 2899 el
1595 2868 1707 2898 santo
1721 2861 1912 2908 [Francis-

267 2935 313 2958 co
331 2922 381 2958 de
400 2922 543 2969 Borja].
565 2923 734 2958 Deciase
751 2921 801 2957 de
819 2922 855 2957 61
875 2933 950 2968 (106
969 2933 1036 2957 era
1053 2922 1183 2968 amigo
1197 2922 1259 2957 del
1276 2921 1408 2968 hereje
1424 2923 1487 2960 Fr.
1505 2921 1700 2967 Domingo
1712 2920 1761 2956 de
1776 2920 1907 2966 Rojas,

264 2993 340 3028 que
359 2980 424 3016 fue
443 2981 674 3016 condenado
691 2983 712 3016 a
733 2986 883 3016 muerte
903 2992 951 3015 en
972 2982 1006 3016 el
1022 2985 1140 3016 Otofio
1154 2981 1202 3016 de
1219 2987 1303 3016 este
1319 2984 1432 3019 ano.»
1449 2981 1651 3025 Asinum,
1670 2981 1743 3015 106.
1759 2979 1843 3024 cit.,
1860 2975 1908 3023 11,

275 3049 361 3084 115.
