2098 3470
791 207 1133 246 Insanum-lonas
1140 207 1226 242 -61
1294 263 1301 273 .
1712 203 1785 251 543

194 309 274 354 fiat
293 325 351 355 ex
371 309 469 353 eius
491 308 659 353 iudicio
680 309 807 353 iuxta
838 315 1043 354 nostram
1068 314 1398 366 paupertatem.
1431 308 1592 372 Neque
1619 321 1731 351 vero
1753 322 1831 351 so·-

192 386 286 431 lum
308 386 510 432 medicus
532 386 744 444 respiciat
766 392 987 443 quantum
1013 384 1246 429 facultatis
1272 385 1524 428 habeamus
1556 385 1613 427 ad
1643 384 1832 441 dispen-

194 463 403 515 sandum,
423 463 503 506 sed
520 463 780 507 admonitus
795 463 855 507 de
870 462 1046 514 ratione
1062 470 1217 505 nostra
1233 460 1419 505 viuendi
1435 460 1662 517 religiosa,
1684 461 1804 504 anim
1816 487 1829 493 ·

193 540 401 585 aduertat
422 539 531 595 quid
558 539 684 597 iuxta
705 538 1031 585 conscientiam
1052 538 1187 582 simul
1215 546 1262 583 et
1290 545 1434 583 artem
1456 552 1584 581 suam
1608 538 1831 594 praescri-

195 617 302 662 bere
322 618 506 670 debeat;
531 619 617 660 hac
638 617 814 661 ratione
834 615 1038 662 medicus
1063 623 1303 660 moneatur
1323 629 1377 659 ac
1404 615 1684 658 consulatur:
1717 629 1829 658 eon-

194 693 379 738 sultatio
399 708 508 738 vero
536 695 651 737 haec
678 694 738 737 sit
768 700 962 738 secreta.
999 692 1258 749 Superioris
1279 699 1434 736 autem
1454 691 1541 736 erit
1562 705 1748 735 censere
1772 707 1831 735 an

195 770 402 814 medicus
423 785 515 814 non
542 770 798 815 necessario
823 770 1077 826 indulgeat,
1109 777 1155 813 et
1183 776 1292 826 agat
1313 769 1433 826 apud
1461 768 1609 825 ipsum
1638 775 1687 810 vt
1710 768 1832 812 illam

194 845 526 903 indulgentiam
550 855 784 904 temperet,

276 925 494 967 -Facultas
516 924 650 967 datur
670 924 718 967 in
735 923 940 968 absentia
955 931 1183 977 rectorum
1199 922 1570 975 vicerectoribus,
1591 931 1641 965 vt
1658 923 1704 965 in
1722 938 1829 979 pro-

197 999 355 1044 hibitis
373 1000 488 1044 cibis
508 1008 528 1026 ⁸
548 1008 595 1043 et
616 1000 836 1045 ecclesiae
858 999 1036 1045 ieiuniis
1057 999 1320 1056 dispensare
1343 999 1513 1043 tamdiu
1536 999 1726 1056 possint,
1746 1001 1831 1043 do-

199 1091 285 1122 nee
305 1077 370 1119 illi
387 1077 635 1120 abfuerint.

284 1154 334 1199 Si
353 1154 400 1196 in
421 1153 696 1197 abstinentia
724 1154 813 1198 diei
842 1155 1021 1198 veneris
1046 1159 1135 1201 48⁰
1158 1154 1256 1199 fieri
1278 1154 1443 1197 debeat
1471 1153 1621 1210 aliqua
1650 1154 1833 1210 dispen-

196 1230 313 1274 satio
334 1245 439 1274 cum
461 1223 835 1287 praeceptoribus
855 1231 927 1276 vel
949 1231 1344 1274 concionatoribus
1365 1231 1439 1276 vel
1460 1230 1597 1276 etiam
1620 1230 1832 1287 superio-

198 1307 340 1362 ribus,
359 1322 414 1352 ea
435 1322 492 1352 ne
508 1308 587 1351 fiat
603 1315 787 1364 propter
807 1316 976 1352 statum
997 1322 1155 1370 eorum
1174 1308 1250 1351 vel
1270 1307 1486 1360 officium,
1508 1308 1631 1363 quod
1647 1316 1831 1364 gerunt,

197 1385 279 1428 sed
300 1392 476 1428 tantum
497 1394 682 1440 propter
709 1385 1042 1438 necessitatem,
1066 1399 1124 1429 ex
1143 1384 1333 1445 consilio
1354 1384 1536 1439 medici,
1568 1385 1832 1441 praesertim

200 1474 342 1518 quum
363 1461 420 1504 ad
437 1474 626 1505 coenam
647 1461 734 1505 illis
754 1461 924 1517 aliquid
944 1461 1224 1519 indulgetur.

289 1538 338 1583 Si
359 1538 461 1593 quis
483 1545 659 1594 peteret
679 1539 766 1581 sibi
803 1538 993 1582 concedi
1012 1546 1062 1582 vt
1098 1538 1295 1596 singulis
1321 1539 1485 1583 diebus
1513 1539 1693 1590 veneris
1715 1539 1827 1584 ieiu-

199 1622 279 1660 net
305 1616 523 1672 perfecte,
553 1629 646 1658 non
677 1623 854 1659 tantum
883 1615 1205 1660 abstinentiam
1242 1616 1378 1660 saciat
1407 1632 1463 1661 ex
1498 1617 1834 1661 consuetudine

198 1691 458 1744 Societatis,
482 1692 594 1735 illud
631 1692 822 1738 concedi
860 1707 951 1736 non
987 1693 1191 1747 deberet3
1229 1693 1336 1750 quia
1372 1695 1431 1736 ad
1467 1693 1833 1751 singularitatem

199 1775 407 1826 spectare
428 1768 675 1822 videretur;
701 1784 795 1812 non
817 1769 871 1823 si,
895 1769 995 1813 aliis
1014 1784 1108 1813 non
1143 1769 1471 1824 ieiunantibus,
1503 1771 1833 1816 concederetur

202 1845 449 1902 aliquando
470 1853 520 1888 vt
540 1845 703 1901 aliquis
724 1845 963 1892 ieiunaret.

289 1923 348 1965 Et
369 1922 553 1978 quidem
590 1923 627 1966 si
664 1924 911 1968 necessitas
949 1924 1186 1969 obueniret
1222 1925 1358 1968 alicui
1387 1925 1635 1978 ieiunandi,
1678 1934 1835 1982 posset

202 1998 315 2043 illud
336 2000 394 2042 ad
416 2007 595 2056 tempus
618 2001 809 2044 concedi
833 2002 904 2044 vel
930 2016 958 2045 a
985 2001 1279 2056 confessario,
1309 2003 1529 2059 probante
1551 2003 1598 2045 id
1626 2002 1835 2059 superio-

201 2089 266 2129 re,
290 2076 364 2120 vel
385 2076 521 2120 etiam
544 2091 570 2119 a
591 2077 687 2120 solo
708 2077 806 2134 ipso
828 2071 1075 2134 superiore.
1100 2078 1150 2123 Si
1170 2079 1272 2134 quis
1299 2094 1409 2124 vero
1437 2081 1496 2123 ob
1525 2080 1668 2122 solam
1690 2080 1835 2124 deuo-

201 2151 371 2197 tionem
391 2153 612 2197 ieiunium
634 2153 720 2196 sibi
741 2154 931 2198 concedi
947 2163 1149 2211 cuperet,
1170 2155 1347 2200 etiamsi
1361 2157 1553 2201 concedi
1570 2156 1730 2212 possit,
1751 2156 1834 2199 dif-

201 2228 366 2273 ficilius
393 2237 546 2274 tamen
583 2231 925 2274 concedendurn
962 2240 1048 2283 est,
1088 2233 1472 2288 quemadmodum
1496 2234 1552 2277 de
1582 2233 1837 2289 frequentia

200 2306 533 2350 communionis
555 2307 722 2351 dicitur
744 2307 817 2362 4²²
839 2318 967 2365 parte
995 2311 1022 2352 ¹.

287 2387 361 2430 481
385 2383 474 2447 Vbi
506 2384 687 2440 'capitur
724 2385 979 2442 vespertina
1016 2387 1081 2443 (vt
1108 2386 1289 2442 dieitur)
1321 2388 1519 2440 collatio,
1546 2402 1635 2444 quo
1662 2388 1735 2431 die
1766 2395 1837 2430 est

201 2458 420 2502 ieiunium
447 2460 685 2514 ecclesiae,
708 2461 1072 2507 benedictionem
1093 2472 1139 2507 et
1160 2464 1408 2520 gratiarum
1432 2464 1660 2508 actionem
1684 2464 1837 2507 dicant

203 2536 365 2580 fratres
393 2544 568 2580 secrete
595 2545 641 2581 et
669 2538 886 2592 breuiter,
918 2547 965 2584 et
999 2539 1121 2583 illam
1157 2539 1193 2594 ¹³,
1232 2556 1368 2599 quam
1406 2543 1579 2585 solebat
1617 2541 1837 2585 adhibere

204 2602 258 2656 P.
283 2612 507 2670 Ignatius:
536 2615 658 2658 «Nos
686 2623 732 2660 et
753 2631 822 2667 ea,
848 2630 965 2671 quae
986 2631 1144 2661 sumus
1171 2619 1412 2674 sumpturi,
1443 2618 1682 2661 benedicat
1711 2619 1839 2662 Deus

205 2688 352 2733 trinus
371 2698 419 2733 et
441 2705 577 2744 unus,
598 2693 749 2745 Pater,
770 2692 911 2736 Filius
933 2700 979 2738 et
1002 2694 1198 2750 Spiritus
1213 2703 1415 2738 sanctus.
1438 2697 1633 2739 Amen.»
1655 2694 1839 2738 Gratia-

190 2779 304 2808 rum
325 2766 458 2810 actio.
490 2769 645 2811 “Laus
660 2770 775 2814 Deo.
803 2771 897 2812 Pax
929 2769 1060 2816 vivis.
1090 2772 1288 2827 Requies
1317 2771 1559 2815 defunctis.
1597 2773 1731 2814 Pater
1759 2785 1841 2813 no·

265 2911 292 2929 ·³
316 2902 423 2938 cibus
442 2914 514 2939 ms.
566 2906 635 2932 -b
661 2905 738 2941 illa
758 2917 830 2944 ms,

277 3008 286 3028 ¹
339 3009 487 3055 Quarta
505 3016 614 3057 parte
631 3017 777 3056 const.,
796 3024 881 3060 cap.
902 3014 970 3059 IV,
989 3015 1012 3059 ἕ
1029 3013 1065 3059 3,
1085 3013 1186 3051 decl.
1206 3016 1250 3052 B.
