2098 3470
788 231 1227 276 Ins-rnucnonxs-fir-
1707 228 1780 276 4⁰3

139 397 145 400 μ
186 346 295 384 tum
316 335 628 388 offensionem,
652 335 710 379 de
729 334 899 390 quibus
920 333 1180 390 respondet.
1206 331 1289 377 Sin
1315 331 1428 375 nihil
1455 331 1513 377 92
1540 332 1663 376 aliud
1689 346 1825 389 quam

183 413 295 458 illos
328 413 507 466 laudet,
547 411 677 456 facile
713 410 994 468 intelligetur
1024 424 1117 454 non
1154 410 1349 452 multum
1379 409 1548 453 habere
1578 408 1827 453 authorita-

190 490 253 535 tis
286 490 387 535 eius
420 489 609 542 dictum,
641 488 721 545 qui
754 488 813 532 de
848 487 1093 531 virtutibus
1129 492 1281 543 potest
1316 487 1616 542 respondere,
1648 500 1739 529 non
1769 486 1828 530 de

185 566 335 612 vitiis.

218 677 221 681 ,
282 645 424 701 Quod
445 649 623 688 secreto
651 642 710 687 de
743 641 958 686 Patribus
986 641 1060 685 vel
1086 641 1144 684 de
1172 640 1389 684 fratribus
1415 639 1721 684 intellexerint
1747 654 1828 683 su-

189 720 414 779 perioreS,
437 727 599 764 curent
618 727 668 763 vt
688 719 736 762 id
766 719 889 776 apud
918 733 968 762 se
989 717 1294 763 secretissime
1325 717 1566 762 retineant.
1603 718 1659 760 Et
1691 717 1827 762 iidem

186 805 371 844 :secreto
392 798 705 853 dent-operam
727 795 828 839 illos
850 795 1024 850 iuuare,
1048 809 1134 839 nec
1149 809 1324 848 eorum,
1344 808 1462 851 quae
1478 802 1724 847 nouerunt,
1744 794 1827 837 ali-

185 874 305 931 quid
326 875 635 932 praeseferant
655 873 852 919 interim.
878 873 1017 928 Quod
1038 871 1077 915 si
1098 871 1145 916 id
1166 886 1259 915 non
1279 872 1532 929 prodesset,
1550 871 1753 927 legitime
1769 873 1827 914 ad

185 951 283 996 -alia
303 950 503 996 remedia
523 950 861 1007 procedendum
881 949 983 994 erit.
1315 950 1317 952 ’

282 1028 523 1073 Habeatur
548 1041 631 1083 pro
662 1026 852 1070 crimine
881 1025 1052 1083 insigni
1083 1027 1148 1084 (vt
1178 1026 1261 1082 est)
1294 1039 1577 1069 murmurare
1608 1026 1666 1070 de
1693 1041 1826 1082 supe-

195 1105 318 1158 riori,
343 1113 389 1150 et
409 1104 591 1161 quidem
614 1117 748 1148 casus
767 1103 854 1148 iste
875 1111 1135 1149 reseruatus
1155 1110 1243 1157 est,
1267 1109 1314 1148 et
1334 1117 1424 1146 vna
1450 1117 1508 1146 ex
1535 1103 1687 1146 causis
1713 1118 1827 1159 qua-

196 1189 382 1240 propter
401 1181 582 1225 excludi
603 1180 704 1237 quis
724 1195 752 1224 a
772 1180 1002 1225 Societate
1022 1188 1176 1238 posset
1202 1187 1248 1224 et
1276 1180 1478 1232 deberet,
1503 1180 1766 1236 praesertim
1789 1181 1827 1224 si

184 1260 456 1304 :scandalum
478 1258 586 1302 inde
605 1257 705 1301 aliis
725 1258 870 1311 fieret;
895 1272 1034 1315 quare
1055 1264 1318 1302 constanter
1338 1264 1408 1302 est
1425 1256 1764 1314 extirpandum.

281 1336 457 1380 Curent
484 1342 684 1380 rectores
711 1350 771 1378 ne
797 1334 1123 1391 quisquamde
1152 1334 1363 1378 instituto
1395 1333 1628 1391 regulisue
1659 1334 1827 1378 nostris

192 1412 411 1458 iudicium
426 1413 557 1464 ferat,
576 1425 630 1455 ac
648 1418 828 1466 tractet,
847 1412 922 1455 vel
937 1411 1155 1469 disputet,
1176 1425 1262 1456 nec
1282 1412 1340 1455 de
1355 1411 1588 1468 superiore
1609 1411 1826 1456 dubitan-

185 1490 269 1544 ·do‚
291 1489 366 1533 vel
385 1488 572 1532 omnino
592 1488 640 1532 in
662 1489 825 1533 malam
846 1497 1021 1545 partem
1050 1488 1264 1545 aliquam.
1288 1487 1323 1532 Ii
1352 1502 1477 1541 vero,
1507 1488 1675 1545 quibus
1702 1489 1759 1534 93
1780 1489 1827 1533 in

125 1587 128 1591 ’
194 1574 402 1615 mentem¹
420 1565 628 1611 venerint
656 1565 962 1622 cogitationes
987 1565 1266 1618 huiusmodi,
1296 1566 1387 1609 hoc
1409 1565 1563 1627 ipsum¹
1586 1580 1669 1622 pro
1695 1566 1827 1623 graui

195 1650 406 1700 reputent
426 1642 681 1687 tentatione
705 1642 927 1686 aduersus
954 1642 1257 1695 vocationem,
1282 1649 1362 1686 aut
1383 1642 1483 1687 eius
1509 1651 1634 1688 certe
1660 1658 1827 1688 execu-

187 1719 380 1773 tionem,
411 1734 548 1776 quam
576 1719 614 1764 si
645 1719 836 1764 vicerint
864 1719 1022 1764 diuino
1050 1719 1234 1773 auxilio,
1264 1720 1374 1765 dent
1403 1721 1504 1766 Deo
1534 1721 1726 1777 gloriam
1758 1721 1826 1764 vi-

184 1796 383 1843 ctoriae.
408 1796 490 1842 Sin
510 1804 707 1854 pergant
727 1796 831 1842 illae
852 1811 953 1841 esse
974 1797 1209 1851 molestae,
1233 1797 1290 1840 de
1317 1797 1384 1840 eis
1405 1798 1603 1842 referant
1631 1799 1688 1841 ad
1716 1813 1829 1842 con-

195 1873 432 1918 fessarium
463 1874 537 1918 vel
568 1874 627 1917 ad
654 1873 955 1930 superiorem,
989 1888 1071 1917 seu
1103 1873 1402 1928 consiliarios,
1426 1889 1677 1931 eorumque
1707 1883 1829 1919 stent

185 1950 461 1996 sententiae.
483 1951 744 2003 Caeterum,
763 1965 868 1994 cum
884 1950 1078 2007 primurn
1100 1949 1320 2007 superior,
1344 1951 1417 1994 vel
1438 1952 1723 1996 consultores
1743 1952 1827 1995 ali-
1895 2006 1898 2009 ἢ

186 2026 303 2084 quid
323 2027 584 2093 huiusmodi
605 2027 1010 2084 deprehenderint,
1034 2034 1081 2072 et
1096 2027 1290 2072 maxime
1310 2029 1532 2072 aduersus
1548 2029 1826 2084 institutum,

186 2111 242 2149 ·et
263 2103 516 2150 societatis.
530 2105 732 2161 regulas,
756 2105 814 2148 ad
830 2104 1155 2162 prouincialem
1172 2105 1282 2149 dent
1297 2120 1352 2150 ea
1367 2107 1425 2150 de
1442 2121 1490 2150 re
1506 2105 1675 2159 literas,
1695 2122 1827 2163 prae-

187 2180 351 2226 sertim
373 2181 412 2225 si
434 2197 507 2226 res
528 2181 714 2238 grauior
734 2181 959 2226 videatur.

282 2259 458 2303 Curent
493 2267 708 2313 rectores,
739 2266 788 2302 vt
825 2273 982 2303 omnes
1012 2258 1343 2303 obliuiscantur
1379 2260 1743 2316 praeteritorum,
1777 2271 1825 2305 vt

188 2336 253 2380 D.
285 2336 457 2379 Paulus
484 2336 564 2390 ait,
593 2350 647 2380 ac
674 2350 724 2381 se
751 2337 809 2380 ad
830 2335 1059 2380 anteriora
1079 2336 1370 2393 perfectionis
1398 2339 1645 2381 extendant
1674 2338 1825 2384 inten-

187 2426 244 2456 se
268 2413 298 2466 ¹,
322 2413 766 2470 progredianturque
793 2414 840 2456 in
861 2413 958 2457 dies
980 2421 1166 2458 strenue
1195 2413 1342 2471 magis
1364 2414 1412 2458 in
1439 2423 1654 2471 suscepta
1682 2416 1826 2459 diuini

194 2483 400 2540 obsequii
420 2484 509 2528 via.
534 2485 690 2540 Itaque
712 2483 968 2540 requiratur
990 2485 1047 2528 ab
1069 2484 1282 2528 omnibus
1305 2485 1448 2528 maior
1471 2486 1616 2529 virtus
1639 2486 1825 2542 spiritus

188 2566 243 2605 et
258 2561 410 2604 feruor
425 2561 700 2615 deuotionis,
719 2568 765 2605 et
786 2561 1073 2606 obedientiae
1090 2562 1343 2607 renouatio.
1365 2563 1651 2607 Obseruetur
1672 2571 1824 2608 autem

78 2647 90 2659 <’
131 2662 135 2666 v
189 2635 234 2680 si
253 2636 356 2693 quis
376 2637 439 2682 ita
461 2652 556 2681 non
574 2637 798 2694 procedit,
822 2645 869 2683 et
889 2638 1153 2682 attendatur
1175 2638 1294 2682 illius
1322 2639 1644 2684 emendationi.

283 2712 347 2759 94
374 2714 540 2782 Nullus
561 2714 768 2771 superior
803 2715 955 2758 locum
984 2715 1223 2759 audiendis
1258 2715 1621 2759 confessionibus
1651 2716 1712 2759 ita
1739 2716 1825 2760 sibi

193 2790 427 2846 proprium
449 2804 503 2834 ac
519 2790 796 2848 singularem
813 2791 1000 2848 deligat,
1020 2800 1070 2834 vt
1086 2791 1141 2844 is,
1160 2792 1239 2848 qui
1255 2794 1372 2836 forte
1390 2793 1720 2836 confessionem
1739 2793 1826 2836 ibi—

189 2865 298 2910 dem
320 2866 512 2919 audiret,
537 2867 770 2923 superiore
796 2867 1087 2921 adueniente,
1112 2869 1212 2912 loco
1235 2876 1444 2914 teneatur
1466 2868 1642 2913 cedere.

270 3035 279 3055 ¹
330 3033 431 3069 Vide
449 3045 581 3080 supra,
600 3045 690 3080 pag.
709 3032 795 3079 381,
813 3040 947 3071 annot.
971 3043 1002 3073 1.
1018 3071 1020 3073 ,
