2098 3470
0 1605 18 1653 ε.

0 1730 15 1819 Ξ,

0 1824 14 1903 ἓ

0 1903 14 2014 ξ

802 215 1235 253 Insr-nucnousss-61
1719 215 1790 262 523

202 329 392 375 peccata
427 332 512 362 sua
538 317 847 370 confitebitur,
886 318 959 363 vel
987 323 1162 374 repetet
1189 317 1315 360 iuxta
1343 319 1548 374 regulam
1581 318 1836 362 confessio-

202 409 324 449 nem,
348 409 484 450 quam
505 394 580 438 alii
602 394 775 447 fecerit,
798 401 1043 450 quaeratur
1063 395 1121 437 ab
1143 408 1199 438 eo
1219 393 1266 436 in
1287 394 1577 438 confessione
1599 410 1655 438 an
1675 410 1835 441 reuera

202 471 328 524 velit,
353 485 471 526 quae
491 471 643 523 debet,
668 471 820 515 omnia
839 470 1062 523 confiteri,
1087 478 1133 515 et
1154 471 1360 527 regulam
1394 479 1595 514 nostram
1624 473 1681 516 de
1705 487 1834 527 aper-

203 548 327 593 tione
347 548 656 592 conscientiae
679 549 940 601 obseruare3
965 547 1003 591 si
1025 548 1098 591 vel
1119 562 1211 590 non
1233 548 1533 603 responderit,
1554 549 1626 592 vel
1648 548 1831 592 dubita-

206 624 338 676 uerit,
363 626 436 668 vel
456 626 590 680 plane
610 624 774 669 dixerit
796 639 844 668 se
861 625 997 676 nolle,
1016 623 1136 667 illius
1154 638 1238 668 nec
1254 623 1484 668 confessio
1502 625 1729 676 audietur,
1750 640 1837 669 nec

202 701 317 745 ratio
335 701 644 746 ‚conscientiae
667 701 930 758 accipietur;
954 716 1046 745 non
1069 709 1308 757 propterea
1329 702 1455 756 quod
1477 701 1684 746 Societas
1707 701 1832 745 illum

201 777 375 835 obliget
402 779 459 821 ad
486 786 723 835 peccatum
762 779 965 830 mortale,
1004 777 1090 821 nisi
1127 778 1310 834 regulas
1347 777 1446 821 illas
1484 779 1713 830 obseruet,
1755 781 1835 822 sed

202 855 307 910 quia
345 855 618 913 simplicite5
640 855 753 898 nolit
789 854 1046 898 institutum
1088 854 1332 899 Societatis
1375 856 1636 899 obseruare.
1678 857 1836 911 Quare

205 932 473 975 tractandus
493 946 585 974 non
613 939 699 985 est,
731 917 779 975 Ινῐ
807 932 886 988 qui
912 932 971 975 sit
997 932 1055 976 de
1082 932 1327 983 Societate,
1358 932 1742 987 quemadmodum
1777 933 1836 985 ei,

191 1008 284 1064 ⁴qui
306 1010 422 1052 nolit
450 1009 633 1053 obedire
660 1009 897 1066 superiori,
928 1008 1214 1053 interdicitur
1241 1009 1389 1053 cibus:
1421 1010 1546 1064 quod
1580 1010 1620 1053 si
1652 1010 1834 1062 dixerit,

203 1099 255 1129 se
276 1086 394 1129 velle
416 1086 598 1142 regulas
620 1087 880 1138 obseruare,
902 1093 1013 1130 tunc
1029 1086 1092 1129 illi
1109 1085 1443 1143 significabitur
1459 1087 1583 1142 quod
1599 1087 1658 1129 sit
1676 1087 1839 1129 obstri-

205 1170 308 1206 ctus
329 1162 416 1205 sub
437 1177 583 1219 poena
605 1162 779 1219 peccati
801 1162 1003 1206 mortalis
1024 1170 1073 1205 vt
1096 1178 1254 1207 verum
1276 1163 1415 1217 dicat,
1441 1171 1536 1206 tum
1560 1171 1744 1220 propter
1767 1163 1839 1206 in-

202 1239 335 1296 signe
362 1239 701 1291 detrimentum,
734 1241 856 1294 quod
883 1239 1122 1284 obueniret
1143 1240 1377 1293 Societati,
1412 1239 1450 1283 si
1483 1240 1613 1283 aliter
1645 1241 1833 1294 faceret,

205 1323 300 1359 tum
323 1315 430 1371 quia
450 1330 540 1358 non
563 1323 766 1359 seruaret
787 1317 923 1359 fidem
951 1316 998 1358 in
1028 1331 1075 1360 re
1101 1316 1387 1372 grauissima,
1421 1324 1466 1361 et
1495 1317 1760 1373 praesertim
1785 1317 1831 1359 in

202 1392 504 1437 confessione.

292 1474 380 1516 435
396 1469 591 1532 *Etiamsi
614 1470 819 1514 Societas
841 1470 1065 1513 neminem
1088 1470 1261 1527 obliget
1289 1471 1346 1514 ad
1376 1480 1612 1527 peccatum
1646 1472 1838 1516 mortale

204 1547 264 1590 ob
282 1546 606 1590 inseruantiam
631 1548 909 1603 regularum,
935 1555 1087 1591 tamen
1111 1548 1203 1591 fere
1224 1549 1378 1591 nullus
1400 1559 1486 1600 est,
1512 1549 1590 1604 qui
1608 1564 1698 1592 non
1718 1565 1773 1593 ex
1791 1564 1840 1593 se

203 1623 400 1667 adducat
428 1622 613 1678 aliquid,
644 1625 764 1666 vnde
795 1631 952 1679 peccet
973 1625 1134 1668 saltem
1166 1624 1418 1679 venialiter,
1453 1625 1490 1668 si
1524 1627 1708 1682 regulas
1746 1641 1838 1670 non

203 1701 433 1745 obseruet.
459 1702 592 1744 Vnde
614 1709 684 1744 est
705 1701 780 1745 illa
808 1703 1093 1744 consuetudo
1122 1710 1276 1746 nostra
1303 1710 1353 1745 vt
1381 1704 1680 1747 confiteamur
1708 1704 1841 1747 inob—

204 1778 482 1822 seruantiam
508 1779 787 1834 regularum,
813 1780 938 1834 quod
959 1793 1051 1821 non
1073 1794 1325 1835 possemus,
1346 1779 1383 1823 si
1401 1795 1486 1824 nec
1514 1796 1570 1825 ex
1587 1781 1735 1833 nobis,
1756 1796 1840 1824 nec

203 1869 263 1898 ex
284 1854 564 1911 obligatione
582 1856 860 1911 regularum,
880 1864 1119 1911 peccatum
1137 1857 1511 1901 committeretur.
1533 1858 1843 1902 Confirmatur

205 1932 295 1974 hoc
316 1945 372 1974 ex
393 1933 456 1974 D.
490 1933 683 1983 Thoma,
709 1941 776 1975 2.·”ι
799 1941 898 1985 23⁰,
930 1941 1104 1988 quaest.
1138 1934 1236 1988 156,
1268 1941 1357 1977 art.
1382 1950 1426 1992 9,
1452 1935 1510 1978 ad
1536 1935 1748 1991 primum.
1785 1937 1842 1978 Et

203 2008 572 2064 quandoquidem
594 2009 862 2066 contingere
879 2018 1045 2066 potest,
1067 2018 1113 2052 vt
1131 2011 1304 2054 nullum
1324 2012 1382 2054 sit
1398 2020 1655 2068 peccatum,
1681 2013 1719 2055 si
1741 2013 1843 2069 quis

206 2084 403 2140 aliquam
427 2086 632 2142 regulam
654 2101 747 2129 non
764 2087 995 2139 obseruet,
1017 2102 1070 2131 ea
1086 2088 1143 2131 de
1161 2102 1209 2132 re
1226 2087 1443 2131 iudicium
1466 2089 1552 2132 erit
1574 2090 1840 2132 confessarii

205 2176 263 2206 ex
285 2161 383 2206 iure
405 2162 654 2205 communi.

295 2238 491 2294 Quoties
513 2239 665 2283 veniet
687 2254 804 2283 vnus
827 2242 1123 2285 confessurus
1144 2241 1202 2294 ei,
1233 2242 1307 2285 cui
1339 2257 1432 2285 non
1463 2244 1594 2295 solet,
1627 2258 1835 2298 quacun-

207 2328 298 2370 que
318 2330 375 2358 ex
397 2329 536 2359 causa
557 2316 603 2358 id
623 2316 822 2368 eueniat,
846 2316 1206 2374 interrogabitur
1227 2334 1285 2362 an
1316 2320 1426 2362 velit
1454 2334 1638 2363 causam
1669 2320 1838 2372 dicere,

206 2398 390 2448 propter
411 2406 547 2448 quam
575 2407 660 2436 suo
690 2394 967 2436 confessario
994 2394 1222 2438 ordinario
1258 2411 1351 2439 non
1383 2397 1645 2448 confitetur,
1670 2404 1715 2439 et
1753 2396 1838 2438 sibi

204 2468 316 2512 velit
337 2469 562 2512 confiteri.
588 2469 639 2514 Si
662 2485 751 2512 non
782 2471 1081 2527 responderit,
1112 2473 1185 2516 vel
1212 2473 1507 2525 dubitauerit,
1539 2475 1608 2517 vel
1641 2474 1836 2516 noluerit

205 2545 373 2597 dicere,
402 2545 524 2589 illius
559 2547 893 2592 confessionem
930 2563 1022 2591 non
1059 2549 1229 2594 audiet:
1265 2550 1334 2593 sin
1370 2550 1534 2593 dixerit
1566 2564 1749 2593 causam
1787 2564 1836 2592 se

206 2622 322 2665 velle
343 2627 428 2668 436
458 2629 597 2665 totam
626 2623 815 2679 aperire,
845 2624 1124 2681 significabit
1152 2625 1216 2668 illi
1245 2628 1367 2682 quod
1395 2626 1453 2668 sit
1491 2626 1723 2681 obligatus
1755 2626 1841 2668 sub

205 2712 354 2754 poena
374 2699 550 2754 peccati
571 2700 774 2744 mortalis
789 2715 947 2744 verum
964 2702 1130 2755 dicere;
1151 2694 1518 2758 quandoquidem
1537 2702 1647 2744 illud
1665 2702 1710 2744 in
1729 2716 1838 2744 con—

209 2774 405 2820 fessione
425 2775 631 2819 dicturus
653 2784 740 2831 est,
764 2785 810 2820 et
832 2792 978 2834 graue
999 2779 1321 2823 detrimentum
1344 2788 1626 2835 sequeretur,
1662 2787 1706 2822 et
1730 2792 1838 2820 cen—

205 2858 383 2895 seretur
404 2867 504 2896 esse
526 2853 832 2908 perniciosum
854 2855 1142 2898 mendacium
1165 2857 1203 2899 si
1226 2857 1356 2899 aliter
1380 2858 1563 2899 faceret.

299 2928 402 2981 His,
427 2929 506 2984 qui
527 2944 620 2973 non
643 2921 857 2984 resident,
882 2931 928 2974 in
958 2932 1052 2975 suis
1079 2933 1329 2984 beneficiis,
1362 2947 1477 2987 quae
1507 2932 1742 2987 requirunt
1772 2939 1841 2974 ta-

209 3018 313 3047 men
350 3006 656 3061 residentiam,
689 3007 776 3050 illis
817 3017 1066 3063 praeterea,
1098 3009 1175 3064 qui
1212 3010 1432 3052 beneficia
1469 3009 1675 3051 obtinent
1709 3011 1841 3063 (quae
