2098 3470
881 0 893 9 ι
939 0 951 6 “·
964 0 1026 15 ’,νς-τη
1039 0 1065 13 'J'
1111 0 1114 4 ·
1145 12 1148 13 ⁷

535 271 811 315 Mortuum-ra
834 282 1095 315 rnovmcnn
1119 273 1380 310 Aus‘rmass-
1386 271 1433 318 48
1682 272 1749 308 281

157 367 315 426 autem
342 380 559 439 pecunias
585 380 741 437 exiget
766 379 822 424 P.
851 377 1071 430 Victoria,
1101 390 1259 420 earum
1287 375 1423 419 faciet
1454 375 1719 430 quitantias,
1754 383 1803 419 et

138 473 241 504 vervis
261 458 387 502 dabit
407 465 567 515 postea
589 456 857 508 rectoribus,
882 455 956 500 uel
977 453 1254 512 prouintiali,
1278 452 1317 496 si
1339 452 1473 496 adsit.

251 535 348 579 Erit
369 535 614 579 coniuncta
633 535 749 578 haec
769 547 881 576 cura
902 546 1008 576 cum
1030 531 1145 584 aliis,
1170 538 1236 582 ut,
1262 530 1300 573 si
1322 530 1430 586 quid
1454 529 1596 586 possit
1618 545 1803 586 promo-

150 620 274 656 ‘uere
294 616 560 669 prouentus,
585 611 660 655 uel
681 610 841 661 iuuare
862 623 1086 666 expensas
1107 607 1406 664 collegiorum
1426 607 1700 651 eleemosina
1730 609 1802 652 uel

119 688 124 712 ἶ
159 689 251 733 alia
271 689 509 741 industria,
534 684 580 731 id
600 702 660 732 ne
680 687 873 731 omittat.
1432 672 1443 684 ⁶

252 765 503 822 Antiquam
524 765 644 808 illam
665 778 822 808 curam
844 771 891 806 et
912 763 1060 808 zelum
1082 762 1271 806 iuuandi
1293 761 1537 818 collegium
1568 776 1804 806 romanum

128 881 138 886 ,
162 857 256 894 non
277 843 471 896 omittet;
496 841 607 885 nihil
629 849 784 886 tamen
802 841 860 884 ad
881 842 969 884 hoc
990 855 1047 885 ex
1069 839 1276 897 collegiis
1298 838 1464 895 capiet,
1488 838 1576 881 nisi
1594 840 1806 882 consulto

159 919 381 978 generali:
404 919 569 976 poterit
590 925 741 962 tamen
761 933 817 962 ex
839 916 1158 961 distributione
1179 917 1420 968 bonorum,
1445 916 1484 959 si
1506 930 1642 971 quam
1665 916 1807 959 faciat

161 995 328 1052 aliquis
347 997 503 1048 frater,
530 996 604 1039 uel
626 994 825 1039 aliunde.

253 1073 306 1118 Si
325 1073 450 1129 quod
471 1072 558 1117 erit
579 1072 763 1116 difficile
783 1071 1039 1129 negotium,
1058 1071 1187 1126 siqua
1204 1070 1519 1115 controuersia
1540 1078 1700 1113 contra
1723 1085 1808 1113 nos
1848 1123 1852 1126 .

117 1155 125 1160 ”
164 1150 442 1206 insurgeret,
479 1149 611 1205 siqua
641 1164 715 1193 res
741 1148 948 1192 dificilior
983 1142 1248 1205 Vtcumque,
1279 1147 1319 1191 si
1355 1147 1475 1191 illius
1511 1147 1728 1190 auxilium
1764 1155 1809 1191 et

96 1287 102 1293 Ι
164 1240 350 1284 operam
377 1226 587 1282 imploret
613 1225 900 1283 prouintialis
932 1226 1006 1269 uel
1041 1225 1178 1269 etiam
1215 1232 1432 1279 rectores,
1470 1224 1650 1268 iuuabit
1687 1225 1810 1281 quod

171 1302 352 1361 poterit.
378 1304 556 1348 Offeret
583 1302 718 1348 etiam
748 1317 877 1346 suam
899 1317 1082 1359 operam
1108 1302 1366 1354 inuocatus,
1391 1301 1468 1344 vbi
1490 1301 1709 1345 iudicabit
1738 1303 1811 1345 of—

166 1380 414 1424 ferendam.
440 1382 507 1423 Ita
530 1387 681 1424 tamen
701 1379 749 1423 in
776 1381 863 1423 hac
890 1394 957 1434 re,
990 1379 1372 1435 quemadmodum
1400 1379 1448 1422 in
1476 1379 1705 1431 omnibus,
1739 1393 1812 1422 res

166 1470 326 1502 omnes
344 1464 467 1514 agat,
494 1463 544 1500 ut
561 1456 647 1500 sibi
666 1456 944 1501 uidebuntur
960 1457 1184 1513 agendae:
1204 1470 1291 1500 nec
1307 1457 1364 1499 ab
1382 1456 1574 1499 alicuius
1591 1456 1809 1512 pendebit

165 1533 327 1578 iuditio
346 1535 422 1578 uel
442 1533 717 1586 obedientia,
742 1541 1058 1590 praeterquam
1075 1548 1102 1577 a
1117 1533 1346 1590 generalis
1363 1533 1606 1590 praepositi
1625 1541 1671 1578 et
1688 1547 1804 1585 mea,

160 1611 317 1661 ,donec
338 1618 491 1656 tamen
511 1610 561 1653 in
581 1611 828 1654 Germania
852 1611 997 1655 fuero.

244 1677 444 1732 ¹Praeter
464 1702 534 1740 ea,
559 1702 677 1743 quae
697 1687 819 1731 dicta
839 1695 963 1740 sunt,
990 1695 1040 1730 ut
1056 1687 1141 1731 erit
1158 1687 1444 1731 consiliarius
1460 1688 1745 1744 prouintialis
1763 1696 1810 1732 et

167 1771 414 1817 rectorum,
451 1779 531 1808 eos
566 1763 744 1808 iuuabit
775 1765 980 1817 consilio,
1017 1765 1092 1808 ubi
1125 1765 1251 1808 illum
1282 1766 1540 1808 consulent:
1575 1766 1812 1810 debebunt

132 1883 135 1888 Α
166 1848 320 1886 autem
341 1841 466 1885 illum
489 1842 727 1886 consulere
747 1857 804 1885 ex
825 1841 967 1885 offitio
994 1841 1041 1884 in
1070 1843 1224 1894 rebus,
1254 1842 1302 1884 in
1333 1842 1501 1897 quibus
1530 1831 1812 1885 uidebuntur

46 1919 52 1927 “
95 1973 97 1975 q
165 1932 306 1975 egere
325 1918 530 1971 consilio,
553 1926 601 1962 et
620 1918 885 1975 simpliciter
905 1918 953 1962 in
974 1918 1044 1971 iis,
1070 1933 1189 1976 quae
1211 1918 1395 1975 aliquod
1417 1919 1696 1963 videbuntur
1713 1935 1813 1963 mo-

169 2002 373 2040 mentum
393 1997 580 2050 habere3
605 1996 687 2040 sed
708 2003 884 2050 tamem,
901 2004 953 2039 ut
970 2011 1061 2039 non
1082 1988 1168 2039 erit
1189 1996 1236 2040 in
1253 2011 1411 2040 eorum
1430 1997 1703 2050 obedientia,
1725 1997 1812 2050 sic,

167 2072 292 2116 dicta
317 2087 401 2116 sua
427 2073 668 2126 sententia,
699 2088 756 2117 ex
784 2073 1144 2131 congregatione
1174 2073 1407 2118 discedere
1440 2074 1526 2131 ipsi
1557 2074 1735 2126 licebit,
1777 2074 1815 2118 si

175 2148 306 2195 uelit.
1131 2144 1137 2150 ’

186 2265 192 2269 .
254 2225 337 2276 ‚Ad
362 2227 477 2270 haec
499 2227 631 2283 (quae
652 2225 739 2271 erit
763 2226 880 2271 inter
907 2227 1142 2284 primarias
1166 2229 1219 2272 P.
1245 2229 1478 2272 Victoriae
1500 2230 1646 2284 curas)
1670 2229 1815 2272 anim-

82 2301 90 2310 '
130 2310 134 2312 “
174 2303 385 2347 aduertet
405 2310 451 2346 et
477 2299 739 2346 obseruabit
769 2310 908 2348 totam
937 2305 1158 2349 rationem
1187 2306 1532 2362 gubernationis
1565 2306 1815 2362 prouintia-

173 2378 230 2423 lis
252 2393 311 2442 ,ac
337 2386 582 2432 rectorum,
611 2387 658 2423 et
684 2379 723 2423 si
749 2380 859 2436 quid
886 2381 972 2426 sibi
1005 2381 1232 2426 videbitur
1258 2382 1346 2426 illis
1373 2382 1741 2439 significandum,
1779 2382 1815 2424 si

64 2451 89 2517 f
155 2453 288 2512 -quid
308 2455 584 2501 admonendi
604 2465 638 2509 ²,
658 2456 704 2500 id
722 2457 857 2501 faciat
873 2472 930 2501 ex
947 2458 1108 2511 offitio,
1127 2459 1298 2502 eisdem
1321 2460 1457 2504 etiam
1475 2460 1531 2502 de
1550 2461 1686 2502 rebus
1707 2459 1817 2503 scri-

61 2535 100 2547 ²
124 2558 129 2559 ν
174 2533 256 2576 bet
277 2534 336 2576 ad
353 2535 612 2590 generalem
634 2535 937 2590 praepositum
957 2543 1003 2579 et
1020 2537 1077 2579 ad
1094 2551 1183 2588 me,
1203 2537 1351 2581 donec
1368 2551 1469 2579 sum
1487 2536 1531 2578 in
1550 2537 1814 2579 Germania.

266 2609 491 2654 Breuiter:
515 2610 600 2655 erit
621 2610 668 2654 in
689 2611 789 2655 eius
809 2612 966 2664 offitio,
991 2612 1054 2655 ita
1084 2613 1429 2669 gubernationis
1458 2628 1613 2656 curam
1648 2614 1817 2656 habere

175 2687 236 2731 ad
256 2687 564 2731 admonendos
585 2687 860 2744 superiores,
891 2703 944 2732 ac
972 2689 1010 2732 si
1037 2690 1244 2746 superior
1272 2690 1368 2745 ipse
1397 2698 1533 2742 esset,
1565 2690 1813 2740 induendo,

178 2777 272 2807 non
298 2763 445 2807 solum
474 2763 774 2820 prouintialis,
805 2766 885 2808 sed
912 2765 1049 2809 etiam
1077 2774 1306 2809 rectorum
1329 2781 1486 2808 omnes
1515 2780 1747 2821 personas,
1773 2774 1819 2808 et

97 2861 99 2866 ι
119 2879 121 2881 ,
180 2840 434 2896 reputando
450 2839 469 2865 b
486 2842 819 2896 (praeterquam
842 2843 964 2897 quod
986 2857 1079 2885 non
1097 2842 1285 2887 habebit
1303 2843 1348 2885 in
1368 2843 1666 2898 gubernando
1684 2842 1794 2884 iuris
1815 2870 1818 2871 ν

91 2922 94 2933 “
119 2976 128 2989 .
181 2915 444 2968 dictionem)
467 2923 613 2960 totum
636 2919 815 2974 pondus
837 2919 1183 2974 gubernationis
1204 2934 1338 2963 suum
1358 2934 1471 2963 esse.

251 3038 270 3056 ⁸
318 3027 432 3064 Prius
455 3029 776 3073 admonendum;
796 3030 947 3066 Natalis
971 3031 1197 3067 emendavit
1220 3031 1482 3067 admonendi.
1534 3032 1600 3058 —b
1628 3030 1740 3074 Prius
1760 3043 1821 3066 re-

87 3078 92 3085 ’
122 3091 127 3094 ’
184 3088 498 3134 praesentando:
515 3087 657 3124 deinde
675 3088 925 3124 emendatum
943 3095 985 3125 ut
1005 3101 1135 3136 supra.
