2098 3470
277 257 343 293 166
745 258 898 294 PATms
924 258 1168 294 H1ERONYM1
1194 257 1344 306 NADAL

227 360 359 403 nobis
381 366 629 402 occurrunt
650 361 942 416 proponenda
965 360 1234 415 compendio
1256 361 1314 402 D.
1336 361 1393 403 V.
1416 359 1604 411 Illmae.,
1634 366 1682 403 ut
1711 375 1767 404 ex
1796 360 1868 404 eis

229 438 286 480 ad
307 437 481 481 Smum.
507 438 568 481 D.
593 438 650 480 N.
676 438 845 481 referre
867 436 1007 492 possit
1029 437 1086 480 de
1109 443 1265 479 nostra
1287 450 1442 481 causa.

317 516 444 558 Deus
466 521 624 556 auctor
645 522 715 557 est
738 514 934 570 religiosi
958 513 1169 566 instituti,
1190 513 1264 555 uel
1282 527 1361 568 per
1380 513 1703 557 reuelationem
1722 513 1865 557 diser-

231 600 339 644 tam,
368 592 439 634 uel
460 606 540 647 per
562 591 746 647 spiritus
767 591 1048 634 instinctum.
1076 593 1136 635 Vt
1158 591 1278 634 enirn
1301 591 1506 648 singulos
1530 598 1662 633 uocat
1684 592 1740 633 ad
1762 591 1863 635 reli-

232 668 434 725 gionem,
474 668 537 710 ita
574 667 698 724 prius
734 683 788 712 ac
820 668 988 712 certius
1016 668 1284 724 religionem
1316 668 1474 724 ipsam:
1507 669 1681 711 nullum
1712 675 1865 712 tamen

224 745 489 788 ‚institutum
517 745 780 802 religiosum
808 745 1122 788 auctoritatem
1152 746 1342 798 obtinet,
1369 744 1453 787 nisi
1482 746 1538 788 ab
1569 745 1760 788 ecclesia
1788 759 1863 788 ro-

235 837 367 866 mana
405 830 449 867 et
486 838 663 866 summo
702 823 918 879 pontifice
955 822 1013 865 sit
1049 823 1382 875 confirmatum3
1424 836 1512 877 qua
1554 821 1601 863 in
1645 837 1693 866 re
1735 823 1873 867 sedes

235 899 482 956 apostolica
502 914 653 945 errare
677 915 765 943 non
790 907 954 955 potest.

294 1011 296 1013 -
325 978 500 1020 Harum
523 992 672 1022 rerum
700 976 1059 1033 praeclarissima
1085 983 1193 1019 sunt
1222 963 1508 1033 argumenta,
1540 976 1656 1019 sacri
1688 975 1870 1020 ordines

237 1055 330 1098 divi
347 1056 383 1098 F
386 1054 579 1098 rancisci
601 1061 646 1097 et
668 1054 759 1096 divi
782 1053 1029 1097 Dominici.

325 1133 494 1176 Nostra
516 1131 736 1183 Societas,
764 1130 939 1174 etiamsi
961 1130 1144 1173 minima
1167 1138 1250 1183 est,
1276 1137 1321 1173 et
1338 1145 1454 1186 quae
1470 1131 1610 1186 longo
1627 1129 1871 1174 interuallo

238 1208 324 1252 illis
345 1223 436 1251 non
459 1207 518 1251 sit
539 1207 828 1260 conferenda,
857 1207 939 1250 fuit
963 1214 1114 1250 tamen
1135 1206 1340 1250 similiter
1361 1207 1583 1250 instituta.

330 1288 418 1330 Per
446 1285 674 1342 Ignatium
703 1286 830 1328 Deus
860 1291 1020 1327 auctor
1049 1284 1134 1326 fuit
1162 1283 1303 1326 nostri
1332 1277 1680 1336 instituti.‘Hic,
1714 1284 1872 1328 acciti-s

241 1362 394 1415 sociis,
419 1362 531 1405 illud
553 1361 908 1417 repraesentauit
932 1362 1075 1404 Paulo
1099 1361 1167 1415 3.⁰
1197 1361 1571 1404 confirmandum.
1606 1361 1793 1414 Paulus,
1825 1376 1873 1405 re

241 1439 411 1491 audita,
437 1446 630 1482 testatus
651 1447 736 1491 est,
762 1438 921 1494 spiritu
946 1437 1030 1482 Dei
1052 1439 1226 1481 afflatos
1243 1437 1384 1480 fuisse
1401 1438 1627 1494 ignatium
1645 1446 1690 1481 et
1708 1437 1870 1491 socios,

240 1525 286 1559 et
307 1516 565 1559 institutum
589 1514 877 1558 confirmauit
906 1529 1024 1558 anno
1052 1528 1125 1568 40,
1158 1522 1203 1559 et
1228 1528 1407 1557 rursum
1437 1529 1559 1558 anno
1587 1528 1644 1570 43
1674 1514 1871 1571 -plenius;

240 1608 359 1637 anno
382 1607 491 1636 uero
515 1603 571 1647 50
586 1592 736 1650 Julius
761 1606 785 1647 3
817 1592 1092 1648 plenissime.
1119 1591 1298 1647 Reliqui
1321 1599 1554 1647 praeterea
1575 1606 1750 1653 omnes,
1770 1599 1879 1647 post

243 1673 341 1723 hos,
367 1669 531 1712 summi
554 1669 806 1725 pontifices,
834 1670 906 1713 uel
928 1669 1022 1712 suis
1044 1668 1294 1725 priuilegiis
1315 1676 1360 1712 et
1382 1668 1772 1721 concessionibus,
1795 1671 1867 1713 uel

244 1747 377 1791 viuae
401 1747 527 1790 uocis
539 1746 746 1790 oraculis
763 1747 1164 1790 confirmauerunt.

333 1824 543 1868 Accessit
560 1822 655 1868 'sub
699 1824 782 1867 Pio
809 1837 837 1878 4
866 1823 1043 1867 concilii
1076 1823 1309 1868 tridentini
1338 1824 1599 1867 auctoritas.
1637 1825 1760 1868 Sess.
1797 1835 1870 1879 25,

246 1917 345 1958 cap.
378 1902 445 1954 16,
472 1903 528 1946 de
551 1901 853 1958 regularibus.

336 1980 460 2022 Loco
488 1978 847 2022 confirmationis
879 1977 1062 2022 diuinae
1093 1977 1357 2033 accipimus,
1397 1978 1518 2032 quod
1555 1976 1713 2033 paucis
1749 1977 1887 2021 annis

249 2064 341 2099 tam
363 2057 453 2099 late
474 2062 725 2112 propagata
747 2055 803 2098 sit
828 2070 904 2111 per
934 2070 1089 2099 omnes
1118 2056 1327 2110 Europae
1354 2054 1563 2099 nationes
1591 2053 1796 2099 Societas
1824 2055 1888 2097 ab

252 2179 384 2215 videre
403 2185 463 2215 est
478 2179 519 2215 in
535 2179 651 2214 variis
665 2178 911 2225 adversariis,
929 2178 1106 2225 ejusdem
1119 2178 1271 2214 Natalis
1285 2189 1399 2213 manu
1419 2178 1586 2224 scriptis,
1603 2189 1703 2224 quae
1721 2178 1760 2213 in
1777 2189 1886 2224 prae-

250 2239 331 2274 fato
348 2239 483 2274 codice
501 2244 770 2274 asservantur.
796 2239 893 2274 Nam
911 2250 934 2273 a
951 2238 1017 2276 fol.
1050 2238 1115 2284 167
1138 2238 1186 2274 ad
1213 2238 1274 2273 181
1302 2239 1495 2273 habentur
1517 2237 1640 2284 prima
1663 2236 1891 2272 adversaria

252 2299 491 2344 autographa
508 2297 710 2344 cujusdam
723 2298 944 2345 compendii
957 2297 1072 2344 hujus
1090 2297 1238 2344 scripti,
1259 2296 1385 2332 Patris
1404 2296 1556 2332 Natalis
1577 2308 1694 2332 manu
1713 2301 1884 2332 exarata.

253 2358 339 2392 Hoc
369 2358 591 2403 exemplum
622 2357 861 2403 praecedunt
888 2367 1029 2392 novem
1058 2356 1150 2392 folia
1179 2368 1256 2392 non
1286 2356 1453 2402 signata,
1483 2355 1523 2390 in
1552 2355 1696 2402 quibus
1719 2356 1887 2390 alterum

254 2415 431 2463 ejusdem
454 2415 589 2462 scripti
613 2422 919 2463 transumptum,
949 2417 998 2451 ab
1024 2427 1262 2451 amanuense
1291 2420 1491 2450 exaratum
1522 2420 1562 2450 et
1592 2414 1743 2450 Natalis
1772 2425 1892 2450 manu.

254 2481 471 2512 correctum
489 2504 498 2521 ,
532 2475 782 2522 conspicitur.
819 2476 888 2510 Illa
918 2487 1031 2522 porro
1065 2475 1286 2510 adversaria
1319 2472 1559 2521 autographa
1593 2474 1646 2509 ita
1680 2472 1893 2520 incipiunt:

256 2549 274 2568 «
294 2535 324 2580 †
341 2535 470 2571 Illme.
496 2541 536 2570 et
554 2535 651 2572 R.me
670 2534 850 2572 Domine.
873 2534 1158 2581 Compendium
1179 2546 1326 2576 eorum,
1347 2545 1447 2580 quae
1466 2535 1516 2573 D.
1539 2534 1588 2571 V.
1608 2534 1720 2569 Ill.ma
1739 2532 1891 2579 accepit

254 2593 380 2630 fusius
399 2595 556 2641 scripta.
575 2594 650 2629 Pro
668 2593 863 2629 Societate
877 2595 990 2640 Jesu.
1021 2595 1128 2630 Deus
1153 2600 1213 2630 est
1237 2598 1371 2629 auctor
1393 2593 1567 2638 religiosi
1588 2592 1775 2629 instituti.
1805 2592 1896 2627 Hoc

255 2659 316 2690 est
333 2659 497 2701 certum,
519 2654 586 2689 ubi
603 2653 755 2690 accedit
771 2653 1012 2690 confirmatio
1030 2653 1270 2701 apostolicae
1287 2653 1408 2698 sedis,
1426 2664 1502 2699 qua
1519 2653 1560 2688 in
1577 2663 1619 2688 re
1642 2653 1739 2687 haec
1763 2661 1892 2687 errare

258 2725 336 2749 non
353 2718 554 2760 potest...»
573 2713 730 2748 Desinit
747 2718 877 2748 autem
897 2712 936 2748 in
954 2714 1057 2748 hunc
1076 2712 1245 2748 modum:
1268 2718 1330 2747 «et
1347 2723 1433 2757 nos,
1451 2712 1540 2747 curn
1554 2711 1611 2747 tui
1625 2709 1829 2756 fuerimus,
1843 2709 1898 2745 dev

258 2779 326 2808 tua
343 2772 489 2808 virtute
507 2778 548 2808 et
565 2772 810 2819 benignitate
828 2772 1096 2819 amantissimi,
1118 2778 1158 2808 et
1176 2770 1527 2815 observantissimi,
1553 2771 1626 2806 hoc
1649 2781 1801 2806 summo
1826 2774 1901 2806 tuo

259 2831 452 2867 beneficio
469 2833 586 2878 longe
604 2831 740 2878 majori
758 2831 997 2882 obligatione
1016 2831 1194 2867 deuincis
1213 2831 1252 2866 in
1269 2832 1386 2878 Xpo.;
1406 2842 1532 2877 neque
1551 2829 1655 2865 enim
1670 2829 1895 2866 existimare

259 2891 382 2927 debes
401 2891 525 2926 maius
545 2891 779 2927 beneficium
797 2896 836 2926 te
855 2891 895 2926 in
912 2902 983 2926 nos
1001 2890 1178 2926 conferre
1195 2902 1349 2937 posse.»
1369 2890 1411 2924 In
1429 2884 1609 2936 eXemplo
1625 2900 1648 2924 a
1670 2888 1784 2924 nobis
1807 2888 1899 2924 heic

262 2952 411 2997 prolato
430 2951 582 2986 Natalis
603 2949 896 2986 emendationes
914 2962 984 2985 seu
1002 2949 1221 2985 additiones
1244 2949 1386 2985 litteris
1410 2948 1551 2984 italicis
1574 2954 1711 2984 notare
1734 2947 1892 2994 placuit.

263 3010 371 3046 Folia
384 3015 528 3057 autem,
549 3021 638 3045 cum
655 3009 812 3056 saepius
829 3011 982 3055 signata
996 3009 1156 3054 fuerint,
1169 3021 1192 3044 a
1205 3009 1318 3044 nobis
1333 3009 1451 3044 etiam
1465 3007 1679 3043 novissima
1694 3006 1897 3053 signatura

262 3074 461 3115 notantur,
480 3069 638 3116 antiqua
655 3069 756 3104 intra
771 3068 934 3104 uncinos
951 3067 1119 3114 adjecta.

2066 67 2098 119 ΜΞ)
2050 0 2098 60 ahi
