<?xml version="1.0" encoding="UTF-8"?>
<!DOCTYPE html PUBLIC "-//W3C//DTD XHTML 1.0 Transitional//EN"
    "http://www.w3.org/TR/xhtml1/DTD/xhtml1-transitional.dtd">
<html xmlns="http://www.w3.org/1999/xhtml" xml:lang="en" lang="en">
 <head>
  <title>
</title>
<meta http-equiv="Content-Type" content="text/html;charset=utf-8" />
  <meta name='ocr-system' content='tesseract 3.04.00' />
  <meta name='ocr-capabilities' content='ocr_page ocr_carea ocr_par ocr_line ocrx_word'/>
</head>
<body>
  <div class='ocr_page' id='page_1' title='image "./epistolaephieron04nadauoft_0254.png"; bbox 0 0 2098 3470; ppageno 0'>
   <div class='ocr_carea' id='block_1_1' title="bbox 298 244 1368 283">
    <p class='ocr_par' dir='ltr' id='par_1_1' title="bbox 298 244 1368 283">
     <span class='ocr_line' id='line_1_1' title="bbox 298 244 1368 283; baseline 0 -3"><span class='ocrx_word' id='word_1_1' title='bbox 298 244 368 280; x_wconf 88' lang='lat'>228</span> <span class='ocrx_word' id='word_1_2' title='bbox 767 245 922 283; x_wconf 65' lang='lat' dir='ltr'>Purus</span> <span class='ocrx_word' id='word_1_3' title='bbox 948 246 1191 282; x_wconf 75' lang='lat' dir='ltr'>HmRoNYm</span> <span class='ocrx_word' id='word_1_4' title='bbox 1217 245 1368 281; x_wconf 74' lang='lat' dir='ltr'>NADAL</span> 
     </span>
    </p>
   </div>
   <div class='ocr_carea' id='block_1_2' title="bbox 253 345 1889 711">
    <p class='ocr_par' dir='ltr' id='par_1_2' title="bbox 253 345 1889 711">
     <span class='ocr_line' id='line_1_2' title="bbox 253 345 1889 403; baseline 0.001 -15"><span class='ocrx_word' id='word_1_5' title='bbox 253 346 460 390; x_wconf 88' lang='lat' dir='ltr'>homines</span> <span class='ocrx_word' id='word_1_6' title='bbox 482 346 692 399; x_wconf 84' lang='lat' dir='ltr'>infames,</span> <span class='ocrx_word' id='word_1_7' title='bbox 728 346 1016 399; x_wconf 73' lang='lat' dir='ltr'>excucullafi,</span> <span class='ocrx_word' id='word_1_8' title='bbox 1053 346 1202 391; x_wconf 90' lang='lat' dir='ltr'>uentri</span> <span class='ocrx_word' id='word_1_9' title='bbox 1231 346 1389 400; x_wconf 91' lang='lat' dir='ltr'>dediti,</span> <span class='ocrx_word' id='word_1_10' title='bbox 1414 346 1671 403; x_wconf 87' lang='lat' dir='ltr'>principum</span> <span class='ocrx_word' id='word_1_11' title='bbox 1700 345 1889 390; x_wconf 83' lang='lat' dir='ltr'>ambitio</span> 
     </span>
     <span class='ocr_line' id='line_1_3' title="bbox 254 422 1883 480; baseline -0.001 -14"><span class='ocrx_word' id='word_1_12' title='bbox 254 423 498 467; x_wconf 90' lang='lat' dir='ltr'>aduersum</span> <span class='ocrx_word' id='word_1_13' title='bbox 528 436 774 475; x_wconf 75' lang='lat' dir='ltr'>caesarem,</span> <span class='ocrx_word' id='word_1_14' title='bbox 806 423 1028 480; x_wconf 81' lang='lat' dir='ltr'>rapacitas</span> <span class='ocrx_word' id='word_1_15' title='bbox 1058 423 1280 465; x_wconf 90' lang='lat' dir='ltr'>bonorum</span> <span class='ocrx_word' id='word_1_16' title='bbox 1319 422 1747 474; x_wconf 86' lang='lat' dir='ltr'>ecclesiasticorum,</span> <span class='ocrx_word' id='word_1_17' title='bbox 1779 422 1883 465; x_wconf 90' lang='lat' dir='ltr'>sim·</span> 
     </span>
     <span class='ocr_line' id='line_1_4' title="bbox 255 499 1882 565; baseline 0 -23"><span class='ocrx_word' id='word_1_18' title='bbox 255 499 431 556; x_wconf 89' lang='lat' dir='ltr'>plicitas</span> <span class='ocrx_word' id='word_1_19' title='bbox 448 499 583 544; x_wconf 87' lang='lat' dir='ltr'>etiarn</span> <span class='ocrx_word' id='word_1_20' title='bbox 608 506 796 544; x_wconf 90' lang='lat' dir='ltr'>naturae</span> <span class='ocrx_word' id='word_1_21' title='bbox 819 499 870 556; x_wconf 89' lang='lat' dir='ltr'>(si</span> <span class='ocrx_word' id='word_1_22' title='bbox 892 500 1038 555; x_wconf 79' lang='lat' dir='ltr'>uelis),</span> <span class='ocrx_word' id='word_1_23' title='bbox 1063 499 1249 542; x_wconf 90' lang='lat' dir='ltr'>libertas</span> <span class='ocrx_word' id='word_1_24' title='bbox 1270 499 1421 542; x_wconf 91' lang='lat' dir='ltr'>carnis</span> <span class='ocrx_word' id='word_1_25' title='bbox 1443 500 1572 565; x_wconf 62' lang='lat' dir='ltr'>(qua3</span> <span class='ocrx_word' id='word_1_26' title='bbox 1591 500 1682 542; x_wconf 93' lang='lat' dir='ltr'>duo</span> <span class='ocrx_word' id='word_1_27' title='bbox 1704 499 1882 555; x_wconf 84' lang='lat' dir='ltr'><strong>plebem</strong></span> 
     </span>
     <span class='ocr_line' id='line_1_5' title="bbox 254 575 1885 637; baseline 0 -19"><span class='ocrx_word' id='word_1_28' title='bbox 254 576 340 619; x_wconf 84' lang='lat' dir='ltr'>illis</span> <span class='ocrx_word' id='word_1_29' title='bbox 362 575 638 637; x_wconf 84' lang='lat' dir='ltr'>cpnciliant),</span> <span class='ocrx_word' id='word_1_30' title='bbox 663 576 815 619; x_wconf 89' lang='lat' dir='ltr'>odium</span> <span class='ocrx_word' id='word_1_31' title='bbox 839 577 1059 620; x_wconf 88' lang='lat' dir='ltr'>aduersus</span> <span class='ocrx_word' id='word_1_32' title='bbox 1087 576 1241 618; x_wconf 91' lang='lat' dir='ltr'>sedem</span> <span class='ocrx_word' id='word_1_33' title='bbox 1271 576 1561 632; x_wconf 85' lang='lat' dir='ltr'>apostolicam</span> <span class='ocrx_word' id='word_1_34' title='bbox 1585 584 1630 620; x_wconf 91' lang='lat' dir='ltr'>et</span> <span class='ocrx_word' id='word_1_35' title='bbox 1653 590 1885 619; x_wconf 84' lang='lat' dir='ltr'>romanam</span> 
     </span>
     <span class='ocr_line' id='line_1_6' title="bbox 254 646 1882 711; baseline -0.001 -15"><span class='ocrx_word' id='word_1_36' title='bbox 254 652 491 697; x_wconf 87' lang='lat' dir='ltr'>ecclesiam</span> <span class='ocrx_word' id='word_1_37' title='bbox 513 661 559 696; x_wconf 88' lang='lat' dir='ltr'>et</span> <span class='ocrx_word' id='word_1_38' title='bbox 575 652 928 696; x_wconf 91' lang='lat' dir='ltr'>ecclesiasticum</span> <span class='ocrx_word' id='word_1_39' title='bbox 949 659 1132 695; x_wconf 83' lang='lat' dir='ltr'>statum.</span> <span class='ocrx_word' id='word_1_40' title='bbox 1153 646 1249 695; x_wconf 77' lang='lat' dir='ltr'>N&#39;os</span> <span class='ocrx_word' id='word_1_41' title='bbox 1267 652 1491 711; x_wconf 88' lang='lat' dir='ltr'>sustine[t]</span> <span class='ocrx_word' id='word_1_42' title='bbox 1508 652 1882 710; x_wconf 83' lang='lat' dir='ltr'>ChristusJesus,</span> 
     </span>
    </p>
   </div>
   <div class='ocr_carea' id='block_1_3' title="bbox 257 728 1898 790">
    <p class='ocr_par' dir='ltr' id='par_1_3' title="bbox 257 728 1898 790">
     <span class='ocr_line' id='line_1_7' title="bbox 257 728 1898 790; baseline 0 -18"><span class='ocrx_word' id='word_1_43' title='bbox 257 729 335 786; x_wconf 91' lang='lat' dir='ltr'>qui</span> <span class='ocrx_word' id='word_1_44' title='bbox 358 744 536 786; x_wconf 84' lang='lat' dir='ltr'>semper</span> <span class='ocrx_word' id='word_1_45' title='bbox 559 729 794 773; x_wconf 85' lang='lat' dir='ltr'>ecclesiam</span> <span class='ocrx_word' id='word_1_46' title='bbox 820 729 1109 773; x_wconf 86' lang='lat' dir='ltr'>conseruauit</span> <span class='ocrx_word' id='word_1_47' title='bbox 1137 729 1188 790; x_wconf 24' lang='lat' dir='ltr'>in·</span> <span class='ocrx_word' id='word_1_48' title='bbox 1207 729 1375 773; x_wconf 91' lang='lat' dir='ltr'>unione</span> <span class='ocrx_word' id='word_1_49' title='bbox 1401 737 1419 755; x_wconf 52' lang='grc' dir='ltr'><strong><em>ἃ</em></strong></span> <span class='ocrx_word' id='word_1_50' title='bbox 1441 729 1718 785; x_wconf 91' lang='lat' dir='ltr'>apostolicae</span> <span class='ocrx_word' id='word_1_51' title='bbox 1747 728 1898 781; x_wconf 59' lang='lat' dir='ltr'>sedis,</span> 
     </span>
    </p>
   </div>
   <div class='ocr_carea' id='block_1_4' title="bbox 255 805 1901 2861">
    <p class='ocr_par' dir='ltr' id='par_1_4' title="bbox 255 805 1889 1403">
     <span class='ocr_line' id='line_1_8' title="bbox 257 805 1889 862; baseline -0.001 -13"><span class='ocrx_word' id='word_1_52' title='bbox 257 806 303 849; x_wconf 90' lang='lat' dir='ltr'>in</span> <span class='ocrx_word' id='word_1_53' title='bbox 326 821 554 851; x_wconf 89' lang='lat' dir='ltr'>consensu</span> <span class='ocrx_word' id='word_1_54' title='bbox 575 806 775 849; x_wconf 91' lang='lat' dir='ltr'>omnium</span> <span class='ocrx_word' id='word_1_55' title='bbox 801 813 1070 862; x_wconf 87' lang='lat' dir='ltr'>temporum,</span> <span class='ocrx_word' id='word_1_56' title='bbox 1097 807 1313 850; x_wconf 87' lang='lat' dir='ltr'>ecclesiae</span> <span class='ocrx_word' id='word_1_57' title='bbox 1335 805 1588 862; x_wconf 77' lang='lat' dir='ltr'>integritas,</span> <span class='ocrx_word' id='word_1_58' title='bbox 1614 806 1819 849; x_wconf 90' lang='lat' dir='ltr'>doctrina</span> <span class='ocrx_word' id='word_1_59' title='bbox 1841 812 1889 850; x_wconf 89' lang='lat' dir='ltr'>et</span> 
     </span>
     <span class='ocr_line' id='line_1_9' title="bbox 255 883 1889 940; baseline 0 -14"><span class='ocrx_word' id='word_1_60' title='bbox 255 883 452 937; x_wconf 83' lang='lat' dir='ltr'>bonitas,</span> <span class='ocrx_word' id='word_1_61' title='bbox 477 890 572 926; x_wconf 91' lang='lat' dir='ltr'>tum</span> <span class='ocrx_word' id='word_1_62' title='bbox 601 883 735 928; x_wconf 90' lang='lat' dir='ltr'>etiam</span> <span class='ocrx_word' id='word_1_63' title='bbox 760 883 977 940; x_wconf 77' lang='lat' dir='ltr'>perfectio</span> <span class='ocrx_word' id='word_1_64' title='bbox 1001 889 1091 926; x_wconf 90' lang='lat' dir='ltr'>tam</span> <span class='ocrx_word' id='word_1_65' title='bbox 1121 884 1367 926; x_wconf 88' lang='lat' dir='ltr'>multorum</span> <span class='ocrx_word' id='word_1_66' title='bbox 1392 883 1735 935; x_wconf 85' lang='lat' dir='ltr'>catholicorum,</span> <span class='ocrx_word' id='word_1_67' title='bbox 1762 883 1889 927; x_wconf 87' lang='lat' dir='ltr'>zelus</span> 
     </span>
     <span class='ocr_line' id='line_1_10' title="bbox 255 959 1882 1016; baseline -0.001 -12"><span class='ocrx_word' id='word_1_68' title='bbox 255 975 336 1016; x_wconf 92' lang='lat' dir='ltr'>pro</span> <span class='ocrx_word' id='word_1_69' title='bbox 358 961 555 1004; x_wconf 90' lang='lat' dir='ltr'>Domino</span> <span class='ocrx_word' id='word_1_70' title='bbox 588 961 885 1013; x_wconf 86' lang='lat' dir='ltr'>exercituum,</span> <span class='ocrx_word' id='word_1_71' title='bbox 912 967 1001 1004; x_wconf 89' lang='lat' dir='ltr'>etc.</span> <span class='ocrx_word' id='word_1_72' title='bbox 1033 960 1158 1003; x_wconf 89' lang='lat' dir='ltr'>Nihil</span> <span class='ocrx_word' id='word_1_73' title='bbox 1179 960 1321 1016; x_wconf 87' lang='lat' dir='ltr'>igitur</span> <span class='ocrx_word' id='word_1_74' title='bbox 1349 961 1471 1015; x_wconf 92' lang='lat' dir='ltr'>quod</span> <span class='ocrx_word' id='word_1_75' title='bbox 1498 959 1599 1002; x_wconf 91' lang='lat' dir='ltr'>illos</span> <span class='ocrx_word' id='word_1_76' title='bbox 1629 959 1882 1003; x_wconf 89' lang='lat' dir='ltr'>timeamus.</span> 
     </span>
     <span class='ocr_line' id='line_1_11' title="bbox 257 1026 1886 1096; baseline -0.002 -14"><span class='ocrx_word' id='word_1_77' title='bbox 257 1037 471 1082; x_wconf 89' lang='lat' dir='ltr'>Christus</span> <span class='ocrx_word' id='word_1_78' title='bbox 496 1039 664 1096; x_wconf 90' lang='lat' dir='ltr'>Jhesus</span> <span class='ocrx_word' id='word_1_79' title='bbox 693 1037 802 1080; x_wconf 89' lang='lat' dir='ltr'>uicit</span> <span class='ocrx_word' id='word_1_80' title='bbox 826 1038 1060 1080; x_wconf 91' lang='lat' dir='ltr'>mundum:</span> <span class='ocrx_word' id='word_1_81' title='bbox 1095 1037 1219 1080; x_wconf 83' lang='lat' dir='ltr'>illum</span> <span class='ocrx_word' id='word_1_82' title='bbox 1261 1037 1516 1088; x_wconf 86' lang='lat' dir='ltr'>timeamus,</span> <span class='ocrx_word' id='word_1_83' title='bbox 1542 1026 1619 1092; x_wconf 66' lang='lat' dir='ltr'>ciui</span> <span class='ocrx_word' id='word_1_84' title='bbox 1653 1044 1803 1093; x_wconf 90' lang='lat' dir='ltr'>potest</span> <span class='ocrx_word' id='word_1_85' title='bbox 1841 1035 1886 1078; x_wconf 91' lang='lat' dir='ltr'>in</span> 
     </span>
     <span class='ocr_line' id='line_1_12' title="bbox 257 1113 1886 1172; baseline -0.002 -13"><span class='ocrx_word' id='word_1_86' title='bbox 257 1117 517 1172; x_wconf 85' lang='lat' dir='ltr'>gehennam</span> <span class='ocrx_word' id='word_1_87' title='bbox 547 1114 726 1159; x_wconf 92' lang='lat' dir='ltr'>mittere</span> <span class='ocrx_word' id='word_1_88' title='bbox 762 1117 787 1157; x_wconf 87' lang='lat'>¹.</span> <span class='ocrx_word' id='word_1_89' title='bbox 821 1114 974 1158; x_wconf 79' lang='lat' dir='ltr'>Simus</span> <span class='ocrx_word' id='word_1_90' title='bbox 1010 1114 1117 1157; x_wconf 89' lang='lat' dir='ltr'>boni</span> <span class='ocrx_word' id='word_1_91' title='bbox 1147 1115 1463 1166; x_wconf 86' lang='lat' dir='ltr'>aemulatores,</span> <span class='ocrx_word' id='word_1_92' title='bbox 1495 1121 1539 1159; x_wconf 88' lang='lat' dir='ltr'>et</span> <span class='ocrx_word' id='word_1_93' title='bbox 1570 1113 1680 1156; x_wconf 90' lang='lat' dir='ltr'>nihil</span> <span class='ocrx_word' id='word_1_94' title='bbox 1708 1113 1791 1156; x_wconf 90' lang='lat' dir='ltr'>erit</span> <span class='ocrx_word' id='word_1_95' title='bbox 1830 1113 1886 1156; x_wconf 84' lang='lat' dir='ltr'>ti-</span> 
     </span>
     <span class='ocr_line' id='line_1_13' title="bbox 257 1190 1887 1248; baseline -0.002 -13"><span class='ocrx_word' id='word_1_96' title='bbox 257 1193 489 1236; x_wconf 88' lang='lat' dir='ltr'>mendum.</span> <span class='ocrx_word' id='word_1_97' title='bbox 516 1191 692 1235; x_wconf 90' lang='lat' dir='ltr'>Timeat</span> <span class='ocrx_word' id='word_1_98' title='bbox 713 1206 824 1248; x_wconf 89' lang='lat' dir='ltr'>ergo</span> <span class='ocrx_word' id='word_1_99' title='bbox 847 1190 996 1246; x_wconf 88' lang='lat' dir='ltr'>quiuis</span> <span class='ocrx_word' id='word_1_100' title='bbox 1018 1200 1206 1247; x_wconf 88' lang='lat' dir='ltr'>peccata</span> <span class='ocrx_word' id='word_1_101' title='bbox 1228 1205 1326 1243; x_wconf 84' lang='lat' dir='ltr'>sua,</span> <span class='ocrx_word' id='word_1_102' title='bbox 1352 1193 1408 1234; x_wconf 91' lang='lat' dir='ltr'>ab</span> <span class='ocrx_word' id='word_1_103' title='bbox 1431 1191 1518 1234; x_wconf 89' lang='lat' dir='ltr'>illis</span> <span class='ocrx_word' id='word_1_104' title='bbox 1540 1198 1716 1243; x_wconf 90' lang='lat' dir='ltr'>caueat,</span> <span class='ocrx_word' id='word_1_105' title='bbox 1748 1197 1794 1235; x_wconf 91' lang='lat' dir='ltr'>et</span> <span class='ocrx_word' id='word_1_106' title='bbox 1817 1190 1887 1233; x_wconf 92' lang='lat' dir='ltr'>ni-</span> 
     </span>
     <span class='ocr_line' id='line_1_14' title="bbox 257 1267 1888 1324; baseline -0.001 -12"><span class='ocrx_word' id='word_1_107' title='bbox 257 1268 322 1312; x_wconf 89' lang='lat' dir='ltr'>hil</span> <span class='ocrx_word' id='word_1_108' title='bbox 343 1269 429 1312; x_wconf 91' lang='lat' dir='ltr'>erit</span> <span class='ocrx_word' id='word_1_109' title='bbox 450 1268 572 1324; x_wconf 89' lang='lat' dir='ltr'>quod</span> <span class='ocrx_word' id='word_1_110' title='bbox 594 1269 710 1311; x_wconf 90' lang='lat' dir='ltr'>male</span> <span class='ocrx_word' id='word_1_111' title='bbox 731 1267 815 1310; x_wconf 86' lang='lat' dir='ltr'>sibi</span> <span class='ocrx_word' id='word_1_112' title='bbox 849 1267 991 1323; x_wconf 88' lang='lat' dir='ltr'>possit</span> <span class='ocrx_word' id='word_1_113' title='bbox 1013 1268 1231 1311; x_wconf 90' lang='lat' dir='ltr'>accidere.</span> <span class='ocrx_word' id='word_1_114' title='bbox 1258 1268 1351 1312; x_wconf 86' lang='lat' dir='ltr'>Sed</span> <span class='ocrx_word' id='word_1_115' title='bbox 1372 1275 1552 1320; x_wconf 88' lang='lat' dir='ltr'>contra,</span> <span class='ocrx_word' id='word_1_116' title='bbox 1579 1267 1614 1310; x_wconf 90' lang='lat' dir='ltr'>si</span> <span class='ocrx_word' id='word_1_117' title='bbox 1644 1267 1751 1324; x_wconf 90' lang='lat' dir='ltr'>quid</span> <span class='ocrx_word' id='word_1_118' title='bbox 1774 1281 1888 1310; x_wconf 91' lang='lat' dir='ltr'>con-</span> 
     </span>
     <span class='ocr_line' id='line_1_15' title="bbox 260 1344 1591 1403; baseline -0.002 -13"><span class='ocrx_word' id='word_1_119' title='bbox 260 1346 414 1403; x_wconf 90' lang='lat' dir='ltr'>tigerit</span> <span class='ocrx_word' id='word_1_120' title='bbox 443 1353 628 1402; x_wconf 90' lang='lat' dir='ltr'>propter</span> <span class='ocrx_word' id='word_1_121' title='bbox 650 1345 887 1389; x_wconf 88' lang='lat' dir='ltr'>ueritatem</span> <span class='ocrx_word' id='word_1_122' title='bbox 911 1344 1019 1400; x_wconf 89' lang='lat' dir='ltr'>pati,</span> <span class='ocrx_word' id='word_1_123' title='bbox 1045 1359 1222 1388; x_wconf 87' lang='lat' dir='ltr'>summa</span> <span class='ocrx_word' id='word_1_124' title='bbox 1250 1345 1335 1387; x_wconf 90' lang='lat' dir='ltr'>erit</span> <span class='ocrx_word' id='word_1_125' title='bbox 1357 1344 1591 1388; x_wconf 88' lang='lat' dir='ltr'>foelicitas.</span> 
     </span>
    </p>

    <p class='ocr_par' dir='ltr' id='par_1_5' title="bbox 260 1404 1893 2170">
     <span class='ocr_line' id='line_1_16' title="bbox 348 1404 1888 1478; baseline -0.002 -12"><span class='ocrx_word' id='word_1_126' title='bbox 348 1422 438 1466; x_wconf 91' lang='lat' dir='ltr'>Vbi</span> <span class='ocrx_word' id='word_1_127' title='bbox 474 1423 695 1466; x_wconf 91' lang='lat' dir='ltr'>aduersus</span> <span class='ocrx_word' id='word_1_128' title='bbox 724 1421 823 1464; x_wconf 86' lang='lat' dir='ltr'>illos</span> <span class='ocrx_word' id='word_1_129' title='bbox 860 1423 1089 1478; x_wconf 87' lang='lat' dir='ltr'>agendum</span> <span class='ocrx_word' id='word_1_130' title='bbox 1118 1421 1204 1464; x_wconf 89' lang='lat' dir='ltr'>erit</span> <span class='ocrx_word' id='word_1_131' title='bbox 1235 1404 1311 1465; x_wconf 47' lang='lat' dir='ltr'>„uel</span> <span class='ocrx_word' id='word_1_132' title='bbox 1348 1421 1529 1478; x_wconf 87' lang='lat' dir='ltr'>publice</span> <span class='ocrx_word' id='word_1_133' title='bbox 1569 1422 1640 1466; x_wconf 88' lang='lat' dir='ltr'>uel</span> <span class='ocrx_word' id='word_1_134' title='bbox 1679 1419 1888 1477; x_wconf 86' lang='lat' dir='ltr'>priuatim</span> 
     </span>
     <span class='ocr_line' id='line_1_17' title="bbox 262 1498 1886 1557; baseline -0.001 -14"><span class='ocrx_word' id='word_1_135' title='bbox 262 1500 400 1557; x_wconf 89' lang='lat' dir='ltr'>(quod</span> <span class='ocrx_word' id='word_1_136' title='bbox 423 1500 503 1544; x_wconf 88' lang='lat' dir='ltr'>fiet</span> <span class='ocrx_word' id='word_1_137' title='bbox 524 1513 703 1556; x_wconf 90' lang='lat' dir='ltr'>semper</span> <span class='ocrx_word' id='word_1_138' title='bbox 731 1499 809 1541; x_wconf 91' lang='lat' dir='ltr'>ubi</span> <span class='ocrx_word' id='word_1_139' title='bbox 846 1498 1151 1542; x_wconf 87' lang='lat' dir='ltr'>necessarium</span> <span class='ocrx_word' id='word_1_140' title='bbox 1176 1498 1260 1542; x_wconf 80' lang='lat' dir='ltr'>erit</span> <span class='ocrx_word' id='word_1_141' title='bbox 1283 1499 1357 1542; x_wconf 92' lang='lat' dir='ltr'>uel</span> <span class='ocrx_word' id='word_1_142' title='bbox 1380 1498 1520 1554; x_wconf 88' lang='lat' dir='ltr'>utile),</span> <span class='ocrx_word' id='word_1_143' title='bbox 1547 1498 1591 1541; x_wconf 92' lang='lat' dir='ltr'>id</span> <span class='ocrx_word' id='word_1_144' title='bbox 1619 1499 1696 1542; x_wconf 89' lang='lat' dir='ltr'>fiet</span> <span class='ocrx_word' id='word_1_145' title='bbox 1728 1499 1886 1555; x_wconf 88' lang='lat' dir='ltr'>spiritu</span> 
     </span>
     <span class='ocr_line' id='line_1_18' title="bbox 263 1575 1889 1628; baseline -0.001 -7"><span class='ocrx_word' id='word_1_146' title='bbox 263 1592 370 1621; x_wconf 92' lang='lat' dir='ltr'>uere</span> <span class='ocrx_word' id='word_1_147' title='bbox 393 1576 657 1628; x_wconf 88' lang='lat' dir='ltr'>christiano,</span> <span class='ocrx_word' id='word_1_148' title='bbox 681 1577 768 1619; x_wconf 93' lang='lat' dir='ltr'>hoc</span> <span class='ocrx_word' id='word_1_149' title='bbox 793 1585 877 1628; x_wconf 87' lang='lat' dir='ltr'>est,</span> <span class='ocrx_word' id='word_1_150' title='bbox 903 1576 1127 1627; x_wconf 90' lang='lat' dir='ltr'>modesto,</span> <span class='ocrx_word' id='word_1_151' title='bbox 1152 1575 1327 1627; x_wconf 91' lang='lat' dir='ltr'>humili,</span> <span class='ocrx_word' id='word_1_152' title='bbox 1353 1575 1574 1620; x_wconf 82' lang='lat' dir='ltr'>charitate</span> <span class='ocrx_word' id='word_1_153' title='bbox 1601 1582 1647 1619; x_wconf 91' lang='lat' dir='ltr'>et</span> <span class='ocrx_word' id='word_1_154' title='bbox 1675 1576 1771 1619; x_wconf 92' lang='lat' dir='ltr'>zelo</span> <span class='ocrx_word' id='word_1_155' title='bbox 1801 1577 1889 1621; x_wconf 87' lang='lat' dir='ltr'>fer-</span> 
     </span>
     <span class='ocr_line' id='line_1_19' title="bbox 260 1651 1883 1709; baseline -0.001 -12"><span class='ocrx_word' id='word_1_156' title='bbox 260 1654 385 1705; x_wconf 88' lang='lat' dir='ltr'>uido,</span> <span class='ocrx_word' id='word_1_157' title='bbox 411 1668 516 1696; x_wconf 91' lang='lat' dir='ltr'>cum</span> <span class='ocrx_word' id='word_1_158' title='bbox 539 1653 642 1696; x_wconf 92' lang='lat' dir='ltr'>luce</span> <span class='ocrx_word' id='word_1_159' title='bbox 665 1652 887 1704; x_wconf 85' lang='lat' dir='ltr'>ueritatis,</span> <span class='ocrx_word' id='word_1_160' title='bbox 913 1666 1016 1695; x_wconf 91' lang='lat' dir='ltr'>cum</span> <span class='ocrx_word' id='word_1_161' title='bbox 1039 1651 1291 1695; x_wconf 89' lang='lat' dir='ltr'>constantia</span> <span class='ocrx_word' id='word_1_162' title='bbox 1313 1659 1358 1694; x_wconf 87' lang='lat' dir='ltr'>et</span> <span class='ocrx_word' id='word_1_163' title='bbox 1382 1652 1662 1704; x_wconf 84' lang='lat' dir='ltr'>fortitudine,</span> <span class='ocrx_word' id='word_1_164' title='bbox 1687 1667 1789 1696; x_wconf 91' lang='lat' dir='ltr'>cum</span> <span class='ocrx_word' id='word_1_165' title='bbox 1809 1668 1883 1709; x_wconf 92' lang='lat' dir='ltr'>pa·</span> 
     </span>
     <span class='ocr_line' id='line_1_20' title="bbox 261 1728 1888 1787; baseline -0.002 -13"><span class='ocrx_word' id='word_1_166' title='bbox 261 1730 436 1784; x_wconf 91' lang='lat' dir='ltr'>tientia,</span> <span class='ocrx_word' id='word_1_167' title='bbox 468 1745 572 1774; x_wconf 88' lang='lat' dir='ltr'>cum</span> <span class='ocrx_word' id='word_1_168' title='bbox 611 1729 734 1782; x_wconf 89' lang='lat' dir='ltr'>fidei,</span> <span class='ocrx_word' id='word_1_169' title='bbox 766 1729 861 1785; x_wconf 89' lang='lat' dir='ltr'>spei</span> <span class='ocrx_word' id='word_1_170' title='bbox 898 1729 1180 1785; x_wconf 90' lang='lat' dir='ltr'>plenitudine</span> <span class='ocrx_word' id='word_1_171' title='bbox 1212 1729 1258 1771; x_wconf 92' lang='lat' dir='ltr'>in</span> <span class='ocrx_word' id='word_1_172' title='bbox 1295 1728 1478 1772; x_wconf 89' lang='lat' dir='ltr'>Christo</span> <span class='ocrx_word' id='word_1_173' title='bbox 1508 1730 1670 1787; x_wconf 91' lang='lat' dir='ltr'>Jhesu.</span> <span class='ocrx_word' id='word_1_174' title='bbox 1701 1730 1888 1774; x_wconf 90' lang='lat' dir='ltr'>Nullum</span> 
     </span>
     <span class='ocr_line' id='line_1_21' title="bbox 260 1805 1890 1863; baseline -0.001 -12"><span class='ocrx_word' id='word_1_175' title='bbox 260 1809 452 1852; x_wconf 89' lang='lat' dir='ltr'>uerbum</span> <span class='ocrx_word' id='word_1_176' title='bbox 482 1822 508 1850; x_wconf 90' lang='lat' dir='ltr'>a</span> <span class='ocrx_word' id='word_1_177' title='bbox 536 1806 668 1850; x_wconf 90' lang='lat' dir='ltr'>nobis</span> <span class='ocrx_word' id='word_1_178' title='bbox 704 1807 905 1858; x_wconf 90' lang='lat' dir='ltr'>audiant,</span> <span class='ocrx_word' id='word_1_179' title='bbox 937 1806 1060 1861; x_wconf 89' lang='lat' dir='ltr'>quod</span> <span class='ocrx_word' id='word_1_180' title='bbox 1098 1806 1172 1850; x_wconf 90' lang='lat' dir='ltr'>uel</span> <span class='ocrx_word' id='word_1_181' title='bbox 1206 1805 1491 1862; x_wconf 89' lang='lat' dir='ltr'>interpretari</span> <span class='ocrx_word' id='word_1_182' title='bbox 1529 1806 1630 1862; x_wconf 90' lang='lat' dir='ltr'>quis</span> <span class='ocrx_word' id='word_1_183' title='bbox 1665 1807 1808 1863; x_wconf 89' lang='lat' dir='ltr'>possit</span> <span class='ocrx_word' id='word_1_184' title='bbox 1843 1807 1890 1850; x_wconf 91' lang='lat' dir='ltr'>in</span> 
     </span>
     <span class='ocr_line' id='line_1_22' title="bbox 260 1882 1889 1939; baseline -0.001 -11"><span class='ocrx_word' id='word_1_185' title='bbox 260 1899 420 1928; x_wconf 90' lang='lat' dir='ltr'>eorum</span> <span class='ocrx_word' id='word_1_186' title='bbox 443 1883 652 1927; x_wconf 91' lang='lat' dir='ltr'>iniuriam</span> <span class='ocrx_word' id='word_1_187' title='bbox 675 1883 750 1928; x_wconf 91' lang='lat' dir='ltr'>uel</span> <span class='ocrx_word' id='word_1_188' title='bbox 773 1883 988 1936; x_wconf 88' lang='lat' dir='ltr'>conuitia,</span> <span class='ocrx_word' id='word_1_189' title='bbox 1013 1883 1087 1926; x_wconf 88' lang='lat' dir='ltr'>uel</span> <span class='ocrx_word' id='word_1_190' title='bbox 1118 1882 1414 1939; x_wconf 84' lang='lat' dir='ltr'>ignominiam</span> <span class='ocrx_word' id='word_1_191' title='bbox 1437 1897 1538 1926; x_wconf 91' lang='lat' dir='ltr'>esse</span> <span class='ocrx_word' id='word_1_192' title='bbox 1568 1883 1723 1937; x_wconf 79' lang='lat' dir='ltr'>dictu,</span> <span class='ocrx_word' id='word_1_193' title='bbox 1739 1891 1889 1927; x_wconf 92' lang='lat' dir='ltr'>tanm-</span> 
     </span>
     <span class='ocr_line' id='line_1_23' title="bbox 261 1960 1893 2007; baseline -0.001 -2"><span class='ocrx_word' id='word_1_194' title='bbox 261 1969 358 2005; x_wconf 90' lang='lat' dir='ltr'>tum</span> <span class='ocrx_word' id='word_1_195' title='bbox 382 1961 716 2007; x_wconf 84' lang='lat' dir='ltr'>feruentissime</span> <span class='ocrx_word' id='word_1_196' title='bbox 737 1960 954 2004; x_wconf 88' lang='lat' dir='ltr'>ueritates</span> <span class='ocrx_word' id='word_1_197' title='bbox 976 1961 1258 2004; x_wconf 87' lang='lat' dir='ltr'>orthodoxae</span> <span class='ocrx_word' id='word_1_198' title='bbox 1281 1974 1332 2003; x_wconf 86' lang='lat' dir='ltr'>ac</span> <span class='ocrx_word' id='word_1_199' title='bbox 1355 1960 1719 2005; x_wconf 90' lang='lat' dir='ltr'>constantissime</span> <span class='ocrx_word' id='word_1_200' title='bbox 1740 1960 1758 1987; x_wconf 78' lang='lat'>¹³</span> <span class='ocrx_word' id='word_1_201' title='bbox 1779 1968 1893 2004; x_wconf 90' lang='lat' dir='ltr'>sunt</span> 
     </span>
     <span class='ocr_line' id='line_1_24' title="bbox 261 2036 1891 2094; baseline -0.001 -11"><span class='ocrx_word' id='word_1_202' title='bbox 261 2039 532 2083; x_wconf 83' lang='lat' dir='ltr'>asserendae</span> <span class='ocrx_word' id='word_1_203' title='bbox 554 2052 607 2081; x_wconf 94' lang='lat' dir='ltr'>ac</span> <span class='ocrx_word' id='word_1_204' title='bbox 628 2038 987 2094; x_wconf 84' lang='lat' dir='ltr'>propugnandae</span> <span class='ocrx_word' id='word_1_205' title='bbox 1009 2036 1055 2079; x_wconf 92' lang='lat' dir='ltr'>in</span> <span class='ocrx_word' id='word_1_206' title='bbox 1078 2051 1255 2080; x_wconf 91' lang='lat' dir='ltr'>summa</span> <span class='ocrx_word' id='word_1_207' title='bbox 1277 2051 1360 2079; x_wconf 90' lang='lat' dir='ltr'>sua</span> <span class='ocrx_word' id='word_1_208' title='bbox 1387 2037 1663 2093; x_wconf 77' lang='lat' dir='ltr'>synCeritate</span> <span class='ocrx_word' id='word_1_209' title='bbox 1691 2052 1744 2081; x_wconf 89' lang='lat' dir='ltr'>ac</span> <span class='ocrx_word' id='word_1_210' title='bbox 1770 2038 1891 2083; x_wconf 91' lang='lat' dir='ltr'>ueri-</span> 
     </span>
     <span class='ocr_line' id='line_1_25' title="bbox 263 2113 1440 2170; baseline -0.003 -11"><span class='ocrx_word' id='word_1_211' title='bbox 263 2123 371 2169; x_wconf 93' lang='lat' dir='ltr'>tate,</span> <span class='ocrx_word' id='word_1_212' title='bbox 396 2130 574 2159; x_wconf 90' lang='lat' dir='ltr'>summa</span> <span class='ocrx_word' id='word_1_213' title='bbox 597 2129 700 2167; x_wconf 76' lang='lat' dir='ltr'>cum</span> <span class='ocrx_word' id='word_1_214' title='bbox 721 2113 907 2170; x_wconf 88' lang='lat' dir='ltr'>spiritus</span> <span class='ocrx_word' id='word_1_215' title='bbox 930 2113 1137 2157; x_wconf 87' lang='lat' dir='ltr'>libertate</span> <span class='ocrx_word' id='word_1_216' title='bbox 1159 2113 1203 2156; x_wconf 91' lang='lat' dir='ltr'>in</span> <span class='ocrx_word' id='word_1_217' title='bbox 1227 2113 1440 2156; x_wconf 89' lang='lat' dir='ltr'>Domino.</span> 
     </span>
    </p>

    <p class='ocr_par' dir='ltr' id='par_1_6' title="bbox 262 2190 1901 2861">
     <span class='ocr_line' id='line_1_26' title="bbox 350 2190 1892 2246; baseline 0 -11"><span class='ocrx_word' id='word_1_218' title='bbox 350 2192 475 2236; x_wconf 89' lang='lat' dir='ltr'>Nihil</span> <span class='ocrx_word' id='word_1_219' title='bbox 492 2191 580 2235; x_wconf 92' lang='lat' dir='ltr'>illis</span> <span class='ocrx_word' id='word_1_220' title='bbox 598 2191 835 2235; x_wconf 88' lang='lat' dir='ltr'>credamus</span> <span class='ocrx_word' id='word_1_221' title='bbox 858 2191 913 2233; x_wconf 93' lang='lat' dir='ltr'>de</span> <span class='ocrx_word' id='word_1_222' title='bbox 937 2190 1132 2246; x_wconf 88' lang='lat' dir='ltr'>puritate</span> <span class='ocrx_word' id='word_1_223' title='bbox 1153 2191 1436 2246; x_wconf 86' lang='lat' dir='ltr'>dogmatum,</span> <span class='ocrx_word' id='word_1_224' title='bbox 1457 2191 1512 2234; x_wconf 90' lang='lat' dir='ltr'>ad</span> <span class='ocrx_word' id='word_1_225' title='bbox 1529 2190 1698 2234; x_wconf 86' lang='lat' dir='ltr'>nullam</span> <span class='ocrx_word' id='word_1_226' title='bbox 1717 2192 1790 2235; x_wconf 93' lang='lat' dir='ltr'>uel</span> <span class='ocrx_word' id='word_1_227' title='bbox 1808 2191 1892 2235; x_wconf 91' lang='lat' dir='ltr'>mi-</span> 
     </span>
     <span class='ocr_line' id='line_1_27' title="bbox 262 2266 1896 2323; baseline 0 -11"><span class='ocrx_word' id='word_1_228' title='bbox 262 2270 429 2312; x_wconf 89' lang='lat' dir='ltr'>nimam</span> <span class='ocrx_word' id='word_1_229' title='bbox 467 2267 817 2313; x_wconf 90' lang='lat' dir='ltr'>declarationem</span> <span class='ocrx_word' id='word_1_230' title='bbox 850 2268 907 2311; x_wconf 92' lang='lat' dir='ltr'>ab</span> <span class='ocrx_word' id='word_1_231' title='bbox 936 2267 1113 2310; x_wconf 90' lang='lat' dir='ltr'>illorum</span> <span class='ocrx_word' id='word_1_232' title='bbox 1146 2266 1406 2323; x_wconf 89' lang='lat' dir='ltr'>integritate</span> <span class='ocrx_word' id='word_1_233' title='bbox 1442 2267 1784 2322; x_wconf 86' lang='lat' dir='ltr'>conniueamus,</span> <span class='ocrx_word' id='word_1_234' title='bbox 1815 2270 1896 2313; x_wconf 90' lang='lat' dir='ltr'>sed</span> 
     </span>
     <span class='ocr_line' id='line_1_28' title="bbox 264 2343 1894 2404; baseline -0.001 -14"><span class='ocrx_word' id='word_1_235' title='bbox 264 2349 329 2404; x_wconf 89' lang='lat' dir='ltr'>(ut</span> <span class='ocrx_word' id='word_1_236' title='bbox 352 2360 530 2402; x_wconf 89' lang='lat' dir='ltr'>semper</span> <span class='ocrx_word' id='word_1_237' title='bbox 551 2345 614 2388; x_wconf 90' lang='lat' dir='ltr'>ita</span> <span class='ocrx_word' id='word_1_238' title='bbox 642 2358 765 2387; x_wconf 92' lang='lat' dir='ltr'>nunc</span> <span class='ocrx_word' id='word_1_239' title='bbox 794 2343 1001 2399; x_wconf 84' lang='lat' dir='ltr'>maxime)</span> <span class='ocrx_word' id='word_1_240' title='bbox 1031 2343 1396 2399; x_wconf 89' lang='lat' dir='ltr'>syncerissimam</span> <span class='ocrx_word' id='word_1_241' title='bbox 1435 2343 1742 2401; x_wconf 85' lang='lat' dir='ltr'>integritatem</span> <span class='ocrx_word' id='word_1_242' title='bbox 1769 2346 1894 2399; x_wconf 81' lang='lat' dir='ltr'>fidei,</span> 
     </span>
     <span class='ocr_line' id='line_1_29' title="bbox 263 2420 1894 2481; baseline -0.001 -14"><span class='ocrx_word' id='word_1_243' title='bbox 263 2425 549 2481; x_wconf 88' lang='lat' dir='ltr'>dogmatum,</span> <span class='ocrx_word' id='word_1_244' title='bbox 575 2421 776 2465; x_wconf 91' lang='lat' dir='ltr'>omnium</span> <span class='ocrx_word' id='word_1_245' title='bbox 808 2421 1120 2472; x_wconf 87' lang='lat' dir='ltr'>traditionum,</span> <span class='ocrx_word' id='word_1_246' title='bbox 1153 2420 1538 2464; x_wconf 88' lang='lat' dir='ltr'>caeremoniarum</span> <span class='ocrx_word' id='word_1_247' title='bbox 1567 2423 1894 2467; x_wconf 87' lang='lat' dir='ltr'>ecclesiastica-</span> 
     </span>
     <span class='ocr_line' id='line_1_30' title="bbox 265 2497 1892 2556; baseline 0 -13"><span class='ocrx_word' id='word_1_248' title='bbox 265 2515 382 2552; x_wconf 89' lang='lat' dir='ltr'>rum,</span> <span class='ocrx_word' id='word_1_249' title='bbox 423 2499 756 2556; x_wconf 90' lang='lat' dir='ltr'>obligationum</span> <span class='ocrx_word' id='word_1_250' title='bbox 793 2505 930 2553; x_wconf 87' lang='lat' dir='ltr'>atque</span> <span class='ocrx_word' id='word_1_251' title='bbox 967 2497 1376 2550; x_wconf 85' lang='lat' dir='ltr'>obseruantiarum,</span> <span class='ocrx_word' id='word_1_252' title='bbox 1407 2505 1517 2550; x_wconf 90' lang='lat' dir='ltr'>etc.,</span> <span class='ocrx_word' id='word_1_253' title='bbox 1553 2513 1892 2549; x_wconf 81' lang='lat' dir='ltr'>conseruemus,</span> 
     </span>
     <span class='ocr_line' id='line_1_31' title="bbox 266 2574 1899 2634; baseline -0.001 -14"><span class='ocrx_word' id='word_1_254' title='bbox 266 2578 573 2634; x_wconf 85' lang='lat' dir='ltr'>profiteamur,</span> <span class='ocrx_word' id='word_1_255' title='bbox 599 2574 908 2632; x_wconf 89' lang='lat' dir='ltr'>praedicemus</span> <span class='ocrx_word' id='word_1_256' title='bbox 939 2588 991 2616; x_wconf 91' lang='lat' dir='ltr'>ac</span> <span class='ocrx_word' id='word_1_257' title='bbox 1014 2589 1372 2631; x_wconf 87' lang='lat' dir='ltr'>propugnemus:</span> <span class='ocrx_word' id='word_1_258' title='bbox 1401 2589 1550 2630; x_wconf 89' lang='lat' dir='ltr'>neque</span> <span class='ocrx_word' id='word_1_259' title='bbox 1577 2576 1783 2620; x_wconf 89' lang='lat' dir='ltr'>excusari</span> <span class='ocrx_word' id='word_1_260' title='bbox 1807 2578 1899 2619; x_wconf 85' lang='lat' dir='ltr'>hac</span> 
     </span>
     <span class='ocr_line' id='line_1_32' title="bbox 267 2651 1897 2712; baseline -0.001 -15"><span class='ocrx_word' id='word_1_261' title='bbox 267 2655 313 2697; x_wconf 92' lang='lat' dir='ltr'>in</span> <span class='ocrx_word' id='word_1_262' title='bbox 337 2660 463 2710; x_wconf 88' lang='lat' dir='ltr'>parte</span> <span class='ocrx_word' id='word_1_263' title='bbox 485 2666 743 2709; x_wconf 83' lang='lat' dir='ltr'>possumUS,</span> <span class='ocrx_word' id='word_1_264' title='bbox 768 2651 891 2706; x_wconf 83' lang='lat' dir='ltr'>quod</span> <span class='ocrx_word' id='word_1_265' title='bbox 915 2651 1104 2693; x_wconf 90' lang='lat' dir='ltr'>fortasse</span> <span class='ocrx_word' id='word_1_266' title='bbox 1128 2651 1334 2712; x_wconf 87' lang='lat' dir='ltr'>nonnulli</span> <span class='ocrx_word' id='word_1_267' title='bbox 1356 2651 1408 2708; x_wconf 51' lang='lat' dir='ltr'>(si</span> <span class='ocrx_word' id='word_1_268' title='bbox 1430 2651 1540 2694; x_wconf 91' lang='lat' dir='ltr'>nihil</span> <span class='ocrx_word' id='word_1_269' title='bbox 1562 2651 1647 2694; x_wconf 90' lang='lat' dir='ltr'>illis</span> <span class='ocrx_word' id='word_1_270' title='bbox 1670 2653 1897 2697; x_wconf 86' lang='lat' dir='ltr'>conceda-</span> 
     </span>
     <span class='ocr_line' id='line_1_33' title="bbox 268 2727 1901 2787; baseline 0 -14"><span class='ocrx_word' id='word_1_271' title='bbox 268 2731 384 2787; x_wconf 90' lang='lat' dir='ltr'>mus)</span> <span class='ocrx_word' id='word_1_272' title='bbox 407 2730 653 2774; x_wconf 88' lang='lat' dir='ltr'>deteriores</span> <span class='ocrx_word' id='word_1_273' title='bbox 675 2730 800 2780; x_wconf 88' lang='lat' dir='ltr'>fient,</span> <span class='ocrx_word' id='word_1_274' title='bbox 825 2728 899 2770; x_wconf 94' lang='lat' dir='ltr'>uel</span> <span class='ocrx_word' id='word_1_275' title='bbox 921 2727 1104 2770; x_wconf 90' lang='lat' dir='ltr'>omnino</span> <span class='ocrx_word' id='word_1_276' title='bbox 1134 2742 1224 2770; x_wconf 91' lang='lat' dir='ltr'>non</span> <span class='ocrx_word' id='word_1_277' title='bbox 1253 2734 1360 2771; x_wconf 89' lang='lat' dir='ltr'>sunt</span> <span class='ocrx_word' id='word_1_278' title='bbox 1387 2727 1537 2771; x_wconf 88' lang='lat' dir='ltr'>omnia</span> <span class='ocrx_word' id='word_1_279' title='bbox 1566 2729 1745 2782; x_wconf 87' lang='lat' dir='ltr'>facturi,</span> <span class='ocrx_word' id='word_1_280' title='bbox 1781 2743 1901 2784; x_wconf 89' lang='lat' dir='ltr'>quae</span> 
     </span>
     <span class='ocr_line' id='line_1_34' title="bbox 269 2804 1899 2861; baseline -0.001 -11"><span class='ocrx_word' id='word_1_281' title='bbox 269 2808 489 2860; x_wconf 82' lang='lat' dir='ltr'>dicemus3</span> <span class='ocrx_word' id='word_1_282' title='bbox 521 2821 627 2849; x_wconf 90' lang='lat' dir='ltr'>nam</span> <span class='ocrx_word' id='word_1_283' title='bbox 667 2812 820 2849; x_wconf 90' lang='lat' dir='ltr'>nostra</span> <span class='ocrx_word' id='word_1_284' title='bbox 848 2819 939 2846; x_wconf 92' lang='lat' dir='ltr'>non</span> <span class='ocrx_word' id='word_1_285' title='bbox 968 2811 1037 2848; x_wconf 92' lang='lat' dir='ltr'>est</span> <span class='ocrx_word' id='word_1_286' title='bbox 1067 2804 1257 2848; x_wconf 85' lang='lat' dir='ltr'>facultas</span> <span class='ocrx_word' id='word_1_287' title='bbox 1283 2804 1590 2861; x_wconf 88' lang='lat' dir='ltr'>dispensandi:</span> <span class='ocrx_word' id='word_1_288' title='bbox 1631 2805 1899 2851; x_wconf 84' lang='lat' dir='ltr'>absoluendi</span> 
     </span>
    </p>
   </div>
   <div class='ocr_carea' id='block_1_5' title="bbox 270 2897 400 2902">
    <p class='ocr_par' dir='ltr' id='par_1_7' title="bbox 270 2897 400 2902">
     <span class='ocr_line' id='line_1_35' title="bbox 270 2897 400 2902; baseline 0 0"><span class='ocrx_word' id='word_1_289' title='bbox 270 2897 400 2902; x_wconf 95' lang='lat' dir='ltr'> </span> 
     </span>
    </p>
   </div>
   <div class='ocr_carea' id='block_1_6' title="bbox 403 2896 549 2901">
    <p class='ocr_par' dir='ltr' id='par_1_8' title="bbox 403 2896 549 2901">
     <span class='ocr_line' id='line_1_36' title="bbox 403 2896 549 2901; baseline 0 0"><span class='ocrx_word' id='word_1_290' title='bbox 403 2896 549 2901; x_wconf 95' lang='lat' dir='ltr'> </span> 
     </span>
    </p>
   </div>
   <div class='ocr_carea' id='block_1_7' title="bbox 339 2936 1252 2974">
    <p class='ocr_par' dir='ltr' id='par_1_9' title="bbox 339 2936 1252 2974">
     <span class='ocr_line' id='line_1_37' title="bbox 339 2936 1252 2974; baseline -0.003 0"><span class='ocrx_word' id='word_1_291' title='bbox 339 2950 357 2967; x_wconf 79' lang='lat' dir='ltr'>a</span> <span class='ocrx_word' id='word_1_292' title='bbox 406 2939 583 2974; x_wconf 82' lang='lat' dir='ltr'>unionae</span> <span class='ocrx_word' id='word_1_293' title='bbox 603 2948 674 2972; x_wconf 87' lang='lat' dir='ltr'>ms.</span> <span class='ocrx_word' id='word_1_294' title='bbox 727 2937 792 2963; x_wconf 85' lang='lat' dir='ltr'>—b</span> <span class='ocrx_word' id='word_1_295' title='bbox 818 2936 1164 2971; x_wconf 81' lang='lat' dir='ltr'>constantissimae</span> <span class='ocrx_word' id='word_1_296' title='bbox 1181 2946 1252 2971; x_wconf 88' lang='lat' dir='ltr'>ms.</span> 
     </span>
    </p>
   </div>
   <div class='ocr_carea' id='block_1_8' title="bbox 273 3015 464 3020">
    <p class='ocr_par' dir='ltr' id='par_1_10' title="bbox 273 3015 464 3020">
     <span class='ocr_line' id='line_1_38' title="bbox 273 3015 464 3020; baseline 0 0"><span class='ocrx_word' id='word_1_297' title='bbox 273 3015 464 3020; x_wconf 95' lang='lat' dir='ltr'> </span> 
     </span>
    </p>
   </div>
   <div class='ocr_carea' id='block_1_9' title="bbox 346 3048 741 3095">
    <p class='ocr_par' dir='ltr' id='par_1_11' title="bbox 346 3048 741 3095">
     <span class='ocr_line' id='line_1_39' title="bbox 346 3048 741 3095; baseline -0.003 -10"><span class='ocrx_word' id='word_1_298' title='bbox 346 3053 355 3073; x_wconf 91' lang='lat'>¹</span> <span class='ocrx_word' id='word_1_299' title='bbox 407 3051 595 3094; x_wconf 82' lang='lat' dir='ltr'>MATTH.‚</span> <span class='ocrx_word' id='word_1_300' title='bbox 613 3050 663 3095; x_wconf 92' lang='lat' dir='ltr'>X,</span> <span class='ocrx_word' id='word_1_301' title='bbox 683 3048 741 3084; x_wconf 85' lang='lat'>28.</span> 
     </span>
    </p>
   </div>
   <div class='ocr_carea' id='block_1_10' title="bbox 2088 1627 2098 2012">
    <p class='ocr_par' dir='ltr' id='par_1_12' title="bbox 2088 1591 2098 2012">
     <span class='ocr_line' id='line_1_40' title="bbox 2088 1627 2098 2012; textangle 90"><span class='ocrx_word' id='word_1_302' title='bbox 2088 1856 2098 2012; x_wconf 29' lang='grc' dir='ltr'>..ιμ’-...ΑΔ</span> <span class='ocrx_word' id='word_1_303' title='bbox 2091 1717 2098 1837; x_wconf 53' lang='lat' dir='ltr'>u-——fflm</span> <span class='ocrx_word' id='word_1_304' title='bbox 2094 1684 2098 1698; x_wconf 85' lang='lat'>-.</span> <span class='ocrx_word' id='word_1_305' title='bbox 2090 1627 2098 1657; x_wconf 53' lang='lat' dir='ltr'>m.</span> 
     </span>
    </p>
   </div>
   <div class='ocr_carea' id='block_1_11' title="bbox 2030 2100 2098 3470">
    <p class='ocr_par' dir='ltr' id='par_1_13' title="bbox 2030 2100 2098 3470">
     <span class='ocr_line' id='line_1_41' title="bbox 2030 2100 2098 3470; baseline 0 0"><span class='ocrx_word' id='word_1_306' title='bbox 2030 2100 2098 3470; x_wconf 95' lang='lat' dir='ltr'> </span> 
     </span>
    </p>
   </div>
  </div>
 </body>
</html>
