2098 3470
341 290 409 316 100
811 284 964 321 erms
991 285 1027 319 H
1033 292 1235 320 [Enoiwm
1263 285 1412 321 NADAL

377 385 419 426 8.
446 384 638 441 Hispani
661 394 875 429 escusant
896 401 944 430 se
968 401 1056 430 non
1080 402 1211 443 posse
1234 387 1389 430 uenire
1411 387 1457 429 in
1480 387 1669 440 Italiam,
1695 389 1775 432 sed
1797 390 1916 444 quod

287 474 444 503 eamus
462 461 518 503 ad
536 474 630 514 eos,
650 469 728 504 aut
746 470 763 487 ³
780 461 1026 506 differatur.
1041 463 1331 519 Accipiamus
1348 462 1365 487 b
1383 463 1559 506 illorum
1578 463 1916 508 excusationem

287 538 543 591 honestam,
579 546 624 582 et
647 538 709 583 ita
731 539 950 583 diferatur
972 541 1029 583 ad
1051 541 1173 584 aliud
1195 548 1374 596 tempus
1395 540 1542 596 magis
1563 547 1855 596 oportunum.

374 629 416 672 9.
445 616 599 670 Quum
619 616 772 671 plures
794 616 992 661 rationes
1008 625 1115 660 sunt
1137 619 1193 662 ad
1211 618 1520 660 excusandum
1544 625 1560 643 ⁰
1578 632 1661 661 nos
1678 633 1768 660 non
1787 632 1919 674 posse

284 691 349 734 ire
371 706 506 747 quam
529 692 614 749 ipsi
636 694 835 737 habeant
857 693 1069 737 ueniendi
1091 696 1148 739 ad
1169 709 1268 748 nos,
1294 694 1478 750 insuper
1495 695 1648 750 plures
1673 709 1756 738 nos
1777 695 1918 747 habe-

284 783 386 812 mus
408 769 684 814 dificultates
705 769 724 795 ἀ
748 785 882 826 quam
906 771 1007 827 ipsi,
1033 772 1246 815 cedamus
1269 786 1382 828 ergo
1407 771 1610 828 tempori.

372 862 417 899 x,
443 848 564 902 quod
587 847 742 900 timeo,
763 862 820 891 ne
838 862 1086 904 arguamur
1102 848 1288 892 leuitate
1311 849 1431 904 apud
1456 847 1576 892 uiros
1597 849 1826 902 cordatos,
1846 849 1918 892 his

284 923 562 980 temporibus
579 923 789 968 belicosis
810 932 856 968 et
878 924 1035 968 estiuis
1057 924 1280 981 proficisci
1302 925 1348 968 in
1370 925 1632 981 Hispanias,
1654 939 1738 968 nec
1755 932 1823 968 est
1841 939 1917 982 pe-

284 1001 471 1044 tendum
495 1016 521 1044 a
543 1016 674 1058 papa:
701 1002 788 1044 hec
806 1001 892 1044 fuit
914 1002 1130 1046 resolutio
1154 1002 1295 1058 prime
1317 1003 1451 1045 diete.

373 1079 538 1121 Postea
555 1077 798 1132 instarunt,
812 1086 864 1121 ut
880 1079 1300 1123 commendaremus
1316 1079 1479 1123 iterum
1493 1081 1670 1123 Deo-—e
1686 1086 1756 1123 est
1772 1078 1914 1124 liben-

284 1163 366 1207 ter;
391 1162 437 1197 et
459 1154 520 1197 ita
543 1155 713 1198 factum
735 1162 819 1198 est.
848 1155 1014 1199 Postea
1035 1155 1306 1212 congregati
1326 1156 1655 1208 concludimus,
1681 1151 1803 1211 quod
1824 1171 1915 1199 non

283 1237 409 1286 petat
439 1246 464 1274 a
495 1246 612 1287 papa
650 1227 921 1275 licentiamf
944 1231 1082 1275 eundi
1118 1232 1163 1275 in
1196 1232 1456 1288 Hispanias.
1493 1245 1535 1286 2,
1567 1246 1653 1276 nec
1689 1233 1910 1276 consulat.

290 1321 331 1362 3,
357 1309 478 1363 quod
506 1308 724 1365 magister
762 1309 940 1365 Laynes
962 1309 1107 1352 obiter
1129 1303 1280 1352 narret
1308 1317 1326 1341 g
1348 1309 1581 1352 historiam
1611 1324 1721 1353 suae
1749 1310 1914 1353 sancti·

287 1384 384 1437 tati,
406 1392 450 1429 et
471 1399 633 1428 causas
654 1384 673 1410 h
697 1400 838 1441 quare
860 1400 951 1428 non
974 1387 1024 1428 fit
1039 1386 1311 1442 capitulum.
1336 1386 1463 1430 Fecit
1485 1386 1697 1429 officium:
1724 1401 1913 1442 respon-

283 1462 359 1504 det
382 1470 491 1505 tunc
520 1477 650 1518 papa:
677 1464 806 1506 «Non
829 1463 1023 1505 consulo
1046 1471 1096 1505 ut
1117 1462 1230 1506 eatis
1252 1463 1299 1505 in
1321 1462 1612 1519 Hispanias.»
1639 1475 1681 1506 2.
1712 1463 1910 1519 «gUultis

281 1553 450 1594 negare
487 1538 496 1564 i
532 1540 714 1583 fidem?»
753 1553 794 1594 3.
836 1539 1154 1585 <‹Differatur.»
1192 1539 1202 1572 J'
1237 1542 1402 1584 Postea
1438 1540 1602 1583 iterum
1639 1539 1826 1592 instant,
1864 1549 1924 1583 utv

281 1623 503 1671 petamus.
530 1618 598 1659 Ex
627 1618 836 1659 consulto
866 1616 1056 1661 fecimus
1080 1616 1307 1660 orationes
1328 1616 1347 1642 k
1374 1624 1418 1660 et
1447 1618 1728 1660 celebramus
1759 1631 1904 1661 sacra.

281 1693 411 1735 Tunc
434 1694 679 1751 respondet
701 1692 711 1718 ¹
734 1694 814 1737 sic:

368 1769 428 1823 xi,
455 1771 592 1826 quod,
618 1771 744 1814 salua
767 1770 1058 1823 conscientia,
1084 1764 1172 1827 ego
1193 1786 1283 1814 non
1313 1785 1490 1826 possem
1520 1770 1687 1815 sentire
1717 1771 1912 1828 amplius

279 1861 379 1890 esse
396 1848 659 1903 petendum,
681 1849 805 1903 quod
823 1862 938 1904 papa
956 1847 1084 1903 quasi
1101 1849 1336 1891 consultus
1354 1847 1585 1904 respondit
1605 1856 1649 1901 ¹¹¹,
1669 1856 1714 1891 et
1732 1848 1911 1893 uidere·

279 1931 352 1966 tur
373 1932 393 1949 ¹¹
415 1939 498 1967 nos
514 1931 670 1980 petere
691 1925 970 1978 missionem,
991 1925 1111 1980 quod
1134 1932 1203 1969 est
1225 1931 1382 1967 contra
1403 1926 1549 1978 bulas,
1570 1924 1707 1984 immo
1724 1924 1911 1969 instare.

367 2001 445 2057 xij,
472 2003 593 2057 quod
615 2001 864 2046 timendum
888 2009 1006 2046 esset
1029 2016 1085 2045 ne
1107 1989 1384 2046 irritaremus
1407 2002 1457 2047 S.
1482 2002 1550 2054 S„
1583 2002 1656 2044 uel
1687 1993 1808 2057 Quod
1833 2017 1910 2045 su-

278 2077 528 2133 spicaretur
550 2080 719 2123 malum
736 2079 792 2122 de
811 2079 957 2134 nobis,
978 2079 1103 2135 quod
1126 2079 1256 2122 absit.

366 2155 460 2211 xiij,
486 2157 607 2211 quod
629 2156 666 2199 si
690 2158 742 2199 P.
769 2158 804 2199 F
808 2157 1039 2200 ranciscus
1067 2158 1075 2177 ¹
1101 2171 1192 2199 non
1215 2163 1362 2212 potest
1386 2155 1556 2208 uenire,
1589 2170 1673 2200 nec
1701 2164 1719 2182 ⁰
1746 2156 1909 2212 permi-

279 2239 379 2275 tunt
402 2247 504 2275 eum
529 2233 702 2287 uenire,
722 2236 854 2286 forte,
875 2234 912 2277 si
935 2233 1181 2290 eligeretur
1203 2232 1443 2290 generalis,
1469 2233 1620 2276 minus
1646 2233 1908 2289 permitere-

278 2318 350 2352 tur
374 2310 533 2354 uenire
555 2310 744 2363 Italiam,
769 2318 815 2354 et
838 2318 949 2353 tunc
973 2310 1332 2366 periclitarentur
1354 2309 1503 2353 omnia
1524 2309 1700 2366 colegia
1721 2309 1908 2366 gallica-

278 2401 352 2440 na,
378 2387 640 2443 germanica
664 2395 709 2431 et
731 2387 895 2431 italica.

363 2463 473 2520 xiiij,
500 2465 622 2519 quod
657 2464 912 2520 praesentia
940 2479 1083 2520 papae
1114 2470 1159 2506 et
1186 2462 1453 2519 protectoris
1476 2463 1490 2485 ‘⁴'
1519 2470 1588 2505 est
1615 2462 1746 2506 nobis
1777 2463 1908 2506 ualde

346 2623 363 2640 a
415 2617 456 2647 ut
476 2624 551 2649 ms.
609 2614 675 2640 -b
702 2616 936 2659 accepamus
955 2623 1026 2647 ms.
1077 2621 1141 2638 —c
1166 2611 1418 2646 exusandum
1435 2622 1511 2660 1¹35·
1565 2612 1631 2638 —d
1657 2610 1911 2658 difigultates

275 2684 346 2711 ms,
399 2682 463 2699 -e
489 2673 620 2708 Unum
636 2672 799 2707 verbum
818 2672 982 2706 obscure
1001 2676 1199 2706 exaratum
1225 2670 1390 2704 habetur
1408 2675 1496 2715 post
1514 2670 1676 2705 verbum
1712 2669 1810 2705 Deo.
1860 2689 1907 2696 —

271 2733 285 2759 s
307 2722 473 2768 licentia
499 2743 572 2767 ms.
623 2742 690 2765 —g
716 2730 839 2766 obiret
869 2730 996 2765 Naret
1027 2741 1100 2765 ms.
1153 2750 1178 2755 —
1199 2731 1218 2756 h
1242 2728 1305 2763 ias
1327 2739 1398 2763 ms.
1451 2730 1507 2755 ——i
1533 2740 1707 2776 regnare
1730 2740 1807 2764 ms.
1861 2749 1904 2754 —

268 2793 278 2824 j
305 2791 513 2838 diferetur
543 2803 616 2826 ms.
668 2793 736 2818 —k
769 2793 949 2826 oratores
978 2801 1050 2824 ms.
1110 2789 1165 2815 —1
1197 2787 1348 2824 seilicet
1371 2787 1590 2823 Bobadilla.
1646 2798 1721 2816 -m
1746 2791 1908 2835 respon-

270 2851 376 2886 didit
395 2861 466 2888 mS.
521 2870 553 2875 -
569 2861 588 2877 ¹1
614 2851 770 2885 videret
787 2860 863 2884 ms.
918 2859 983 2875 —0
1010 2860 1058 2883 ne
1077 2859 1149 2883 ms.

342 2978 352 2996 ¹
405 2975 446 3011 S.
467 2975 698 3011 Franciscus
717 2974 872 3021 Borgia,
892 2971 1183 3009 commissarius
1201 2971 1398 3018 generalis
1416 2971 1625 3008 Societatis
1643 2971 1903 3018 inHispania.

339 3034 353 3055 2
403 3034 632 3082 Rodulphus
662 3035 754 3071 Pius
780 3034 828 3069 de
859 3033 989 3080 Carpi,
1016 3032 1222 3068 cardinalis
1250 3031 1473 3078 carpensis,
1493 3036 1575 3067 erat
1594 3030 1801 3067 Societatis
1818 3042 1914 3078 pro-¹>

268 3103 392 3135 tector
402 3125 411 3134 .
