2098 3470
298 245 369 283 316
773 248 927 285 Pauus
953 249 1200 287 Humoiwm
1230 249 1380 286 NADAL

245 350 472 393 habemus
510 348 631 393 enim
653 350 907 406 exemplum
947 350 1090 394 nostri
1129 351 1279 394 Patris
1316 351 1480 407 Ignatii
1510 352 1553 394 in
1585 352 1781 407 duobus,
1813 355 1892 408 qui

248 439 374 469 nunc
398 433 505 468 sunt
528 425 573 468 in
598 426 828 471 Societate
852 427 935 471 uiri
958 427 1176 484 primarii,
1202 436 1248 471 et
1272 435 1463 484 uterque
1484 436 1582 472 erat
1610 430 1786 484 doctor3
1812 431 1893 474 sed

249 502 386 546 simul
409 503 683 547 contrarium
707 505 927 549 habemus
944 506 1201 561 exemplum
1221 505 1364 561 ipsius
1382 505 1529 549 Patris
1545 506 1711 562 Ignatii
1728 506 1775 550 in
1792 507 1896 551 aliis

251 580 435 623 duobus
463 580 743 634 doctoribus,
776 581 942 637 quibus
970 582 1080 624 illud
1111 582 1236 625 nullo
1259 590 1390 638 pacto
1419 582 1565 626 uoluit
1593 585 1832 627 consulere
1860 586 1887 626 ¹.

344 657 695 701 Duodecimum:
717 665 763 701 at
779 673 888 703 uero
906 658 984 702 ubi
1002 658 1180 714 aliquis,
1199 659 1277 714 qui
1300 658 1491 703 idoneus
1508 659 1717 703 uideatur
1734 660 1791 704 ad
1808 661 1892 705 So-

249 733 484 786 cietatem,
511 733 662 777 animo
700 735 1005 788 constituerit,
1041 743 1086 779 et
1108 743 1290 792 expetat
1327 735 1520 789 admitti,
1562 736 1757 792 primum
1779 750 1892 780 con-

255 811 422 854 stantia
445 811 544 855 eius
580 820 649 855 est
686 812 963 868 exploranda
1000 812 1282 868 aliquandiu:
1318 814 1440 868 quod
1477 813 1514 856 si
1536 812 1762 858 iudicetur
1791 828 1892 858 esse

249 897 487 942 constans,
515 897 610 932 tum
648 889 813 945 poterit
836 889 898 932 illi
937 889 1184 946 significati
1220 891 1340 934 nolle
1373 905 1457 933 nos
1485 890 1611 933 illum
1633 890 1889 943 admittere,

256 965 343 1008 nisi
368 967 536 1010 habeat
564 973 802 1022 parentum
829 972 1042 1020 suorum,
1082 967 1154 1010 vel
1181 981 1355 1020 eorum,
1387 967 1464 1023 qui
1494 967 1764 1024 legittimam
1794 967 1894 1011 eius

256 1042 432 1086 habent
449 1055 621 1096 curam,
647 1056 935 1096 consensum,
961 1050 1005 1086 et
1027 1043 1222 1099 idipsum
1245 1044 1421 1088 debere.
1433 1058 1598 1100 vrgere
1620 1058 1700 1100 per
1720 1043 1891 1096 literaS,

251 1119 294 1162 si
321 1126 583 1176 praesentes
605 1134 696 1163 non
718 1121 900 1173 adsunt;
926 1128 971 1164 et
993 1120 1030 1163 si
1053 1121 1125 1164 vel
1156 1120 1458 1172 consentiant,
1494 1122 1563 1165 vel
1595 1120 1779 1164 omnino
1801 1135 1893 1164 non

258 1196 536 1241 dissentiant
552 1205 778 1253 parentes,
805 1195 944 1253 re‘cipi
966 1205 1191 1253 poterunt.

346 1273 790 1318 Decimumtertium:
813 1275 869 1317 ad
887 1274 1122 1330 superiora
1134 1274 1245 1317 illud
1262 1282 1331 1317 est
1349 1276 1623 1318 addendum:
1639 1289 1774 1330 posse
1791 1288 1893 1326 nos,

256 1350 335 1394 vbi
359 1350 520 1406 aliquis
543 1350 808 1409 occurrerit,
841 1366 975 1406 quem
1004 1351 1308 1394 iudicaremus
1337 1353 1394 1395 ad
1416 1351 1691 1396 Societatem
1719 1358 1891 1408 aptum,

253 1435 303 1472 et
325 1428 535 1484 hic-puer
557 1443 648 1472 non
670 1436 805 1482 esset,
827 1429 883 1486 [ei
906 1429 1057 1473 dicere
1074 1430 1211 1484 quod,
1233 1430 1303 1484 ad]
1325 1429 1585 1485 eligendum
1603 1430 1660 1471 de
1676 1435 1799 1471 statu
1825 1428 1893 1470 vi-

257 1513 331 1549 tae
354 1520 481 1560 suae,
502 1513 622 1550 esset
644 1505 708 1548 illi
732 1505 841 1550 utile
864 1506 937 1563 [ad
958 1508 1047 1549 hoc
1070 1520 1119 1549 se
1140 1506 1396 1563 disponere]
1419 1520 1499 1562 per
1516 1504 1894 1549 communicatio-
1948 1499 1958 1506 ’

256 1597 361 1627 nem
383 1582 703 1627 exercitiorum
727 1583 1027 1639 spiritualium
1060 1591 1094 1627 a.
1120 1582 1251 1626 Esset
1280 1583 1387 1627 item
1419 1582 1527 1626 utile
1555 1582 1669 1635 aliis,
1695 1596 1812 1638 quos
1835 1583 1891 1625 ad

260 1662 386 1702 hunc
410 1674 601 1716 scopum
624 1661 836 1703 uolumus
859 1660 1034 1712 iuuare,
1059 1661 1403 1704 consuleremus
1425 1674 1508 1703 suo
1530 1661 1631 1703 loco
1659 1660 1894 1703 commode

250 1743 313 1779 .ut
351 1737 643 1781 instituerent
670 1739 822 1780 facere
859 1737 1192 1781 confessionem
1230 1737 1490 1793 generalem
1530 1736 1733 1779 omnium
1757 1735 1896 1779 totius

255 1814 384 1858 uitae
406 1821 699 1871 peccatorum
720 1815 876 1867 semel;
903 1822 948 1858 et
977 1829 1069 1857 non
1097 1814 1328 1857 videretur
1350 1813 1546 1857 alienum
1576 1813 1614 1856 si
1637 1813 1725 1856 illis
1749 1814 1895 1858 trade-

259 1906 411 1935 remus
433 1891 648 1935 exercitia
685 1891 856 1948 primae
886 1893 1215 1944 hebdomadae,
1255 1899 1300 1935 et
1324 1892 1541 1947 pauculas
1579 1890 1896 1935 meditationes

254 1969 384 2013 iuxta
405 1984 473 2022 ea,
495 1984 611 2025 quae
633 1976 850 2012 notantur
872 1969 918 2011 in
941 1969 1109 2012 vltimis
1126 1968 1352 2025 capitibus
1373 1968 1619 2025 primarum
1637 1967 1898 2029 annotatio·

257 2061 367 2089 num
391 2046 717 2091 exercitiorum
740 2054 1018 2091 nostrorum.

354 2125 433 2177 Vt,
461 2124 612 2180 quoad
641 2123 740 2167 eius
777 2123 876 2166 fieri
913 2124 1095 2180 poterit,
1128 2123 1330 2180 proxime
1367 2124 1637 2168 accedamus
1665 2123 1721 2166 ad
1751 2123 1898 2179 perfe—

253 2201 459 2246 ctionem
482 2200 819 2244 institutionum
843 2209 1099 2244 nostrarum
1134 2202 1485 2255 obseruandam‚
1510 2208 1556 2245 et
1583 2215 1642 2245 ne
1664 2183 1896 2244 videamur

258 2278 487 2337 stipendia
509 2277 661 2335 aliqua
682 2278 753 2322 vel
777 2278 962 2321 omnino
983 2277 1154 2334 aliquid
1176 2278 1276 2320 loco
1299 2277 1571 2322 elem0sinae
1593 2276 1797 2333 accipere
1814 2291 1896 2332 pro

256 2355 430 2399 nostris
467 2354 727 2400 ministeriis
765 2355 837 2398 vel
876 2354 1204 2408 functionibus,
1235 2354 1448 2410 primum,
1474 2368 1577 2397 cum
1607 2368 1699 2400 non
1729 2353 1786 2397 sit
1809 2368 1894 2396 no-

257 2421 402 2475 strum
426 2432 672 2489 collegium
694 2431 901 2475 dotatum
924 2431 1240 2487 prouentibus,
1268 2445 1510 2486 possumus
1533 2446 1588 2474 ex
1616 2429 1827 2474 instituto
1849 2437 1895 2472 et

258 2510 378 2552 dona
400 2517 445 2554 et
467 2509 735 2553 elemosinas
764 2508 984 2564 accipere,
1011 2523 1102 2551 non
1132 2509 1189 2551 ab
1217 2508 1316 2551 aliis
1345 2509 1508 2560 solum,
1535 2508 1615 2552 sed
1646 2508 1704 2551 ab
1741 2507 1895 2550 scola-

251 2583 382 2630 sticis
405 2585 530 2642 ipsis,
556 2586 693 2629 modo
717 2585 980 2641 simpliciter
1009 2585 1056 2628 in
1084 2585 1376 2628 elemosinam
1404 2585 1587 2637 dentur,
1613 2591 1659 2628 et
1689 2583 1893 2626 nomina—

261 2663 338 2706 tim
364 2677 454 2706 non
484 2664 741 2707 referantur
769 2663 826 2705 ad
855 2669 1011 2705 nostra
1049 2661 1280 2707 exercitia.
1323 2662 1461 2717 Quod
1499 2675 1607 2705 vero
1644 2660 1808 2705 attinet
1838 2660 1895 2702 ad

255 2740 363 2794 alia,
390 2755 507 2796 quae
529 2740 758 2797 accipiunt
780 2739 921 2783 nostri
945 2755 999 2784 ex
1023 2738 1386 2796 promotionibus
1415 2745 1460 2782 et
1484 2736 1894 2795 argumentationi-

332 2887 350 2904 a
401 2876 544 2923 Aliqua
561 2876 704 2912 omissa
722 2881 813 2911 sunt
832 2875 871 2910 in
890 2887 979 2921 ms.,
1007 2886 1108 2922 quae
1126 2873 1343 2921 supplenda
1360 2873 1558 2909 duximus.

335 3003 343 3023 ¹
395 3004 508 3039 Unus
527 3015 575 3039 ex
594 3003 654 3039 his
674 3002 746 3038 fuit
764 3003 848 3050 ipse
873 3003 920 3038 P.
947 3003 1112 3037 Natalis.
1138 3001 1199 3038 Cf.
1227 3001 1311 3047 ejus
1335 3001 1573 3043 chronicon,
1598 3000 1726 3047 Epist.
1747 3000 1794 3035 P.
1815 2998 1900 3035 Na·

255 3063 345 3105 dal,
366 3063 397 3109 1,
422 3071 477 3107 15.
