2098 3470
334 221 404 267 928
704 270 706 272 .
906 226 1043 263 Emsr.
1073 226 1116 263 P.
1145 226 1295 261 NADAL

1799 329 1884 359 Paz-

1769 367 1910 380 ——q

284 386 349 432 34.
405 389 519 434 Quae
537 389 636 425 dixit
656 390 768 426 Pater
787 391 935 427 Natalis
957 392 1221 427 monachiensi
1236 392 1393 432 rectori.
1407 391 1455 427 ad
1470 393 1772 440 exequutionem

473 449 701 494 praesertim
719 449 924 486 attinentia
959 477 1766 488 ...................................
1822 451 1892 488 233

283 505 346 551 35.
403 507 516 552 Quae
537 509 651 544 Pater
670 509 818 544 Natalis
841 509 880 546 Ρ.
902 511 1123 555 Dominico,
1143 509 1283 545 rectori
1304 510 1579 558 monachiensi,
1602 511 1717 547 dixit.
1732 537 1742 547 .
1756 538 1765 548 .
1822 511 1894 548 236

282 564 343 600 36.
402 567 515 612 Quae
533 567 631 603 dixit
651 568 766 603 Pater
785 568 934 604 Natalis
952 570 1093 604 rectori
1113 568 1376 604 monachiensi
1383 595 1765 606 .................
1821 570 1891 607 236

282 623 346 670 37.
402 627 515 672 Quae
533 626 633 662 dixit
653 627 768 663 Pater
784 627 934 663 Natalis
954 629 996 665 P.
1019 629 1138 663 Paulo
1157 627 1334 674 Hoffan,
1353 629 1550 674 Dilingae,
1570 628 1773 665 referenda

472 685 514 722 P.
535 686 743 722 Dominico
763 687 962 733 Mengino,
983 689 1064 734 Jul.
1094 687 1182 732 1566
1188 713 1764 726 .........................
1821 697 1887 734 241

281 743 346 780 38.
401 746 603 792 Responsa
625 746 726 781 Patri
747 747 904 793 LanoJ'o,
922 759 1023 782 anno
1045 747 1134 791 1562
1140 773 1763 784 ...........................
1820 747 1891 793 243

281 802 344 849 39.
400 803 658 841 Observanda
677 817 698 840 a
715 806 858 842 nostris
875 806 1099 842 doctoribus
1120 806 1347 852 Ingolstadii
1354 832 1761 844 ..................
1818 808 1888 854 248

281 873 344 907 4ο.
402 864 515 909 Quae
533 864 632 900 dixit
651 865 766 900 Pater
785 865 933 901 Natalis
951 865 1092 901 rectori
1118 865 1415 911 ingolstadiensi
1438 865 1487 900 de
1513 867 1646 912 rebus,
1670 878 1770 913 quae

470 923 518 958 ad
537 929 783 970 praesentem
801 925 1073 960 executionem
1091 930 1271 970 spectant
1279 950 1762 961 .....................
1818 933 1891 971 249

277 991 320 1024 41
333 1008 342 1017 .
399 983 512 1028 Quae
530 983 646 1018 Pater
664 983 814 1019 Natalis
831 983 930 1019 dixit
949 984 987 1018 in
1001 983 1169 1029 collegio
1183 990 1412 1029 augustano.
1432 984 1644 1022 Novembr.
1664 984 1767 1029 1562.
1818 993 1888 1030 254

278 1051 342 1086 42.
399 1042 512 1087 Quae
529 1041 628 1076 dixit
646 1042 761 1077 Pater
778 1042 929 1077 Natalis
948 1043 1166 1088 Augustae,
1186 1042 1208 1076 6
1227 1042 1326 1078 Nov.
1352 1042 1442 1086 1566
1447 1068 1759 1079 ..............
1817 1052 1886 1089 255

276 1099 341 1145 43.
398 1101 511 1146 Quae
531 1100 631 1136 dixit
654 1101 770 1136 Pater
788 1101 937 1137 Natalis
963 1101 1105 1136 rectori
1131 1101 1341 1147 dilingensi
1360 1101 1588 1148 exequenda
1613 1101 1762 1138 statim.

471 1160 560 1204 1566
567 1186 1760 1196 ..................................................
1817 1170 1886 1206 257

277 1227 342 1261 44.
399 1217 541 1264 Aliqua
559 1230 608 1253 ex
627 1218 689 1265 iis,
704 1210 806 1266 vquae
823 1219 922 1255 dixit
941 1220 1055 1254 Pater
1073 1219 1222 1255 Natalis
1241 1220 1423 1266 Dilingae
1440 1219 1630 1255 secundo.
1654 1220 1760 1263 1566.
1817 1229 1888 1266 259

277 1285 342 1321 45.
398 1275 508 1321 Quae
526 1277 627 1312 dixit
646 1278 760 1314 Pater
778 1278 926 1314 Natalis
951 1279 1133 1324 Dilingae
1152 1278 1324 1314 secundo
1329 1305 1759 1314 ...................
1816 1280 1888 1315 260

277 1335 340 1380 46.
398 1335 714 1372 Consuetudines
731 1337 916 1383 Dilingae
934 1342 1130 1384 receptae,
1154 1349 1253 1384 quae
1273 1349 1351 1373 non
1375 1337 1556 1373 videntur
1580 1337 1673 1373 alibi
1691 1337 1767 1373 usi-

400 1425 403 1428 .
469 1401 1426 1432 tatae....................................
1441 1423 1759 1432 ..............
1815 1397 1885 1441 265

690 1494 973 1526 Monumenta
989 1493 1247 1535 provinciae
1266 1494 1490 1527 Austriae.

275 1582 336 1619 47.
395 1575 508 1620 Quae
526 1574 626 1609 dixit
643 1575 758 1610 Pater
776 1574 925 1610 Natalis
943 1574 1083 1610 rectori
1102 1574 1307 1610 viennensi
1334 1585 1435 1610 anno
1464 1574 1552 1619 1563
1563 1600 1760 1610 .........
1817 1575 1891 1610 266

274 1633 339 1678 48.
394 1634 606 1669 Instructio
623 1645 692 1680 pro
710 1634 754 1668 P.
774 1634 959 1679 Victoria,
981 1633 1082 1669 facta
1102 1646 1123 1669 a
1148 1634 1263 1669 Patre
1287 1634 1415 1669 Natali
1440 1644 1540 1669 anno
1560 1632 1650 1677 1563
1659 1659 1762 1669 .....
1818 1634 1889 1679 278

329 1720 336 1729 .
394 1694 506 1739 Quae
535 1692 635 1728 dixit
666 1693 780 1728 Pater
810 1693 959 1728 Natalis
989 1693 1128 1728 rectori
1159 1693 1364 1728 viennensi
1395 1692 1634 1739 exequenda,
1664 1704 1764 1728 anno

464 1752 555 1797 1566
560 1777 1754 1788 ...................................................
1809 1750 1879 1786 283

325 1838 333 1846 .
390 1810 602 1857 Catalogus
622 1810 781 1848 fratrum
800 1817 840 1846 et
865 1812 1022 1846 Patrum
1045 1811 1202 1857 collegii
1226 1810 1432 1846 Societatis
1456 1812 1552 1856 Jesu
1571 1810 1760 1855 Viennae,

463 1879 476 1905 1
484 1871 552 1915 566
558 1895 1754 1906 ..................................................
1809 1867 1879 1904 303

325 1955 334 1964 .
391 1930 601 1965 Instructio
625 1929 674 1964 de
697 1928 886 1976 personis,
907 1929 956 1964 de
981 1929 1192 1974 defunctis,
1210 1929 1336 1976 deque
1356 1929 1466 1964 initio
1489 1934 1528 1964 et
1552 1933 1761 1975 augmento

459 1989 616 2035 collegii
636 1988 874 2032 viennensis,
895 1988 942 2023 ad
961 2001 1104 2024 annum
1127 1988 1216 2033 1566
1234 1988 1425 2023 inclusive
1435 2013 1752 2024 ..............
1807 1986 1878 2022 306

664 2087 948 2119 monumenta
977 2086 1233 2127 provinciae
1257 2086 1501 2119 rhenanae.

270 2176 332 2211 52.
389 2168 501 2213 Quae
520 2168 635 2202 Pater
654 2167 803 2202 Natalis
821 2166 921 2201 dixit
939 2166 977 2201 in
997 2165 1407 2212 collegio-coloniensi.
1428 2165 1517 2210 1562
1527 2190 1748 2201 ..........
1804 2164 1874 2203 312

268 2226 331 2271 53.
387 2228 500 2273 Quae
518 2226 617 2262 dixit
641 2227 755 2261 Pater
781 2226 928 2260 Natalis
953 2225 1156 2271 Herbipoli
1181 2226 1286 2260 Patri
1310 2224 1552 2272 provinciali,
1578 2225 1624 2259 26
1648 2224 1752 2260 Νον.

462 2285 552 2331 1566
557 2309 1749 2323 ...................................................
1804 2282 1876 2318 320

268 2357 330 2391 54.
387 2347 499 2391 Quae
518 2346 633 2380 Pater
651 2344 800 2379 Natalis
818 2344 916 2379 dixit
935 2344 1170 2389 Moguntiae.
1190 2352 1211 2389 7
1231 2345 1317 2389 Jan.
1341 2344 1430 2388 1567
1436 2369 1747 2379 ..............
1803 2341 1873 2378 326

269 2414 332 2450 55.
387 2406 499 2452 Quae
517 2405 616 2440 dixit
636 2404 749 2439 Pater
768 2403 918 2438 Natalis
937 2404 975 2438 in
994 2404 1160 2448 collegio
1179 2402 1420 2448 moguntino.
1443 2404 1529 2448 jan.
1552 2402 1638 2446 1567
1648 2428 1752 2437 .....
1805 2400 1875 2447 335

268 2464 330 2508 56.
387 2465 499 2510 Quae
522 2464 634 2498 Pater
653 2462 802 2498 Natalis
826 2462 1019 2497 ordinavit
1044 2462 1083 2497 in
1106 2462 1272 2508 collegio
1297 2461 1516 2497 trevirensi.
1543 2459 1752 2507 Apr.-Maj.
1941 2465 1945 2468 '

459 2523 548 2567 1567
554 2547 889 2559 ...............
898 2543 900 2545 -
906 2545 1743 2557 ....................................
1799 2517 1870 2564 339

667 2620 949 2651 monumenta
966 2618 1222 2658 provinciae
1239 2616 1492 2650 Flandriae.

268 2710 330 2746 57.
387 2702 498 2746 Quae
517 2700 617 2735 dixit
638 2700 750 2734 Pater
767 2699 916 2734 Natalis
936 2698 1110 2734 Lovanii.
1133 2698 1221 2743 1567
1241 2704 1306 2733 aut
1328 2697 1416 2742 1568
1425 2723 1744 2733 ..............
1799 2695 1865 2742 341

268 2761 329 2805 58.
386 2762 498 2807 Quae
515 2759 616 2795 dixit
634 2760 749 2794 Pater
767 2758 916 2794 Natalis
934 2758 974 2793 in
991 2757 1156 2803 collegio
1174 2757 1412 2794 dionantino.
1433 2757 1612 2802 Augusto
1634 2757 1752 2801 1567..
1778 2748 1872 2800 ’355

269 2829 330 2866 59.
386 2820 511 2855 Patris
529 2819 679 2854 Natalis
698 2818 918 2863 instructio,
939 2818 981 2853 P.
1002 2817 1149 2853 Didaco
1167 2817 1216 2852 de
1235 2817 1380 2852 Acosta
1397 2816 1486 2851 data
1500 2815 1753 2862 Antuerpiae.

459 2879 557 2924 Majo
579 2878 667 2922 1568
673 2902 1317 2913 ...........................
1334 2904 1336 2907 .
1357 2899 1745 2911 .................
1800 2871 1870 2918 358

266 2941 329 2974 oo.
387 2937 600 2984 Dispositio
633 2937 824 2972 variarum
853 2947 981 2971 rerum
1012 2935 1050 2970 in
1081 2935 1247 2980 collegio
1272 2934 1504 2971 tornacensi.
1529 2941 1635 2977 22-25
1661 2932 1751 2970 Oct.

460 3007 474 3032 1
483 2998 547 3043 567
554 3017 1746 3032 ...................................................
1801 2990 1870 3030 362
