2098 3470
301 247 373 282 610
774 248 928 285 Pauus
954 250 1197 286 Hmnomrm
1223 249 1374 284 NAnAL

256 347 612 404 exequutionem
642 364 815 403 eorum,
840 365 920 407 per
948 365 1065 407 quae
1102 365 1151 394 se
1188 357 1316 406 parat
1348 351 1405 394 ad
1441 351 1618 395 edenda
1655 349 1888 407 religionis

256 432 362 468 vota
383 425 601 469 nouitius.
629 426 718 470 Vbi
739 441 848 471 vero
869 428 963 471 edit
985 436 1090 471 vota
1118 427 1355 483 simplicia,
1381 442 1471 470 non
1501 428 1646 471 solum
1675 425 1886 473 executio

256 509 468 546 censetur
496 511 788 556 commutata,
815 506 895 548 sed
923 512 1079 548 votum
1109 504 1243 548 etiam
1281 504 1327 546 in
1357 512 1530 558 votum,
1556 507 1678 560 quod
1709 505 1886 553 etiamsi

255 593 346 622 non
370 579 429 622 sit
450 580 654 634 solenne,
680 588 750 624 est
772 589 923 626 tamen
946 588 1217 638 perpetuum
1256 596 1312 625 ex
1341 589 1468 637 parte
1491 583 1720 636 vouentis,
1747 591 1793 628 et
1821 585 1886 629 sic

255 655 365 699 satis
393 657 445 699 fit
481 647 618 713 capiti
655 658 935 714 Scripturae‚
965 666 1107 702 extra.
1143 659 1215 699 De
1250 661 1347 700 voto
1375 662 1416 701 et
1447 660 1535 701 voti
1570 660 1889 716 redemptione;

256 733 519 788 praesertim
545 748 684 790 quum
709 736 842 791 plane
871 735 1053 790 impleat
1086 744 1244 777 votum
1276 733 1526 790 religionis,
1551 735 1629 791 qui
1660 736 1706 779 in
1729 737 1888 782 Socie-

257 817 393 853 tatem
415 809 669 854 admittitur
690 818 735 856 et
753 812 989 855 retinetur.
1014 813 1071 866 Et
1091 818 1241 855 tamen
1259 811 1417 865 nostri,
1437 811 1476 856 si
1497 817 1584 859 648
1601 814 1890 859 soluerentur

256 887 389 940 votis,
414 887 604 932 redituri
626 896 778 932 essent
807 890 863 931 ad
892 888 1091 945 priorum
1130 895 1341 931 votorum
1379 889 1722 946 obligationem.
1755 892 1890 946 Quae

255 978 364 1007 vero
386 950 495 1007 sunt
515 972 623 1008 vota
643 965 971 1010 determinatae
994 964 1241 1021 religionis,
1261 980 1315 1008 ea
1336 979 1427 1008 non
1445 965 1742 1022 intelligimus
1763 981 1890 1011 com-

255 1042 436 1094 mutari,
462 1042 543 1086 sed
565 1042 764 1085 solemus
786 1044 1008 1085 hactenus
1037 1041 1207 1094 videre,
1233 1042 1270 1085 si
1300 1056 1355 1085 ex
1385 1042 1545 1086 merito
1574 1057 1795 1099 personae
1821 1044 1889 1087 vi-

254 1119 415 1162 deatur
431 1132 570 1162 causa
591 1133 706 1172 esse,
728 1126 1002 1175 quapropter
1020 1119 1252 1172 facultate,
1274 1114 1410 1174 quain
1428 1119 1688 1176 accepimus
1704 1120 1890 1177 dispen-

254 1194 400 1248 sandi,
425 1201 606 1238 vtamur
627 1195 671 1238 in
695 1196 782 1248 his,
807 1195 844 1238 si
870 1204 1020 1239 tamen
1043 1195 1247 1238 habitum
1278 1196 1454 1239 nullum
1477 1195 1710 1252 religionis
1732 1197 1890 1242 indue-

254 1279 376 1325 runt3
402 1286 507 1315 nam
530 1272 568 1315 si
589 1271 861 1325 induissent,
888 1287 960 1317 res
984 1272 1120 1317 fuerit
1148 1272 1388 1325 difficilior,
1414 1280 1460 1316 et
1482 1287 1605 1316 noua
1633 1281 1755 1318 esset
1776 1289 1891 1331 opus

255 1348 612 1405 dispensatione.

344 1425 542 1470 Professi
565 1434 610 1470 et
632 1427 918 1470 coadiutores
940 1427 1121 1469 formati
1143 1442 1234 1470 non
1255 1434 1479 1471 renouant
1500 1434 1621 1470 vota.

342 1502 436 1558 Qui
453 1503 656 1556 student,
677 1510 723 1548 et
746 1512 850 1546 actu
874 1503 1034 1546 nouitii
1058 1518 1149 1547 non
1166 1511 1289 1556 sunt,
1310 1505 1598 1548 renouabunt
1616 1503 1686 1547 bis
1704 1503 1751 1546 in
1771 1519 1892 1548 anno

254 1587 376 1623 vota:
413 1581 472 1622 ad
503 1569 787 1623 natiuitatem
821 1588 866 1622 et
896 1581 1061 1625 festum
1086 1582 1143 1624 D.
1170 1580 1375 1638 Joannis.
1408 1580 1504 1623 Erit
1533 1587 1687 1625 autem
1718 1595 1889 1625 conue-

253 1657 383 1700 niens
401 1664 449 1700 vt
466 1656 511 1700 id
527 1657 606 1700 fiat
623 1657 696 1701 die
713 1657 1071 1701 circumcisionis
1088 1666 1133 1701 et
1150 1658 1223 1702 die
1240 1660 1289 1703 S.
1311 1658 1434 1701 Petri
1457 1646 1503 1702 et
1516 1658 1651 1702 -Pauli
1672 1658 1719 1700 in
1732 1658 1888 1716 Junio.

254 1735 389 1786 Nam,
425 1748 566 1789 quum
594 1735 685 1778 sint
712 1735 1021 1779 confessiones
1050 1736 1272 1792 agendae,
1298 1735 1412 1778 ratio
1444 1735 1551 1779 item
1582 1734 1892 1779 conscientiae

254 1810 498 1867 aperienda
519 1812 588 1854 6.ο
611 1826 794 1867 quoque
816 1827 988 1864 mense,
1015 1812 1195 1857 videtur
1217 1827 1321 1855 cum
1345 1812 1557 1855 instituto
1579 1811 1891 1864 coniunctum,

251 1895 300 1931 vt
318 1894 428 1930 tunc
449 1889 528 1931 fiat
551 1897 761 1932 votorum
784 1890 1036 1944 renouatio.
1063 1890 1196 1933 Adde
1220 1889 1615 1941 consuetudinem,
1650 1894 1736 1950 649
1758 1888 1894 1933 etiam

255 1965 440 2010 viuente
459 1966 513 2009 P.
530 1965 722 2022 Ignatio,
737 1974 781 2009 et
800 1981 891 2009 non
909 1974 978 2010 est
995 1966 1179 2010 difficile
1196 1965 1481 2022 interpretari
1498 1965 1891 2018 constitutionem,

256 2057 390 2097 quam
430 2043 692 2087 facultatem
722 2043 797 2086 det
835 2043 1080 2086 declaratio
1118 2043 1386 2096 rectoribus,
1422 2050 1540 2094 etc.,
1575 2043 1651 2086 illa
1683 2049 1895 2098 tempora

257 2116 462 2162 mutandi
483 2119 531 2162 in
547 2119 806 2175 particulari
829 2120 978 2175 aliqua
1000 2134 1153 2163 causa:
1178 2120 1298 2163 vnde
1316 2119 1506 2175 intelligi
1524 2125 1674 2175 potest
1691 2119 1895 2175 generali

256 2195 515 2252 praeposito
549 2195 688 2240 licere
720 2211 776 2240 ex
812 2197 1057 2240 Vniuersali
1086 2211 1224 2240 causa
1245 2196 1561 2240 vniuersaliter
1589 2195 1890 2251 interpretari,

255 2274 416 2315 saltem
435 2273 581 2318 donec
602 2274 867 2316 consulatur
888 2273 1116 2329 generalis
1135 2273 1452 2330 congregatio,
1478 2287 1568 2329 qua
1584 2273 1642 2316 de
1664 2287 1713 2317 re
1730 2272 1896 2315 dicitur

254 2350 300 2392 in
339 2349 538 2394 Scholiis
581 2351 608 2392 ¹.
655 2349 732 2394 Sic
772 2357 842 2393 est
884 2351 1178 2406 interpretata
1216 2351 1285 2393 2.¹²
1329 2350 1554 2406 generalis
1593 2348 1894 2406 congregatio

257 2434 417 2482 postea
434 2434 452 2452 ³
475 2430 509 2470 ².
531 2428 837 2470 Renouabunt
854 2427 958 2470 item
978 2436 1083 2470 vota
1101 2427 1171 2470 bis
1188 2427 1234 2470 in
1251 2442 1387 2479 anno,
1408 2426 1484 2483 qui
1503 2426 1663 2470 nouitii
1679 2440 1771 2468 non
1789 2433 1895 2468 sunt

256 2518 342 2554 nec
363 2503 555 2560 professi
578 2504 649 2547 vel
672 2503 957 2547 coadiutores
982 2505 1175 2548 formati.

347 2581 542 2638 Reliqui,
567 2580 644 2637 qui
665 2575 772 2624 vota
794 2582 1050 2634 habuerint,
1076 2588 1122 2625 et
1144 2588 1248 2625 actu
1270 2581 1431 2624 nouitii
1454 2588 1560 2624 sunt
1582 2581 1705 2638 (sunt
1735 2586 1890 2624 autem

257 2665 364 2701 actu
397 2658 574 2712 nouitii,
599 2658 677 2713 qui
709 2673 800 2701 non
822 2667 1074 2714 exegerunt
1106 2658 1339 2703 biennium
1372 2659 1416 2701 in
1450 2658 1680 2702 Societate
1711 2657 1784 2700 vel
1817 2656 1894 2711 qui

330 2788 346 2805 a
395 2786 417 2822 7
436 2777 557 2813 verba
576 2762 865 2823 praecedentia,
885 2776 1016 2811 addita
1034 2788 1055 2811 a
1074 2777 1164 2813 Nat.
1185 2776 1223 2812 in
1251 2776 1346 2814 Cod.
1382 2777 1506 2812 Vatic.
1534 2786 1552 2821 3
1578 2780 1667 2822 post
1690 2784 1776 2810 2‚am
1803 2785 1895 2809 con-

256 2836 613 2883 gregationem,-in
640 2836 713 2871 hoc
739 2835 873 2870 codice
899 2836 1093 2870 habentur
1122 2837 1238 2883 paulo
1269 2835 1462 2882 superius,
1482 2835 1584 2870 inter
1615 2834 1735 2870 verba
1765 2844 1890 2879 quam

249 2894 515 2941 facultaten1;
533 2894 604 2930 sed
622 2893 736 2940 signo
753 2899 889 2940 postea
908 2905 929 2928 a
948 2894 1039 2929 Nat.
1060 2900 1191 2930 notata
1209 2899 1315 2941 sunt,
1331 2899 1374 2929 ut
1392 2893 1431 2929 in
1449 2895 1522 2929 hoc
1540 2894 1626 2929 loco
1640 2896 1892 2939 ponerentur.

333 2999 342 3018 ¹
395 2995 496 3031 Vide
516 2995 740 3039 NATALEM,
758 2994 918 3030 Scholia
936 2994 980 3029 in
999 2994 1296 3030 constitutiones
1314 2998 1350 3030 et
1367 2994 1673 3035 declarationes,
1692 3003 1782 3040 pag.
1802 2991 1890 3036 324·

332 3059 346 3077 ²
397 3056 515 3091 Decr.
534 3055 600 3099 64.
