2098 3470
7 563 16 582 »Μ
0 296 25 532 *ηπ-ζητη-
10 275 14 280 ,
2 191 8 199 η
7 126 10 127 ¹

36 308 40 309 ¹
24 240 52 243 ]
32 172 55 217 ΓΑ
36 123 52 155 s·
42 83 62 111 ς,

62 173 70 187 ,
68 109 70 114 <

652 218 888 258 Ounoms
912 225 1359 264 onsssnvxrronsss-w
1706 216 1779 264 693

186 333 309 376 quae
337 320 395 363 ab
422 300 794 365 obedientia-non
813 320 1032 377 pendent,
1056 326 1106 362 vt
1127 318 1393 364 exercitium
1418 333 1567 365 rerum
1592 327 1637 364 et
1659 319 1824 362 modus

186 411 363 449 eorum,
387 411 504 453 quae
520 397 669 441 solum
691 397 738 441 in
759 411 931 454 genere
952 392 1293 454 praecipiuntur
1315 410 1341 439 a
1363 395 1730 452 superioribus...

277 474 337 519 6⁵
360 474 641 531 Principium
662 474 948 520 obedientiae
968 473 1210 518 Societatis
1225 487 1284 517 ex
1306 473 1431 516 bulla
1447 473 1820 524 confirmationis,

186 565 305 609 quae
326 551 546 608 praecipit
566 550 612 595 in
634 551 944 608 superioribus
967 551 1218 602 Christum,
1239 549 1369 606 quasi
1387 557 1660 606 presentem,
1682 563 1823 606 agno·

184 641 385 673 scamus.

275 704 436 749 Oratio
458 705 700 750 Societatis
719 705 783 748 ita
803 705 938 750 debet
959 695 1210 761 comparari
1231 718 1285 748 ac
1306 703 1531 760 vsurpari,
1552 711 1601 746 vt
1622 718 1716 747 non
1740 704 1823 748 de-

185 780 333 824 bilitet
353 781 520 834 studia,
541 796 626 825 nec
648 783 705 825 ab
726 781 793 827 eis
808 782 883 827 vel
898 797 925 825 a
941 781 1187 838 quibusuis
1202 780 1547 838 operationibus
1564 779 1695 823 nobis
1712 794 1823 824 con-

186 858 418 902 sentaneis
434 866 629 904 auertat:
649 874 705 903 eo
720 859 863 916 igitur
876 866 947 903 est
962 859 1351 911 contendendum,
1371 859 1518 901 donec
1534 859 1654 900 hanc
1677 858 1823 900 facul—

186 941 325 979 tatem
348 950 375 978 a
401 937 519 992 Xpo.
541 937 653 994 Jesu
681 950 994 992 assequamur.
1026 937 1192 979 Nullus
1219 935 1507 979 inchoandus
1529 942 1608 977 aut
1636 934 1823 977 omnino

185 1011 510 1069 transigendus
530 1013 643 1065 dies,
663 1013 711 1056 in
732 1027 824 1069 quo
844 1028 934 1056 non
958 1012 1270 1070 ingrediamur
1290 1012 1337 1055 in
1359 1011 1610 1055 orationem
1633 1011 1823 1067 eiusque

185 1102 371 1133 sensum
392 1097 439 1134 et
458 1089 720 1136 interiorem
743 1091 940 1147 aliquem
962 1092 1221 1134 fructum...

269 1164 328 1211 67
351 1167 600 1211 Peculiaris
622 1167 888 1212 intercessio
904 1183 987 1225 pro
1002 1168 1230 1213 Societate
1246 1175 1316 1211 est
1333 1167 1486 1224 angeli
1504 1166 1708 1210 custodis
1726 1165 1819 1222 pri-

182 1242 279 1287 uati
315 1243 537 1297 cuiusuis,
568 1244 810 1302 spirituum
848 1246 1084 1289 beatorum
1111 1244 1369 1297 Societatis‚
1398 1243 1654 1301 principum
1684 1243 1820 1286 etiam

180 1307 320 1376 atque
346 1322 729 1378 archangelorum
757 1322 1114 1379 gubernantium
1136 1321 1428 1374 Societatem,
1455 1320 1578 1366 Petri
1602 1327 1648 1365 et
1670 1319 1818 1372 Pauli,

180 1397 373 1452 virginis
392 1403 556 1439 esot⁶mu
592 1413 710 1454 quae
732 1400 901 1443 selecto
922 1414 1075 1443 amore
1100 1398 1391 1455 prosequitur
1413 1398 1689 1443 Societatem
1719 1397 1820 1441 Filii

182 1473 269 1518 sui:
294 1488 375 1531 per
396 1476 510 1541 haec
532 1477 589 1519 ad
611 1478 779 1532 Xpum.
803 1478 984 1521 accede:
1010 1491 1091 1533 per
1118 1477 1245 1520 hunc
1268 1477 1326 1520 ad
1348 1477 1557 1520 Deum...

268 1550 327 1596 ⁷⁰
349 1552 515 1596 Oranti
535 1552 716 1596 cuidam
738 1554 796 1597 ad
813 1560 1016 1597 sanctam
1034 1553 1224 1597 Mariam
1240 1554 1298 1598 de
1315 1552 1632 1596 consolatione
1650 1554 1820 1596 Romae

177 1626 225 1670 in
246 1628 490 1673 afflictione
511 1629 689 1673 animae
710 1644 837 1682 suae,
861 1626 1033 1674 dictum
1056 1638 1142 1675 est:
1170 1629 1400 1674 «Humilia
1421 1629 1618 1673 animam
1643 1636 1784 1672 tuam.
1798 1647 1815 1667 ι)

181 1705 285 1749 Hoc
312 1719 420 1749 vero
445 1706 622 1762 accepit
648 1721 754 1750 cum
782 1721 920 1750 sensu
948 1707 1133 1763 spiritus
1162 1706 1430 1750 humilitatis
1458 1706 1679 1763 Virginis.
1710 1708 1821 1749 Post

180 1782 319 1838 paulo
341 1783 490 1826 oranti
510 1784 569 1826 ad
596 1784 757 1828 aedem
778 1785 827 1829 S.
860 1784 985 1828 Petri
1014 1785 1061 1828 in
1084 1799 1283 1838 carcere,
1307 1784 1479 1827 dictum
1502 1792 1588 1827 est:
1619 1783 1822 1827 «sustine

178 1866 228 1903 et
247 1873 426 1915 spera».
451 1860 776 1916 Accipiebatur
808 1869 960 1905 autem
992 1876 1169 1914 sensus,
1195 1875 1287 1918 quo
1304 1861 1625 1906 continebatur
1650 1862 1709 1904 D.
1733 1862 1821 1905 Pe-

180 1942 279 1979 trus
298 1935 346 1979 in
363 1950 602 1981 carcere...
1086 1932 1089 1934 ’

270 2011 312 2057 71
340 2012 538 2069 Spiritus
567 2015 621 2057 P.
646 2015 812 2071 Ignatii
842 2015 1128 2071 purissimus,
1164 2015 1318 2060 vuitus
1350 2031 1429 2072 per
1462 2015 1740 2061 leuationem
1774 2017 1820 2059 in

179 2089 346 2142 Deum,
370 2091 492 2134 vnde
515 2091 767 2135 sustinetur
795 2092 1000 2137 Societas
1023 2107 1077 2136 ac
1105 2093 1497 2137 confirmationem
1526 2095 1665 2138 habet
1698 2094 1819 2150 apud

178 2164 329 2210 Deum
350 2174 398 2210 et
418 2167 571 2211 omnia
591 2168 708 2212 bene
730 2170 958 2214 habent...

269 2243 312 2288 71
334 2244 505 2287 Plenus
521 2259 684 2289 sensus
699 2245 1016 2291 immaculatae
1033 2247 1347 2304 conceptionis
1365 2247 1556 2304 virginis
1570 2247 1755 2291 Mariae:
1769 2255 1816 2290 et

180 2319 438 2374 celebritas,
457 2335 575 2376 quae
595 2321 643 2365 in
659 2322 798 2366 coelis
820 2323 988 2379 agitur:
1009 2330 1056 2367 et
1072 2323 1220 2380 quies,
1240 2325 1363 2380 quod
1380 2332 1500 2369 esset
1518 2326 1633 2367 haec
1652 2324 1817 2367 veritas

181 2397 241 2440 ab
261 2397 453 2442 ecclesia
473 2398 768 2443 definienda..
779 2434 788 2442 .

272 2473 331 2518 110
352 2473 639 2518 Desiderium
660 2490 765 2519 cum
788 2477 936 2534 gratia
957 2478 1254 2522 coniunctum
1278 2486 1324 2523 et
1346 2480 1467 2521 bona
1489 2492 1584 2534 spe,
1611 2486 1659 2520 vt
1681 2491 1817 2533 opera

182 2557 377 2595 nauetur
398 2550 649 2607 scripturae
665 2567 821 2597 sacrae
842 2553 889 2596 in
910 2554 1089 2610 spiritu,
1116 2563 1212 2598 turn
1234 2554 1688 2599 constitutiolllnibus
1709 2553 1819 2610 ipsis

180 2639 236 2668 ac
258 2625 430 2683 regulis
452 2627 711 2680 Societatis‚
736 2637 782 2674 et
809 2630 1112 2684 obedientiae,
1138 2631 1313 2687 totique
1334 2632 1543 2675 instituto
1566 2638 1736 2682 nostro,
1769 2637 1819 2672 vt

181 2702 341 2746 melius
362 2717 418 2746 ex
439 2705 525 2747 hac
552 2703 854 2751 illustratione
880 2715 927 2750 et
955 2708 1103 2764 gratia
1131 2723 1157 2751 a
1185 2710 1286 2753 Deo
1314 2709 1412 2765 ipso
1435 2723 1513 2764 per
1542 2707 1816 2752 Societatem

182 2787 242 2835 et·
260 2779 360 2824 eius
390 2780 622 2825 ministros
657 2782 865 2839 specialis
892 2783 1082 2829 directio
1118 2785 1166 2828 in
1202 2787 1287 2829 hac
1326 2785 1564 2828 vocatione
1602 2784 1647 2826 in
1687 2783 1818 2826 nobis

182 2856 458 2912 effulgeat...

272 2937 329 2979 113
349 2934 626 2990 Deplorandi
649 2935 780 2991 plane
803 2944 910 2980 sunt
931 2938 1139 2994 germani
1167 2939 1410 2996 principeS,
1443 2939 1519 2994 qui
1544 2952 1599 2982 eo
1621 2936 1817 2980 caecita-

182 3008 241 3052 tis
262 3017 308 3054 et
330 3010 536 3056 miseriae
558 3019 666 3055 sunt
686 3012 869 3066 deiecti,
889 3020 938 3056 vt
960 3015 1063 3070 plus
1079 3017 1266 3060 credant
1287 3016 1442 3072 paucis
1460 3014 1554 3058 suis
1572 3013 1818 3057 conciona-
