2098 3470
305 224 375 269 728
776 226 931 263 PA‘rms
958 227 1202 263 Huznouvm
1229 226 1379 262 NADAL

259 332 448 382 stampa3
473 341 546 370 ma
566 328 733 384 perche
757 331 864 385 ogn’
885 343 975 372 una
991 328 1036 371 di
1054 335 1214 383 queste
1231 327 1528 382 annotationi,
1548 331 1632 374 che
1649 344 1760 374 sono
1783 341 1884 386 153,

261 417 318 446 ua
341 403 526 446 fondata
547 418 679 461 sopra
698 406 743 448 la
765 419 848 448 sua
869 405 1084 461 imagine,
1103 406 1308 448 ,secondo
1335 407 1421 450 che
1457 406 1484 448 l'
1514 405 1700 450 historia
1728 414 1774 450 et
1799 407 1886 450 mi-

259 479 382 524 sterii
404 480 659 537 euangelici
681 481 726 525 di
750 490 867 525 tutta
889 483 928 525 la
953 482 1048 525 uita
1064 483 1137 525 del
1154 482 1390 526 Saluatore
1407 482 1443 526 si
1462 497 1575 526 sono
1598 482 1743 539 potuti
1761 497 1888 527 com-

259 555 426 611 partire
448 566 493 601 et
515 556 691 603 ridurre
719 573 744 601 a
776 567 937 614 questo
965 573 1155 602 numero
1193 560 1248 602 de
1285 558 1563 603 meditationi
1600 567 1646 603 et
1682 560 1886 618 imagini,

261 633 382 688 quali
403 634 432 675 l’
457 641 617 678 autore
647 643 791 680 stesso
824 637 922 680 fece
955 635 1212 692 disegnare,
1249 642 1295 680 et
1328 650 1406 691 per
1437 636 1548 680 farle
1580 636 1818 693 intagliare
1850 637 1888 681 si

261 709 429 755 ricerca
467 712 676 769 maggior
712 728 864 769 spesa3
905 715 1013 769 pero
1051 727 1142 756 non
1179 713 1217 756 si
1255 714 1278 756 ὲ
1317 720 1474 769 potuta
1517 727 1680 757 cauare
1722 729 1749 757 a
1786 714 1888 758 luce

262 790 408 843 quest’
434 802 570 844 opera
591 789 787 845 pretiosa
809 798 855 833 et
877 790 1016 832 molto
1037 789 1306 843 desiderata,
1330 804 1421 832 non
1444 790 1539 833 solo
1561 790 1607 832 in
1630 791 1810 848 Europa
1830 792 1889 834 da

260 878 453 919 persone
476 866 844 923 contemplatiue,
870 881 943 909 ma
965 865 1177 910 etiamdio
1199 867 1401 910 bramata
1422 867 1528 911 nell’
1554 881 1644 911 una
1665 873 1711 910 et
1726 867 1755 910 l’
1775 868 1890 912 altra

262 941 388 984 India
409 942 531 998 dagli
554 944 743 999 operarii
765 945 879 987 della
904 943 1189 1000 Compagnia
1217 958 1295 1000 per
1332 950 1460 1000 poter
1495 958 1582 986 con
1613 943 1690 1000 piu
1722 943 1889 988 facilita

264 1018 521 1075 imprimere
541 1033 620 1075 per
641 1035 797 1065 mezzo
821 1021 925 1064 dell’
950 1020 1137 1077 imagini
1159 1020 1206 1063 in
1228 1020 1332 1076 quei
1355 1019 1496 1063 nuoui
1518 1020 1750 1064 christiani
1783 1020 1889 1064 tutti

261 1095 326 1152 gli
348 1096 534 1139 misterii
555 1097 672 1140 della
694 1097 959 1141 redentione
987 1099 1199 1149 humana,
1236 1097 1356 1153 quali
1387 1112 1467 1154 per
1499 1097 1573 1141 uia
1605 1095 1651 1140 di
1681 1097 1889 1154 predica-

263 1172 386 1216 tione
407 1181 454 1216 et
475 1173 751 1218 catechismo
773 1174 1080 1218 difficilmente
1103 1174 1359 1231 ritengono,
1394 1189 1472 1230 per
1500 1188 1624 1218 esser
1650 1187 1890 1218 commun-

262 1257 416 1293 mente
433 1249 478 1292 di
496 1251 629 1294 basso
646 1250 864 1308 ingegno:
887 1251 948 1293 tal
965 1253 1049 1295 che
1066 1252 1307 1307 protrebbe
1323 1252 1367 1294 la
1383 1251 1474 1295 S.²³³1
1495 1252 1551 1296 V.
1571 1265 1657 1294 con
1677 1251 1754 1293 tal’
1777 1265 1864 1307 ope
1879 1277 1891 1281 -

263 1341 329 1379 ra,
354 1341 447 1370 non
468 1328 564 1371 solo
587 1342 875 1372 accarezzare
898 1328 1001 1383 quei
1024 1342 1071 1371 re
1099 1335 1144 1372 et
1166 1328 1277 1372 altre
1299 1342 1491 1384 persone
1523 1327 1759 1384 principali
1779 1327 1887 1372 dell’

264 1403 389 1448 Indie
411 1412 716 1448 nuouamente
738 1405 991 1449 conuertite
1008 1405 1095 1447 alla
1112 1412 1266 1448 nostra
1281 1413 1410 1448 santa
1428 1405 1545 1456 fede,
1565 1403 1891 1460 mandandogli

262 1480 308 1523 di
330 1477 617 1536 questi'libri,
643 1497 714 1525 ma
737 1483 969 1526 consolare
997 1496 1165 1525 ancora
1192 1482 1517 1538 grandemente
1546 1480 1651 1524 tutti
1689 1480 1754 1537 gli
1790 1487 1892 1524 stu-

262 1558 379 1601 diosi
402 1559 459 1603 de
480 1558 579 1602 suoi
602 1559 827 1603 seminarii
850 1560 965 1602 delle
987 1558 1157 1602 nationi
1175 1559 1219 1601 di
1237 1560 1380 1602 Roma
1396 1565 1440 1602 et
1462 1557 1724 1603 Germania.
1749 1558 1802 1601 L'
1822 1557 1890 1600 in-

263 1635 403 1691 taglio
420 1635 464 1678 di
482 1643 640 1691 queste
656 1635 859 1692 imagini,
880 1651 929 1680 se
946 1637 1101 1678 hanno
1119 1636 1176 1678 da
1193 1649 1331 1688 esser,
1352 1649 1481 1678 come
1497 1635 1528 1677 1’
1547 1648 1684 1691 opera
1701 1633 1888 1687 ricerca,

263 1714 382 1755 bene
403 1713 656 1770 intagliate,
682 1716 857 1756 costera
884 1713 1065 1756 intorno
1094 1728 1120 1755 a
1148 1712 1267 1755 mille
1294 1712 1438 1755 scudi.
1475 1712 1590 1756 Pero
1619 1711 1656 1755 si
1688 1709 1892 1767 supplica

265 1790 563 1834 humilmente
583 1791 627 1833 la
648 1791 739 1835 Ssta
766 1792 842 1842 V.‚
869 1792 955 1834 che
976 1789 1210 1846 parendoli
1237 1791 1323 1834 che
1354 1791 1383 1832 l’
1414 1804 1549 1845 opera
1581 1789 1612 1831 il
1642 1787 1818 1841 merita,
1854 1786 1891 1830 si

264 1867 403 1924 degni
426 1867 676 1929 parimente
698 1867 908 1910 fauorirla
931 1881 1018 1910 con
1040 1874 1201 1922 questa
1223 1866 1461 1910 occasione
1488 1868 1516 1909 ¹.

351 1945 610 2000 Inscriptio.
638 1945 668 2001 -ζ-
692 1945 815 1988 Smo.
842 1946 959 1988 Dno.
987 1951 1154 1987 nostro.
1181 1946 1267 1987 Per
1289 1944 1347 1987 N.
1375 1945 1426 1986 P.
1450 1943 1632 1995 Hoffeo,
1651 1941 1891 1986 assistente

265 2021 381 2065 della
403 2020 686 2077 Compagnia
708 2020 753 2063 di
775 2020 933 2065 Giesu.

337 2166 349 2192 ¹¹
398 2169 501 2205 Huic
519 2169 699 2216 petitioni
716 2169 907 2215 benignas
925 2180 1038 2204 aures
1056 2168 1283 2216 praebuisse
1303 2179 1496 2203 summum
1514 2166 1738 2214 pontificem
1757 2169 1892 2212 aperte

266 2235 471 2276 testantur,
492 2240 607 2276 quae,
631 2228 671 2264 in
694 2227 782 2264 libri
806 2227 1064 2275 dedicatione,
1092 2227 1268 2275 ejusdem
1293 2226 1419 2262 editor
1439 2227 1487 2262 P.
1517 2226 1695 2272 jimenez
1712 2225 1892 2262 Clemen-

264 2289 295 2324 ti
325 2289 415 2324 VIII
443 2289 552 2324 hisce
583 2287 714 2323 verbis
743 2287 1009 2334 profitebatur:
1036 2286 1208 2324 «Omnes
1237 2292 1368 2322 tamen
1394 2285 1645 2322 difficultates
1671 2289 1892 2332 superatae,

263 2348 393 2384 omnia
411 2347 702 2395 impedimenta,
722 2346 878 2383 Christo
898 2347 1076 2394 propitio,
1099 2346 1254 2393 tuisque
1278 2345 1476 2392 auspiciis,
1502 2343 1738 2380 Beatissime
1761 2343 1890 2388 Pater,

265 2409 417 2443 sublata
436 2412 540 2454 sunt3
561 2417 659 2454 opus
675 2406 843 2453 denique
862 2405 1003 2452 ipsum,
1031 2405 1079 2441 ad
1096 2405 1283 2453 pietatem
1307 2411 1348 2441 et
1370 2404 1622 2440 deuotionem
1645 2401 1891 2439 excitandam

265 2468 432 2503 maxime
451 2465 796 2510 accommodatum,
818 2471 885 2500 tuo
911 2465 1068 2501 tandem
1092 2470 1265 2511 tempore
1289 2464 1329 2500 in
1355 2465 1496 2510 vulgus
1521 2462 1662 2510 prodit,
1688 2461 1796 2510 quod
1820 2460 1895 2497 tibi

262 2526 408 2574 alioqui
427 2526 595 2562 maxime
613 2525 870 2561 debebatur.»
