2098 3470
786 242 1221 280 Inmucnonns-61
1705 250 1772 288 401

186 330 603 406 ipsi'dimissionem
623 345 698 389 vel
718 347 928 388 votorum
950 343 1240 388 solutionem.
1266 344 1325 386 Et
1346 350 1515 398 tamen,
1547 343 1583 387 si
1613 351 1826 401 pergeret

185 437 290 468 esse
311 422 523 475 afflictus,
546 427 702 479 posset
723 420 840 464 mitti
858 419 906 463 in
928 419 1228 465 ministerium
1251 419 1511 473 Societatis,
1533 421 1604 464 vel
1621 421 1827 478 peregri-

187 499 420 544 nationem
448 498 501 556 (si
523 497 634 554 quid
659 497 708 541 in
735 511 790 541 ea
810 513 861 542 re
881 497 1052 554 posset)
1075 511 1160 540 nec
1182 496 1230 540 in
1251 511 1305 540 ea
1326 503 1448 541 esset
1468 496 1824 553 periclitaturus,

189 576 405 621 adiuncto
426 575 550 620 socio
571 573 632 621 87
652 573 807 630 aliquo
829 575 1036 631 probato.
1063 574 1202 630 Quod
1223 573 1262 617 si
1284 587 1371 616 nec
1391 573 1455 617 ita
1477 573 1645 618 rediret
1673 576 1730 618 ad
1757 589 1826 628 se,

189 661 237 698 et
266 659 580 711 perseueraret
610 651 657 696 in
678 651 780 709 ipso
802 651 1010 707 tentatio,
1034 651 1490 696 animaduertendum
1513 666 1620 694 num
1645 651 1830 708 pericu-

190 731 285 774 lum
306 737 444 783 esset,
469 744 527 773 ne
547 729 595 772 in
616 729 860 773 amentiam
888 735 1131 786 propterea
1158 728 1395 774 incideret.
1427 729 1533 772 Hoc
1561 743 1669 771 vero
1701 729 1739 772 si
1772 729 1830 771 ti-

190 814 393 852 meretur
413 805 571 850 morali
593 805 871 859 coniectura,
896 814 1051 862 posset
1073 805 1120 849 in
1141 805 1332 863 patriam
1355 805 1490 860 mitti,
1513 805 1656 850 veluti
1678 807 1735 849 ad
1757 821 1830 850 re-

192 884 499 941 cuperandam
529 882 838 927 valetudinem
870 883 927 926 ad
959 882 1143 939 aliquod
1173 889 1354 939 tempus
1385 897 1477 927 non
1500 882 1661 926 solutis
1693 883 1829 936 votis,

163 974 166 976 ’
192 961 266 1004 vel
297 960 395 1004 dari
425 960 472 1004 in
503 959 742 1004 seruitium
772 959 1132 1004 ecclesiasticum
1163 959 1356 1003 alicuius
1386 959 1592 1016 praelati,
1625 959 1754 1015 quasi
1785 959 1832 1002 in

193 1036 476 1092 missionem,
500 1045 547 1080 et
569 1037 754 1080 tandem
777 1036 1074 1081 iudicandum
1096 1052 1154 1080 an
1186 1043 1308 1081 esset
1337 1036 1474 1093 plane
1505 1036 1823 1080 dimittendus.

283 1114 378 1170 Qui
399 1128 508 1158 vero
531 1113 670 1158 animi
691 1115 851 1158 morbo
870 1114 1130 1159 laborarent
1152 1121 1199 1159 et
1220 1121 1439 1171 cuperent
1461 1113 1646 1169 quidem
1669 1113 1715 1156 in
1743 1115 1833 1158 So-

194 1189 360 1236 cietate
380 1190 579 1244 retineri,
603 1191 685 1236 sed
706 1206 801 1235 non
821 1191 1090 1236 adhiberent
1111 1191 1310 1235 remedia
1326 1190 1422 1234 suis
1439 1190 1587 1244 malis,
1608 1190 1679 1234 his
1697 1191 1835 1234 etiam

198 1275 321 1312 esset
342 1268 629 1313 admouenda
658 1268 861 1312 seuerior
891 1267 1145 1325 disciplina.
1181 1269 1387 1312 Tandem
1421 1268 1493 1312 vel
1522 1269 1580 1311 ad
1610 1267 1836 1325 hospitale

200 1343 410 1388 mittendi
437 1345 511 1389 vel
537 1344 585 1387 in
611 1344 923 1402 longissimam
950 1345 1382 1403 peregrinationem,
1407 1351 1453 1388 et
1475 1344 1702 1389 retinendi
1732 1345 1834 1400 qui—

197 1421 320 1475 dem,
344 1421 489 1466 donec
511 1428 557 1464 et
573 1421 671 1466 sine
688 1422 902 1466 scandalo
919 1422 1112 1466 aliorum
1129 1422 1338 1467 viuerent
1356 1429 1401 1466 et
1419 1423 1623 1467 facerent
1641 1422 1839 1478 aliquam

203 1512 331 1555 spem
353 1498 693 1556 resipiscentiae
713 1506 760 1543 et
782 1499 981 1543 melioris
1002 1500 1196 1543 fructus.

291 1574 386 1631 Qui
417 1576 476 1619 ob
507 1575 619 1619 alias
650 1590 813 1620 causas
843 1583 952 1620 sunt
983 1576 1257 1630 dimittendi,
1291 1577 1348 1621 de
1379 1577 1451 1620 his
1484 1576 1614 1620 facile
1646 1576 1841 1633 intelligi

202 1658 370 1710 potest.

291 1757 350 1804 89
372 1766 391 1784 ²
775 1773 781 1781 =
1003 1763 1035 1819 †

724 1874 988 1906 RECTORUM
1021 1876 1317 1908 INSTRUCTIO

290 1958 340 2005 Si
364 1959 543 2002 dubitat
565 1966 716 2005 rector
738 1975 796 2004 an
819 1976 845 2006 e
865 1962 1102 2006 voluntate
1123 1962 1195 2007 sui
1216 1962 1462 2020 superioris
1489 1962 1547 2007 sit
1575 1962 1745 2019 aliquid
1774 1963 1842 2005 fa-

202 2025 378 2089 cturus,
409 2035 456 2079 id
485 2052 545 2081 ne
574 2036 708 2080 faciat
735 2043 886 2082 stante
913 2037 989 2083 illa
1016 2039 1318 2094 dubitatione,
1350 2054 1486 2097 quam
1516 2047 1669 2083 tamen
1696 2039 1734 2082 si
1758 2038 1842 2083 rite

204 2112 466 2169 expelleret,
489 2120 539 2156 vt
559 2114 842 2170 scrupulum,
877 2115 1019 2160 libere
1050 2122 1218 2173 posset'
1235 2116 1349 2160 illud
1376 2118 1548 2161 facereq
1570 2117 1702 2172 Quae
1724 2115 1840 2159 ratio

203 2189 459 2233 communis
490 2197 560 2234 est
582 2190 809 2237 omnibuS.
835 2193 974 2248 Quod
1004 2192 1125 2236 enim
1154 2207 1245 2237 non
1277 2201 1347 2238 est
1373 2209 1431 2238 ex
1463 2193 1735 2246 obedientia,
1768 2193 1839 2235 in·

205 2265 464 2311 obedientia
485 2274 571 2321 est,
596 2274 645 2310 vt
667 2269 789 2324 quod
805 2282 898 2312 non
920 2276 990 2314 est
1010 2284 1066 2313 ex
1088 2270 1194 2324 fide,
1213 2278 1465 2327 peccatum⁴
1483 2273 1511 2313 ¹.
1534 2270 1841 2313 Animaduer-

208 2349 310 2386 tant
324 2357 434 2388 vero
452 2350 666 2398 rectores,
686 2352 735 2387 vt
751 2345 884 2390 vnice
899 2347 1128 2403 pendeant
1144 2363 1171 2392 a
1187 2362 1375 2391 suorum
1387 2347 1671 2404 superiorum
1685 2360 1840 2398 sensu,

209 2426 256 2463 et
277 2419 551 2474 obedientia,
574 2435 724 2477 neque
746 2421 878 2467 facile
898 2423 1034 2466 domo
1056 2423 1352 2481 egrediantur
1371 2426 1489 2481 (nam
1507 2424 1564 2468 de
1583 2426 1667 2466 hoc
1685 2437 1843 2479 egres-

205 2509 261 2539 su
283 2495 506 2540 dubitatio
527 2504 625 2541 erat
651 2498 898 2556 proposita)
927 2515 1118 2557 eamque
1146 2501 1514 2558 propensionem,
1546 2515 1664 2556 quae
1692 2499 1758 2542 eis
1787 2515 1843 2543 ex

206 2571 431 2626 libertate,
465 2587 556 2629 qua
586 2574 651 2617 vti
682 2582 890 2632 possunt,
921 2577 1150 2634 prouenit,
1185 2586 1443 2634 suspectam
1475 2579 1674 2621 habeant
1706 2583 1844 2631 atque

207 2647 499 2693 mortificent:
523 2651 723 2696 habeant
743 2658 895 2697 autem
918 2668 1184 2710 persuasum
1207 2655 1424 2711 optimam
1447 2669 1547 2699 esse
1577 2668 1734 2698 eorum
1763 2665 1843 2695 oc-

49 2716 69 2758 (
94 2775 99 2778 ,
151 2783 153 2785 ¹
205 2725 514 2782 cupationem,
538 2727 576 2771 si
599 2728 721 2771 domi
743 2729 790 2772 in
812 2730 1113 2786 gubernando
1134 2731 1327 2789 collegio
1349 2746 1449 2776 sese
1472 2738 1713 2787 occupent.

298 2803 465 2846 Rector
495 2818 552 2848 ex
582 2804 732 2848 officio
763 2820 855 2849 non
884 2808 1022 2852 habet
1055 2808 1315 2852 facultatem
1348 2807 1556 2851 mittendi
1588 2814 1767 2850 nostros
1798 2805 1844 2848 in

279 2946 298 2964 a
346 2937 441 2983 Pag.
460 2937 507 2973 88
524 2949 648 2975 vacua
665 2945 740 2977 est.

278 3042 288 3063 ¹
340 3043 468 3090 Rom,
486 3044 595 3089 XIV,
613 3044 672 3084 23.
885 3078 890 3082 ,

382 3107 499 3138 Epist.
519 3108 559 3138 P.
578 3109 714 3146 Neon,
733 3117 810 3140 τοι.
830 3110 891 3141 lv.
1627 3114 1666 3143 27
