2098 3470
701 284 703 287 -
769 257 1200 296 lxsraucriousss—61
1682 257 1752 303 397

253 362 386 417 Quae
405 361 527 405 dicta
546 347 606 406 de
625 359 907 404 dimittendis
926 366 1051 412 sunt,
1067 373 1121 403 ea
1141 366 1358 415 poterunt
1380 359 1438 401 de
1459 358 1547 401 illis
1568 359 1704 402 etiam
1727 359 1772 402 in
1784 385 1798 390 -

162 437 322 494 tenigi,
348 437 426 494 qui
453 437 612 481 iniussi
640 439 821 489 abeant,
852 444 899 480 et
925 451 952 479 a
980 435 1212 481 Societate
1240 434 1473 480 deficiant.
1499 436 1561 479 Hi
1589 437 1728 489 enim,
1761 436 1799 480 si

161 528 322 571 parum
344 522 496 559 essent
516 514 668 559 idonei
690 514 746 558 ad
765 513 1056 564 Societatem,
1078 512 1327 568 quaerendi
1349 527 1441 555 non
1463 521 1587 566 sunt;
1614 527 1706 555 non
1729 521 1797 556 ta-

164 605 268 634 men
291 580 349 635 77ί
370 591 458 634 nisi
474 592 682 636 consulte
698 605 855 636 eorum
874 597 980 633 vota
996 589 1248 633 soluentur.
1271 588 1320 633 Si
1338 603 1446 632 vero
1463 583 1799 645 idonei'alioqui

163 667 444 720 viderentur,
468 675 515 711 et
536 667 793 724 recuperari
818 674 1021 724 possent,
1046 666 1304 713 adhibenda
1331 680 1443 709 cura
1471 673 1557 718 est,
1589 674 1636 708 vt
1665 681 1796 709 recu-

162 752 395 800 perentur.
426 744 508 789 Sin
540 744 798 800 recuperari
825 758 916 786 non
947 742 1138 800 possint,
1162 749 1348 798 propter
1369 742 1566 798 aliquam
1589 742 1799 787 idoneam

162 833 346 865 causam
369 828 522 865 essent
549 821 732 865 tandem
760 819 1034 872 dimittendi,
1059 819 1142 864 sed
1169 820 1308 876 longe
1333 819 1578 872 difficilius,
1612 829 1657 861 vt
1689 819 1798 862 alibi

162 897 335 940 dictum
357 905 443 941 est.

251 973 405 1030 Siquis
426 975 485 1016 ad
506 974 784 1017 carthusiam
806 975 944 1019 vellet
964 973 1195 1025 secedere,
1230 972 1267 1015 si
1295 986 1404 1017 vera
1430 973 1530 1016 eius
1558 981 1679 1017 esset
1717 974 1797 1018 de-

168 1051 308 1104 uotio,
332 1058 379 1094 et
400 1052 458 1094 ad
479 1051 601 1094 illam
622 1065 825 1096 eremum
847 1050 1042 1102 vocatio,
1061 1049 1108 1092 id
1124 1049 1233 1092 boni
1250 1050 1490 1094 consulere
1507 1050 1797 1094 deberemus.

166 1129 339 1172 Verum
378 1129 604 1172 hactenus
630 1128 806 1170 nullum
837 1127 1006 1171 scimus
1027 1134 1046 1152 ³
1080 1141 1189 1171 vero
1225 1125 1388 1183 spiritu
1425 1127 1483 1170 ad
1519 1127 1797 1170 carthusiam

161 1212 415 1261 spectasse;
440 1205 521 1249 sed
543 1204 794 1249 tentatione
815 1213 862 1247 et
877 1202 1194 1259 inquietudine
1210 1203 1374 1246 mentis
1391 1204 1599 1255 ductum,
1620 1203 1796 1246 nullum

163 1295 280 1325 ‘vero
300 1281 346 1324 in
368 1295 423 1325 eo
444 1280 670 1325 desiderio
691 1295 1024 1337 perseuerasse.

252 1357 346 1414 Qui
368 1359 426 1401 ad
448 1357 580 1401 aliam
603 1358 814 1414 quamuis
836 1357 1102 1423 religionem
1121 1357 1393 1411 discederet,
1418 1364 1570 1414 posset
1592 1357 1801 1414 legitime

162 1435 304 1492 adigi,
334 1442 384 1477 vt
412 1436 469 1478 ad
496 1450 580 1478 nos
607 1435 789 1487 rediret,
819 1450 873 1479 ea
909 1435 1141 1487 facultate,
1182 1449 1318 1490 quam
1341 1450 1368 1478 a
1403 1435 1512 1479 sede
1548 1434 1799 1491 apostolica

162 1511 439 1569 accepimus.
469 1512 716 1568 Speramus
743 1512 879 1556 etiam
907 1513 1113 1555 futurum
1141 1512 1286 1564 breui,
1317 1519 1368 1554 vt
1394 1511 1637 1556 interdicat
1664 1512 1800 1556 sedes

160 1588 423 1646 apostolica,
448 1603 507 1633 ne
535 1589 592 1632 ad
620 1589 936 1633 carthusianos
958 1589 1140 1645 quidem
1170 1589 1362 1633 transire
1387 1589 1563 1646 possint
1584 1588 1729 1631 nostri
1765 1591 1794 1641 ¹,

161 1665 395 1722 quodiam
417 1673 705 1710 concesserat
726 1666 876 1724 Julius
906 1675 1001 1722 33¹⁵,
1030 1667 1112 1711 sed
1140 1665 1475 1710 interueniente
1503 1665 1602 1711 eius
1629 1673 1793 1720 morte,

163 1741 324 1795 literae
341 1742 580 1799 expeditae
601 1757 692 1786 non
715 1743 917 1787 fueruntL

247 1819 306 1865 78
338 1820 396 1862 Et
416 1819 786 1875 quandoquidem
807 1819 960 1864 variae
981 1834 1082 1864 esse
1102 1820 1277 1877 possint
1305 1835 1486 1872 causae,
1518 1829 1798 1876 quapropter

97 1946 103 1952 ⁴
162 1895 363 1940 exerceri
390 1896 555 1940 debeat
583 1897 656 1939 vel
676 1896 822 1952 possit
851 1897 1043 1940 facultas
1064 1897 1336 1951 dimittendi,
1363 1897 1517 1942 variae
1543 1896 1799 1940 industriae

162 1979 272 2016 sunt
293 1972 593 2016 adhibendae.
619 1974 754 2026 Nam,
778 1973 816 2018 si
849 1975 987 2017 causa
1008 1974 1286 2018 dimissionis
1307 1975 1366 2018 sit
1393 1982 1587 2027 secreta,
1620 1982 1666 2017 et
1695 1988 1798 2030 pro·

162 2057 264 2106 pter
291 2050 451 2107 grauia
471 2058 661 2107 peccata
688 2050 914 2096 iudicetur
941 2051 1044 2107 quis
1071 2052 1209 2109 (quod
1236 2053 1364 2096 Deus
1392 2052 1584 2107 auertat)
1608 2051 1800 2094 incorri-

161 2125 315 2184 gibilis
341 2126 500 2170 morali
528 2127 723 2182 quodam
753 2127 938 2182 iudicio,
963 2143 1082 2184 quae
1108 2136 1179 2173 est
1199 2128 1345 2186 prima
1372 2143 1511 2172 causa
1533 2128 1579 2171 in
1603 2129 1672 2171 2.⁰
1695 2142 1798 2184 cap.

163 2203 334 2261 [partis]
358 2211 442 2247 2.sse
463 2211 630 2257 const.,
654 2204 693 2248 si
723 2213 950 2250 secretum
980 2205 1038 2249 sit
1065 2213 1194 2249 extra
1222 2205 1573 2258 confessionem,
1606 2214 1798 2261 possunt

162 2280 370 2326 adhiberi
392 2290 450 2326 et·
460 2268 630 2326 debent
651 2282 952 2334 consultores,
977 2290 1111 2327 caute
1136 2290 1284 2326 tamen
1308 2290 1355 2327 et
1371 2282 1715 2339 circumspecte,
1741 2282 1800 2324 ad

161 2356 408 2414 superioris
434 2357 685 2401 arbitrium.
721 2360 778 2401 Et
814 2358 1010 2415 primum
1043 2359 1226 2415 quidem
1257 2359 1578 2415 inquirendum
1611 2366 1657 2402 et
1685 2359 1799 2402 defi-

161 2434 394 2487 niendum,
419 2435 477 2479 de
498 2449 590 2490 quo
619 2435 911 2489 deliberatur,
937 2451 995 2479 an
1023 2437 1062 2479 is
1089 2437 1148 2479 sit
1175 2436 1516 2493 incorrigibilis,
1547 2436 1593 2478 id
1620 2443 1707 2488 est,
1740 2449 1798 2476 an

164 2511 414 2556 vehemens
436 2511 494 2554 sit
514 2511 748 2566 indicium,
769 2514 1152 2568 quemadmodum
1169 2513 1244 2558 alii
1261 2513 1468 2556 adiuuari
1486 2514 1649 2564 solent,
1671 2512 1796 2554 illum

163 2601 256 2630 non
276 2587 422 2632 videri
443 2587 590 2631 iuuari
614 2589 744 2641 velle,
772 2590 844 2632 vel
866 2604 915 2634 re
937 2589 1034 2646 ipsa
1056 2591 1179 2647 quod
1200 2590 1503 2646 comperiatur
1521 2604 1610 2631 non
1630 2587 1796 2639 iuuari,

162 2678 249 2708 nec
270 2679 397 2721 spem
419 2665 517 2709 fieri
539 2665 897 2723 resipiscentiae:
922 2667 1087 2712 deinde
1108 2683 1167 2712 ne
1190 2682 1262 2712 res
1285 2668 1341 2710 ad
1364 2668 1516 2722 plures
1539 2663 1792 2721 perueniat,

163 2739 370 2790 mittatur
398 2756 558 2786 reuera
595 2742 641 2785 in
669 2743 1100 2800 peregrinationem,
1131 2745 1253 2788 vnde
1286 2751 1434 2786 tamen
1464 2742 1674 2786 iubeatur
1704 2755 1798 2782 non

232 2886 252 2904 ²
297 2878 425 2912 simus
443 2889 515 2916 [ηε.

234 3000 243 3020 ¹
294 3001 382 3046 Jam
400 3013 478 3037 non
501 3002 593 3038 licet
616 3014 744 3050 neque
768 3002 816 3038 ad
839 3003 1131 3039 carthusienses
1155 3004 1334 3039 transire.
1360 3002 1421 3039 Cf.
1448 3002 1678 3036 [nstitutum
1707 3000 1795 3036 Soc.

148 3058 255 3105 Jesu
273 3060 526 3107 (Florentiae,
548 3061 780 3108 1892-1893)‚
800 3063 830 3108 1,
847 3062 932 3098 663.
