2098 3470
338 262 407 308 578
453 303 463 308 ⁸
526 318 529 321 Δ
625 317 629 322 .
808 265 962 303 ans
988 266 1231 302 HrERoNYm
1257 265 1407 302 NADAL

378 365 449 408 De
471 363 569 408 aliis
590 364 769 409 iudiciis
791 366 876 410 Dei
899 365 1089 410 occultis
1112 373 1158 411 et
1179 365 1445 411 manifestis.

376 441 446 484 De
468 441 799 487 calamitatibus
821 443 962 487 nostri
986 442 1218 499 temporis.

376 519 446 562 De
483 519 801 563 communibus
838 519 1046 563 inimicis:
1088 520 1258 563 mundo
1295 520 1488 573 scilicet,
1529 535 1664 566 carne
1701 530 1747 566 et
1783 537 1917 567 caco·

286 594 494 654 demone.

374 672 446 716 De
467 672 691 717 mandatis
713 673 800 718 Dei
823 688 874 717 ac
897 674 953 718 de
976 672 1187 716 omnibus
1210 672 1280 726 iis,
1305 688 1423 730 quae
1444 675 1500 717 ad
1523 673 1776 719 doctrinam
1794 677 1916 720 chri-

285 747 476 792 stianam
498 749 742 806 pertinent,
769 750 958 802 scilicet,
984 751 1040 794 de
1068 750 1275 806 symbolo
1297 750 1420 804 fidei,
1445 752 1501 795 de
1531 752 1773 809 decalogo,
1798 754 1855 798 de
1886 765 1913 808 7

284 825 595 879 sacramentis,
621 827 825 871 oratione
847 826 1091 879 dominica,
1117 833 1200 870 etc.

371 903 441 946 De
464 903 570 955 fide,
596 917 674 959 spe
696 910 742 947 et
764 903 1001 947 charitate.

370 980 440 1023 De
462 980 592 1023 donis
613 980 810 1036 Spiritus
831 980 991 1023 sancti.

370 1061 456 1104 564
478 1058 548 1100 De
569 1056 814 1100 virtutibus
837 1057 1083 1101 moralibus
1104 1071 1351 1113 earumque
1374 1058 1598 1114 partibus,

364 1134 435 1177 De
457 1133 678 1178 fructibus
701 1134 898 1190 spiritus.

366 1213 437 1255 De
460 1211 833 1255 beatitudinibus.

367 1290 438 1332 De
458 1288 730 1333 humilitate.

364 1367 436 1410 De
457 1365 758 1422 simplicitate.

362 1444 434 1486 De
456 1442 729 1486 obedientia.

362 1521 434 1562 De
455 1519 819 1567 mortificatione.

364 1598 431 1640 De
455 1603 736 1652 paupertate.
852 1583 857 1587 ”

360 1675 430 1718 De
455 1673 662 1717 castitate
685 1674 987 1729 omnibusque
1009 1672 1274 1718 uirtutibus.

359 1752 429 1794 De
450 1750 661 1794 instituto
685 1750 925 1796 Societatis
947 1758 992 1794 et
1022 1749 1266 1795 vniuersali
1294 1750 1538 1795 Societatis
1567 1750 1713 1807 gratia
1745 1757 1791 1796 et
1818 1766 1901 1807 yo-

271 1827 512 1873 cafione..
1656 1822 1662 1828 ’

357 1906 428 1948 De
450 1904 597 1961 gratia
621 1903 874 1947 uocationis
897 1905 1119 1960 cuiusque
1140 1903 1417 1961 particulari.

357 1983 428 2025 De
450 1981 570 2024 votis
593 1980 834 2025 Societatis
855 1996 1103 2038 eorumque
1126 1980 1272 2037 gratia
1295 1988 1340 2024 et
1362 1980 1422 2023 vi.

356 2060 427 2103 De
447 2058 654 2114 partibus
677 2064 722 2101 et
746 2057 1004 2100 ministeriis
1027 2057 1283 2102 Societatis.

358 2138 584 2179 Poterunt
616 2134 751 2179 etiam
784 2134 1099 2179 meditationes
1128 2133 1225 2178 fieri
1254 2148 1311 2177 ex
1340 2133 1427 2187 his,
1460 2149 1576 2190 quae
1604 2135 1822 2192 leguntur
1850 2135 1895 2178 in

265 2212 405 2256 sacris
427 2212 583 2264 literis,
608 2218 687 2255 aut
709 2211 969 2253 doctoribus
991 2211 1176 2264 sanctis,
1209 2211 1280 2254 vel
1308 2211 1355 2253 in
1382 2211 1535 2256 libello
1562 2205 1622 2256 de
1647 2211 1896 2255 imitatione

264 2289 340 2334 X}
367 2296 412 2334 et
441 2288 679 2332 similibus.
713 2288 826 2330 Illud
854 2287 972 2331 idem
1003 2287 1099 2331 fieri
1131 2287 1295 2344 poterit
1326 2287 1372 2330 in
1397 2287 1484 2341 his,
1520 2302 1638 2344 quae
1667 2287 1896 2344 pertinent

264 2367 323 2410 ad
346 2365 621 2422 theologiam
656 2364 992 2417 scholasticam,
1028 2364 1063 2407 si
1102 2362 1178 2419 qui
1216 2364 1401 2417 fuerint,
1443 2363 1520 2419 qui
1556 2366 1643 2407 hoc
1664 2371 1894 2420 praestare

265 2443 456 2500 possint.
504 2485 507 2487 ,
1713 2433 1716 2436 ’

352 2522 418 2563 Ex
441 2519 652 2563 omnibus
673 2519 809 2561 rebus
832 2518 994 2561 creatis
1016 2518 1172 2563 haberi
1194 2525 1344 2575 potest
1366 2517 1527 2571 oratio,
1547 2518 1823 2575 speculando
1846 2518 1891 2560 in

260 2597 386 2654 ipsis,
410 2601 495 2644 555
516 2596 744 2639 laudando
766 2606 812 2637 et
835 2596 1027 2638 amando
1051 2603 1318 2648 creatorem,
1344 2601 1711 2638 conseruatorem
1733 2602 1779 2638 et
1801 2608 1905 2651 gu--

259 2675 546 2719 bernatorem
569 2672 848 2725 earumdem,
874 2679 956 2714 etc.
1369 2672 1371 2674 ’

317 2808 493 2838 CAPITA
526 2805 776 2845 QUAEDAM,
802 2805 979 2842 QUIBUS
1010 2805 1060 2834 IN
1091 2804 1285 2835 SPIRITU
1313 2804 1546 2835 ADIUUARI
1578 2804 1829 2835 POSSUMUS

345 2898 513 2952 Omnia
538 2906 687 2949 facere
709 2904 765 2947 ad
787 2903 1014 2947 maioremv
1027 2903 1217 2959 gloriam
1241 2903 1343 2947 Dei.

345 2985 516 3027 Amore
538 2980 748 3038 prosequi
771 2979 1030 3022 institutum
1055 2979 1310 3024 Societatis.

344 3059 504 3104 Finem
528 3059 647 3101 illius
669 3056 873 3113 diligere.
1255 3050 1257 3053 ’
