2098 3470
779 244 1207 293 InmucrionEs-61
1692 254 1758 300 481

179 360 341 417 aliquis
363 361 408 404 in
430 359 662 404 illusiones
684 357 904 411 demonis,
929 364 975 402 et
996 371 1088 401 non
1111 356 1267 414 exigui
1290 356 1711 401 momentierrores
1739 357 1810 401 in-

181 437 319 482 cidat.

268 513 520 558 Literarum
548 512 822 570 ignorantia,
846 512 919 556 vel
946 509 1121 568 ingenii
1148 519 1226 553 aut
1259 509 1500 554 memoriae
1532 511 1589 553 ad
1622 526 1698 555 eas
1729 513 1810 554 ad-

180 591 434 643 discendas,
455 591 527 634 vel
547 590 731 646 linguae
753 590 810 632 ad
826 588 1144 645 explicandum
1161 588 1371 632 defectus
1393 587 1437 630 in
1461 586 1564 639 illis,
1587 587 1664 642 qui
1681 603 1812 645 prae-

180 668 385 713 seferunt
406 667 704 711 intentionem
726 667 799 710 vel
821 664 1094 710 desiderium
1116 664 1304 709 vlterius
1331 663 1654 721 progrediendi
1676 679 1812 720 quam

181 746 328 790 solent
349 744 638 788 coadiutores
660 743 947 800 temporales,
1474 738 1485 749 ⁶

268 821 424 866 Iudicii
446 822 668 873 defectus,
694 827 740 865 et
760 819 971 863 notabilis
992 819 1040 862 in
1062 818 1243 875 proprio
1263 833 1400 863 sensu
1419 819 1675 873 obduratio,
1695 834 1813 875 quae

180 898 615 955 congregationibus
632 898 822 941 multum
845 897 960 940 solet
983 897 1207 940 facessere
1228 895 1425 952 negocii.

268 979 356 1022 343
376 976 425 1018 ln
449 973 660 1019 exteriori
681 972 866 1017 homine
884 973 1090 1016 defectus
1112 972 1159 1015 in
1176 972 1438 1029 integritate
1455 973 1672 1029 corporis,
1696 989 1814 1016 rnor-

179 1053 284 1104 bus,
309 1051 533 1103 debilitas,
559 1051 631 1094 vel
652 1049 863 1094 notabilis
883 1050 1160 1093 deformitas.

270 1128 413 1173 Aetas
434 1129 565 1180 valde
587 1126 758 1180 tenera,
782 1128 856 1172 vel
876 1126 982 1183 plus
1001 1126 1110 1170 satis
1135 1127 1353 1183 perfecta.

271 1207 367 1250 Aes
388 1205 603 1257 alienum,
628 1205 701 1247 vel
722 1204 880 1248 ciuiles
901 1203 1222 1260 obligationes.
1278 1247 1285 1252 ,

269 1282 384 1326 Illud
405 1289 638 1338 praeterea
659 1288 956 1338 cognoscent,
981 1281 1132 1336 quoad
1159 1281 1258 1325 fieri
1286 1281 1467 1337 poterit,
1494 1296 1611 1337 quae
1640 1297 1815 1338 cogno-

182 1359 350 1404 scenda
371 1359 612 1402 traduntur
633 1373 731 1415 cap.
760 1370 802 1400 2.
834 1366 911 1400 Lae
933 1365 1050 1414 part.
1079 1365 1247 1411 const.,
1273 1372 1390 1414 quae
1417 1358 1732 1416 intelligentur
1761 1374 1816 1402 ex

182 1436 272 1489 his,
296 1450 412 1491 quae
433 1442 703 1492 sequuntur.

272 1513 323 1556 In
344 1512 607 1556 vniuersum
631 1512 862 1567 loquendo
883 1512 940 1556 de
962 1511 1016 1555 iis
1039 1511 1197 1568 (inquit
1220 1512 1519 1568 constitutio),
1543 1513 1622 1568 qui
1653 1514 1820 1556 admit-

185 1589 307 1634 tendi
329 1596 452 1642 sunt,
477 1603 568 1646 quo
589 1588 795 1644 pluribus
815 1587 901 1633 Dei
923 1588 1055 1632 donis
1077 1589 1359 1632 naturalibus
1380 1598 1425 1633 et
1448 1589 1611 1633 infusis
1628 1590 1821 1647 praediti

184 1667 242 1710 ad
262 1665 621 1723 promouendum
640 1664 766 1708 iuxta
787 1663 1027 1709 Societatis
1049 1664 1308 1716 institutum
1330 1665 1536 1710 diuinum
1559 1667 1814 1718 seruitium,

181 1751 228 1788 et
249 1757 340 1799 quo
359 1742 627 1786 certioribus
642 1742 963 1798 experimentis
979 1742 1203 1798 perspecti
1221 1743 1407 1796 fuerint,
1428 1758 1483 1787 eo
1502 1745 1649 1801 magis
1666 1744 1817 1788 idonei

182 1827 317 1865 erunt
336 1827 386 1862 vt
407 1819 454 1862 in
475 1834 573 1863 eam
597 1818 910 1862 admittantur.

270 1897 335 1942 Vt
360 1895 663 1953 particulatim
691 1895 749 1940 de
774 1895 830 1938 iis
857 1896 1112 1951 loquamur,
1147 1897 1225 1952 qui
1252 1896 1299 1939 in
1331 1897 1622 1942 coadiutores
1650 1899 1819 1941 admit-

171 1981 361 2026 tantur,
384 1973 442 2016 ad
463 1986 535 2016 res
557 1973 827 2029 temporales
843 1973 916 2016 vel
932 1973 1177 2018 exteriores
1194 1975 1434 2027 curandas,
1455 1974 1532 2031 qui
1549 1976 1703 2031 plures
1719 1990 1819 2019 esse

184 2065 276 2094 non
302 2051 487 2103 debent,
517 2063 652 2105 quam
682 2048 759 2104 qui
788 2050 1032 2094 necessarii
1059 2050 1151 2094 sint
1178 2051 1235 2094 ad
1257 2052 1585 2095 subleuandam
1610 2053 1816 2098 Societa-

185 2135 278 2173 tem
298 2127 345 2170 in
367 2126 422 2170 iis
442 2127 594 2178 rebus,
619 2125 666 2168 in
686 2125 853 2181 quibus
874 2127 1090 2183 occupari
1121 2127 1195 2170 alii
1217 2143 1308 2171 non
1337 2136 1528 2184 possunt
1556 2129 1654 2174 sine
1682 2130 1820 2173 detri-

185 2211 339 2249 mento
375 2202 556 2246 maioris
593 2202 718 2256 boni,
757 2217 858 2247 esse
895 2218 974 2247 eos
1010 2212 1188 2260 oportet
1226 2206 1362 2261 (quod
1398 2210 1487 2252 344
1523 2207 1581 2249 ad
1623 2207 1819 2249 animam

185 2276 374 2338 spectat)
395 2281 543 2324 bonae
564 2279 882 2332 conscientiae,
908 2280 1102 2335 quietos,
1128 2281 1401 2334 tractabiles,
1427 2291 1652 2327 amatores
1675 2284 1820 2326 virtu-

55 2366 58 2367 ’
116 2406 118 2408 ,
186 2357 246 2401 tis
272 2371 326 2402 ac
350 2355 658 2414 perfectionis,
689 2370 938 2413 propensos
966 2357 1023 2400 ad
1051 2355 1356 2411 deuotionem,
1383 2359 1460 2414 qui
1487 2360 1748 2403 domesticis
1775 2368 1820 2403 et

185 2433 385 2478 externis
411 2432 712 2476 aedificationi
742 2432 848 2486 sint,
880 2433 974 2488 qui,
999 2442 1122 2478 sorte
1150 2436 1357 2479 Marthae
1385 2435 1430 2478 in
1460 2437 1688 2481 Societate
1710 2451 1820 2479 con-

188 2508 318 2562 tenti,
342 2516 388 2552 et
408 2510 466 2553 ad
486 2508 586 2552 eius
607 2508 863 2552 institutum
886 2510 1003 2554 bene
1025 2510 1191 2563 affecti,
1217 2526 1316 2555 eam
1338 2512 1496 2557 iuuare
1519 2514 1575 2556 ad
1603 2513 1686 2556 Dei
1719 2515 1820 2569 glo-

190 2585 301 2630 riam
323 2593 556 2642 exoptent.

277 2663 415 2719 Quod
445 2663 503 2706 ad
534 2669 721 2707 externa
751 2663 931 2715 attinet,
970 2664 1163 2708 honesta
1200 2664 1366 2720 speeie,
1408 2665 1618 2718 sanitate,
1656 2674 1818 2719 aetate,

189 2739 362 2783 viribus
383 2739 440 2784 ad
461 2739 638 2783 labores
659 2739 860 2795 corporis
881 2739 925 2782 in
945 2739 1174 2784 Societate
1196 2742 1495 2793 sufferendos,
1516 2743 1705 2798 praediti
1723 2757 1823 2787 esse

183 2816 422 2868 deberent,
446 2823 492 2859 et
514 2815 591 2871 qui
612 2816 796 2868 habere,
821 2817 894 2860 vel
914 2823 1038 2861 certe
1061 2817 1259 2860 habituri
1280 2832 1380 2862 esse
1403 2818 1644 2873 aliquando
1676 2820 1820 2863 talen-

190 2899 287 2936 tum
308 2891 492 2947 aliquod
513 2893 570 2935 ad
591 2907 691 2936 eam
713 2892 959 2936 iuuandam
976 2893 1256 2938 viderentur.

279 2969 534 3014 Admittere
556 2968 764 3012 homines
785 2969 954 3012 difficili
977 2969 1181 3026 ingenio,
1202 2972 1274 3015 vel
1296 2972 1478 3016 inutiles
1502 2973 1819 3028 congregatio-

192 3045 257 3099 ni,
280 3045 386 3090 licet
408 3045 610 3102 ipsismet
633 3060 726 3088 non
748 3045 909 3090 inutile
937 3047 1054 3091 foret
1082 3047 1273 3100 admitti,
1300 3048 1639 3092 considerantes
1671 3057 1820 3093 tamen

375 3120 487 3149 Emsr.
511 3121 553 3149 P.
577 3120 712 3156 ΝΑυΑι,
733 3128 814 3149 rou.
838 3121 903 3150 lv.
1616 3125 1651 3152 32
