2098 3470
595 233 871 270 uomitum
893 239 1152 269 rnovmcmss
1176 231 1516 276 Rammius-52
1753 229 1826 266 313

321 334 375 380 In
395 334 668 392 recipiendis
688 325 874 379 nouitiis
892 335 1007 378 haec
1043 340 1152 377 sunt
1183 333 1590 378 animaduertenda
1627 339 1674 379 et
1710 334 1869 378 obser-

228 413 403 457 nanda:

321 489 541 542 Primum,
566 495 619 532 ut
638 487 724 532 sibi
744 488 1048 545 persuadeant
1070 501 1245 540 omnes,
1271 494 1499 543 quotquot
1527 494 1635 530 sunt
1658 487 1703 530 in
1727 488 1866 532 colle-

228 566 329 624 gio,
353 565 401 609 in
422 550 652 622 operibus,
676 579 792 622 quae
818 580 874 609 ex
901 564 1111 608 instituto
1136 563 1378 610 Societatis
1404 563 1537 607 nobis
1568 572 1676 607 sunt
1703 580 1866 621 procu-

234 643 391 695 randa,
424 643 600 686 nullum
621 656 723 687 esse
744 641 1035 698 prestantius,
1066 642 1244 685 nullum
1266 640 1440 695 utilius,
1466 655 1604 697 quam
1635 642 1674 684 si
1698 643 1755 686 ad
1778 643 1867 687 So·-

227 718 442 764 cietatem
466 727 666 764 nostram
691 702 885 776 operarii
905 725 1129 763 vocentur
1150 717 1472 775 quamplurimi
1495 726 1542 763 et
1563 733 1700 774 quam
1724 719 1866 776 aptis-

235 795 355 850 simi;
383 811 487 840 nam
509 797 648 853 longe
674 796 837 840 melius
863 802 934 840 est
955 795 1185 852 operarios
1208 797 1360 840 facere
1392 796 1450 838 ad
1472 795 1698 839 iuuandas
1720 797 1839 852 pluri
1853 823 1863 828 -

231 886 329 916 mas
350 873 539 926 animas,
563 887 698 929 quam
727 872 1032 930 singularibus
1060 872 1301 916 animabus
1333 871 1550 917 iuuandis
1578 872 1860 917 incumbere.

317 950 599 1003 Secundum,
638 949 789 994 cautio
816 943 1032 994 *adhiberi
1067 950 1220 1003 debet,
1246 957 1293 994 et
1329 949 1513 1006 quidem
1542 958 1774 1003 accurata,
1807 966 1864 994 ne

227 1027 476 1071 vehemens
497 1026 772 1070 desiderium
793 1026 987 1070 vocandi
1019 1027 1376 1084 quamplurimos
1405 1027 1464 1070 ad
1493 1026 1770 1072 Societatem
1796 1028 1863 1088 fa·-

224 1102 319 1146 ciat
341 1110 389 1146 ut
411 1104 594 1148 modum
618 1104 841 1148 excedant
862 1103 1021 1156 nostri3
1057 1117 1193 1159 quem
1210 1111 1229 1129 ²
1249 1111 1300 1147 vt
1315 1118 1373 1147 ne
1387 1104 1856 1157 ·excedant,.animad—

229 1181 502 1224 uertendum
523 1187 594 1224 est
609 1186 656 1224 et
672 1181 941 1223 curandum.

314 1256 536 1310 Tertium,
561 1271 619 1300 ne
647 1271 806 1302 omnes
832 1256 1143 1301 indifferenter
1170 1257 1278 1300 huic
1306 1256 1493 1314 negotio
1518 1258 1628 1300 dent
1657 1272 1857 1314 operam3

224 1340 330 1376 nam
349 1332 593 1390 'intelliget
634 1334 840 1390 superior
865 1333 1042 1390 aliquos
1057 1348 1166 1377 >esse
1193 1336 1407 1387 fortasse,
1438 1334 1607 1391 quibus
1629 1350 1721 1378 non
1750 1350 1859 1382 con-

225 1408 352 1454 uenit
374 1409 420 1453 id
441 1424 596 1467 agere,
619 1411 691 1455 vel
714 1411 792 1466 qui
814 1426 868 1455 ea
905 1412 1122 1456 facultate
1159 1425 1251 1455 non
1272 1412 1473 1458 valeant.
1506 1413 1666 1468 Itaque
1687 1413 1859 1456 consti—

222 1494 337 1540 tuet,
363 1487 440 1544 qui
462 1487 609 1531 sciant
630 1503 729 1532 eam
750 1489 838 1531 sibi
866 1503 966 1534 esse
993 1503 1176 1545 operam
1205 1490 1587 1542 commendatam,
1624 1497 1674 1533 ut
1696 1505 1858 1546 quam-

221 1564 439 1620 plurimos
459 1564 747 1608 lucrifaciant
768 1565 1003 1610 Societati.

309 1642 554 1698 Quartum,
577 1641 625 1684 hi
661 1630 864 1686 omnium
901 1643 1097 1700 primum
1133 1658 1225 1687 non
1262 1645 1411 1687 solum
1448 1644 1536 1701 ipsi
1565 1645 1780 1698 orabunt,
1808 1653 1858 1688 ut

181 1712 184 1715 ’
218 1719 332 1762 haec
352 1733 481 1762 sacra
500 1719 731 1776 praecatio
751 1719 862 1776 ipsis
883 1720 1103 1765 foeliciter
1123 1721 1275 1774 cedat,
1299 1722 1380 1766 sed
1407 1723 1718 1778 procurabunt
1740 1724 1855 1767 mul-

204 1801 287 1839 tas
307 1793 328 1820 ⁵
348 1795 508 1839 missas
528 1796 719 1840 aliorum
741 1805 788 1840 et
805 1797 1032 1841 orationes
1054 1798 1111 1841 ad
1134 1800 1221 1841 hoc
1242 1811 1359 1855 opus
1379 1799 1592 1844 conferri.

306 1872 548 1928 Quintum,
572 1873 816 1930 diligenter
830 1881 876 1918 et
901 1882 1079 1919 mature
1101 1876 1414 1919 obseruabunt
1440 1876 1700 1920 auditorum
1723 1877 1854 1934 inge-

217 1947 308 2001 nia,
333 1949 570 2005 presertim
592 1950 906 1994 conuictorum
929 1958 962 2003 ⁰,
987 1960 1032 1996 et
1054 1967 1138 2008 pro
1161 1952 1279 1995 uirili
1299 1967 1383 1996 sua
1404 1954 1722 2010 explorabunt‚
1743 1969 1852 1998 num

217 2024 357 2068 animi
377 2026 508 2070 dotes
528 2041 605 2070 eas
633 2027 905 2084 acceperint,
930 2042 1048 2084 quae
1070 2029 1237 2073 faciant
1258 2029 1381 2086 ipsos
1402 2029 1591 2074 idoneos
1613 2032 1671 2074 ad
1693 2031 1849 2076 Socie-

217 2109 374 2146 tatem.
1666 2114 1675 2122 “

302 2180 510 2234 Sextum,
534 2195 639 2224 cum
659 2181 782 2225 nacti
804 2181 893 2225 iam
915 2182 1110 2239 aliquem
1128 2183 1313 2236 fuerint,
1333 2183 1411 2240 qui
1432 2184 1642 2230 videatur
1659 2186 1851 2229 idoneus

213 2255 273 2298 ad
295 2256 587 2311 Societatem,
611 2259 669 2303 de
690 2273 745 2303 eo
766 2261 962 2304 referent
983 2261 1040 2303 ad
1062 2260 1357 2318 superiorem,
1376 2262 1454 2318 qui
1475 2262 1595 2306 illius
1611 2270 1849 2320 precepto-

213 2345 317 2376 rum
338 2333 480 2390 possit
501 2335 746 2380 constitere
767 2343 812 2381 et
835 2337 984 2380 facere
1005 2336 1025 2362 ‘¹
1045 2337 1246 2382 animum
1268 2346 1423 2383 nostro
1439 2340 1703 2396 promotori,
1726 2350 1775 2384 ut
1791 2342 1849 2384 ad

213 2407 340 2453 illum
361 2409 614 2456 iuuandum
637 2412 888 2457 incumbat.

301 2487 570 2544 Septimum,
605 2489 812 2545 jamuero
833 2504 938 2534 cum
966 2491 1219 2535 constiterit
1246 2493 1444 2549 aliquem
1473 2509 1572 2538 esse
1595 2494 1847 2538 iuuandum

213 2563 271 2606 ad
290 2563 417 2608 illum
434 2580 638 2622 scopum,
657 2566 828 2623 primus
844 2568 929 2611 erit
944 2569 1131 2622 gradus,
1146 2569 1184 2612 si
1201 2569 1264 2612 illi
1280 2572 1607 2626 persuadeatur
1630 2573 1845 2626 frequen-

213 2640 276 2684 tia
296 2642 596 2686 confessionis
631 2650 678 2687 et
715 2645 1062 2699 communionis;
1087 2653 1133 2690 et
1160 2655 1295 2691 erunt
1322 2647 1547 2704 designati
1580 2648 1624 2690 in
1648 2647 1844 2703 collegio

281 2817 300 2835 a
324 2807 400 2844 Ms.
418 2820 555 2855 quam.
607 2812 674 2838 —b
700 2811 774 2849 Ms.
794 2814 838 2847 ut
855 2812 1021 2856 multas,
1037 2812 1107 2849 sed
1128 2817 1172 2849 ut
1190 2815 1428 2861 superfluum
1448 2822 1522 2852 est.
1575 2823 1638 2841 -ο
1665 2815 1737 2849 Ms.
1758 2825 1845 2850 cou-

212 2865 458 2903 iunctorum.
510 2870 576 2896 —d
602 2869 669 2906 Sic
686 2872 967 2918 apographum
987 2871 1058 2907 sed
1071 2884 1093 2907 a
1107 2872 1265 2908 librario
1284 2873 1421 2908 vitiata
1439 2874 1535 2908 haec
1549 2874 1723 2908 clausula
1739 2873 1843 2908 vide-

210 2927 287 2969 tur,
304 2935 405 2971 quae
422 2924 476 2961 ita
495 2926 720 2963 concinnari
739 2932 885 2974 potest:
910 2929 1090 2975 referent
1110 2931 1166 2965 ad
1188 2932 1438 2978 superiorem
1466 2931 1531 2966 illi
1546 2934 1843 2977 praeceptores,

202 2982 344 3028 quibus
361 2985 586 3021 constiterit
604 2986 722 3022 illum
741 2998 821 3023 esse
839 2987 1029 3023 idoneum
1053 2990 1109 3024 ad
1133 2989 1384 3031 Societatem,
1405 2990 1549 3036 quique
1564 2991 1720 3035 possint
1729 2990 1844 3036 sace-

210 3052 255 3078 γε
272 3047 350 3079 etc.
