2098 3470
794 251 1226 290 hemenonem-61
1708 249 1779 298 385

189 356 422 409 obseruet‚
446 356 528 399 sed
549 354 654 412 quia
675 353 941 412 simpliciter
969 352 1081 396 nolit
1108 351 1369 396 institutum
1399 343 1639 397 Societatis
1667 354 1825 397 obser-

193 446 317 477 uare.
342 434 499 489 Quare
517 433 786 476 tractandus
806 446 899 474 non
917 438 1002 482 est,
1023 437 1072 473 vt
1094 429 1171 486 qui
1187 429 1247 473 sit
1262 430 1321 474 de
1337 429 1582 474 Societate:
1604 431 1824 486 quemad-

191 510 378 553 modum
400 510 458 563 ei,
482 509 560 566 qui
580 509 698 552 nolit
729 508 914 552 obedire
941 507 1180 564 superiori,
1205 507 1491 550 interdicitur
1513 508 1660 553 cibus„
1686 510 1823 564 Quod

191 586 230 630 si
250 586 415 631 dixerit
437 587 552 631 velle
572 601 622 630 se
643 586 830 643 regulas
849 587 1111 638 obseruare,
1138 591 1248 627 tunc
1264 583 1326 626 illi
1345 584 1679 640 significabitur
1702 587 1824 640 quod

191 662 250 706 sit
272 663 518 707 obstrictus
544 664 631 707 sub
661 677 807 719 poena
840 661 1013 718 peccati
1039 661 1263 713 mortalis,
1293 669 1344 703 vt
1370 675 1529 704 verum
1557 661 1694 715 dicat,
1727 670 1823 705 tum

190 747 375 797 propter
395 740 574 797 insigne
595 740 936 793 detrimentum,
960 740 1083 795 quod
1108 738 1345 782 obueniret
1368 738 1603 791 Societati,
1630 740 1667 782 si
1690 739 1822 784 aliter

172 833 174 836 ’
190 817 378 869 faceret,
398 825 495 860 tum
511 817 616 873 quia
633 831 726 860 non
742 823 945 861 seruaret
961 816 1096 859 fidem
1114 815 1162 859 in
1178 830 1230 859 re
1246 814 1534 872 grauissima,
1555 822 1601 858 et
1618 831 1821 872 praeser-

191 893 271 936 tim
293 893 340 937 in
362 894 661 938 confessione.
686 893 876 936 Etiamsi
899 892 1103 938 Societas
1125 892 1352 937 neminem
1374 892 1549 949 obliget
1571 893 1628 935 ad
1660 907 1820 949 pecca—

192 977 288 1014 tum
310 971 499 1015 mortale
526 971 584 1014 ob
611 969 998 1013 inobseruantiam
1028 970 1308 1026 regularum,
1344 976 1498 1012 tamen
1534 969 1630 1014 fere
1667 971 1821 1014 nullus

190 1054 276 1101 est,
301 1047 380 1103 qui
400 1062 490 1090 non
516 1062 573 1092 ex
594 1062 644 1091 se
666 1047 863 1090 adducat
884 1046 1055 1102 aliquid
1075 1047 1194 1090 vnde
1216 1053 1392 1102 peccet,
1414 1046 1473 1090 50
1491 1047 1651 1089 saltem
1668 1047 1820 1091 venia—

189 1124 307 1177 liter,
332 1124 371 1168 si
391 1126 576 1182 regulas
597 1139 689 1168 non
720 1126 949 1169 obseruet.
976 1124 1110 1168 Vnde
1138 1130 1208 1167 est
1237 1123 1313 1166 illa
1333 1125 1618 1167 consuetudo
1646 1132 1819 1177 nostra,

189 1209 240 1244 vt
260 1202 559 1246 confiteamur
586 1201 972 1246 inobseruantiam
1000 1201 1283 1257 regularum,
1309 1201 1432 1255 quod
1453 1215 1544 1243 non
1566 1215 1819 1257 possemus,

0 1328 2 1341 ζ
188 1277 228 1321 si
248 1292 335 1323 nec
363 1293 421 1321 ex
450 1278 596 1332 nobis,
629 1292 715 1323 nec
742 1292 799 1322 ex
826 1277 1104 1334 obligatione
1132 1277 1393 1334 regularum
1424 1285 1663 1333 peccatum
1693 1293 1820 1321 com-

0 1349 10 1407 ξ
187 1354 458 1399 mitteretur.
485 1355 792 1398 Confirmatur
813 1355 902 1398 hoc
924 1369 981 1399 ex
1002 1356 1060 1398 D.
1082 1355 1276 1407 Thoma,
1298 1362 1364 1397 23
1387 1362 1487 1407 22¹⁸,
1509 1369 1552 1410 q.
1579 1356 1678 1408 186,
1704 1370 1770 1400 ar.
1794 1370 1824 1413 9

0 1418 4 1438 ⁵
186 1431 246 1475 ad
271 1439 346 1475 1.¹²¹
368 1432 427 1474 Et
447 1430 813 1487 quandoquidem
836 1431 1103 1487 contingere
1124 1437 1290 1487 potest,
1315 1438 1364 1473 vt
1386 1432 1560 1474 nullum
1583 1433 1642 1475 sit
1663 1447 1823 1489 pecca-

187 1514 308 1561 tum,
325 1508 365 1552 si
386 1508 489 1564 quis
515 1509 721 1565 regulam
748 1508 945 1564 aliquam
973 1522 1064 1551 non
1093 1508 1324 1559 obseruet,
1355 1522 1411 1551 ea
1435 1509 1495 1552 de
1525 1524 1572 1553 re
1604 1509 1822 1553 iudicium

186 1584 272 1630 erit
292 1585 557 1636 confessarii
578 1600 634 1630 ex
655 1584 755 1628 iure
777 1585 1027 1628 communi.

274 1662 470 1718 Quoties
497 1661 650 1706 veniet
677 1677 797 1706 vnus
822 1661 864 1705 ei
892 1662 1203 1714 confessurus,
1235 1662 1311 1706 cui
1339 1677 1434 1706 non
1466 1663 1582 1706 solet
1619 1663 1819 1719 quidem,

185 1746 337 1796 potest
359 1746 522 1783 tamen-
532 1739 755 1792 confiteri,
780 1754 1054 1795 quacunque
1076 1754 1132 1784 ex
1155 1753 1295 1783 causa
1315 1740 1362 1784 id
1393 1741 1593 1793 eueniat,
1626 1740 1823 1784 interro—

181 1815 364 1873 gabitur
385 1831 444 1860 an
471 1816 581 1860 velit
615 1831 800 1860 causam
829 1816 997 1872 dicere,
1037 1823 1222 1873 propter
1257 1831 1393 1873 quam
1426 1832 1511 1861 suo
1542 1818 1822 1863 confessario

182 1892 411 1937 ordinario
431 1901 450 1919 ²
471 1908 563 1936 non
584 1894 846 1946 confitetur,
873 1900 918 1936 et
940 1893 1026 1937 sibi
1048 1893 1158 1937 velit
1185 1895 1408 1948 confiteri;
1440 1895 1479 1938 si
1508 1910 1599 1938 non
1629 1909 1820 1951 respon-

183 1969 316 2023 derit,
347 1971 422 2014 vel
458 1970 754 2023 dubitauerit,
788 1971 861 2015 vel
888 1970 1086 2015 noluerit
1122 1970 1290 2024 dicere,
1331 1971 1452 2015 illius
1489 1972 1821 2016 confessionem

183 2061 275 2090 non
297 2047 468 2101 audiet;
492 2047 563 2091 sin
584 2047 748 2090 dixerit
770 2062 820 2092 se
842 2048 958 2092 velle
980 2061 1164 2091 causam
1194 2055 1335 2092 totam
1364 2049 1555 2105 aperire,
1587 2049 1819 2105 significa-

182 2123 251 2167 bit
271 2123 335 2167 illi
361 2125 484 2181 quod
512 2123 571 2167 sit
599 2123 829 2181 obligatus
858 2125 902 2169 51
930 2124 1017 2167 sub
1044 2138 1193 2180 poena
1221 2125 1396 2182 peccati
1426 2126 1627 2170 mortalis
1659 2140 1819 2169 uerum

183 2200 351 2253 dicere,
383 2201 754 2257 quandoquidem
782 2201 829 2244 id
856 2201 903 2244 in
931 2201 1217 2245 confessione
1248 2202 1458 2246 dicturus
1489 2211 1575 2255 est,
1601 2212 1646 2248 et
1676 2217 1820 2259 graue

182 2276 505 2321 detrimentum
526 2286 793 2334 sequeretur
814 2286 861 2322 et
877 2285 1142 2323 censeretur
1163 2293 1263 2323 esse
1280 2280 1567 2323 mendacium
1591 2280 1809 2336 pernitio-

184 2367 303 2409 sum,
326 2354 366 2398 si
387 2355 515 2399 aliter
536 2356 681 2400 fieret.

272 2430 520 2488 Inuigilent
541 2431 844 2488 prouinciales
871 2439 918 2476 et
943 2432 1217 2488 prouideant
1248 2433 1507 2490 diligenter,
1540 2440 1590 2475 vt
1618 2447 1818 2477 necesffl—

186 2514 302 2552 tates
324 2509 394 2552 vel
417 2508 723 2561 difficultates,
748 2509 787 2552 si
815 2523 933 2565 quae
959 2509 1232 2553 obuenirent
1262 2510 1483 2567 collegiis,
1516 2510 1724 2554 celeriter
1755 2510 1820 2551 in-

183 2584 408 2642 telligant,
438 2600 515 2629 eas
542 2585 824 2642 praesertim,
856 2601 974 2642 quae
1004 2587 1060 2629 ad
1092 2586 1473 2642 gubernationem
1506 2586 1714 2637 attinent,
1748 2587 1819 2629 vel

184 2662 243 2704 ad
262 2661 498 2719 grauiores
520 2662 811 2717 tentationes,
835 2670 885 2705 vt
913 2662 1067 2706 statim
1090 2677 1327 2707 accurrere
1356 2663 1530 2719 possint
1552 2671 1597 2706 et
1626 2676 1818 2704 succur-

185 2752 300 2792 rere,
331 2753 390 2782 ne
417 2739 655 2796 contingat
683 2739 840 2796 augeri
869 2739 1176 2788 difficultates,
1203 2747 1249 2784 et
1271 2740 1541 2783 detrimenta
1564 2739 1668 2782 inde
1697 2738 1815 2781 acci-

185 2829 293 2873 pere
314 2816 525 2872 collegia.

272 2893 416 2936 Curet
437 2892 743 2949 prouincialis,
769 2901 817 2936 vt
839 2900 1038 2936 rectores
1058 2893 1377 2936 duo'cubicula
1394 2906 1484 2935 non
1502 2893 1715 2944 habeant,
1736 2892 1819 2935 sed

255 3068 274 3086 a
322 3058 534 3094 ordinarie
553 3070 629 3094 ms.

361 3123 481 3152 Emsr.
504 3123 542 3151 P.
562 3123 698 3158 NADAL,
718 3130 798 3151 rou.
821 3123 886 3151 1v.
1603 3122 1639 3149 26
