2098 3470
617 259 893 296 Mortuum-m
916 264 1176 295 Pnovmcmn
1201 244 1511 300 Austrum-51
1763 254 1835 302 309

339 373 414 416 42.
479 359 803 418 Sigismundus
823 359 1048 403 Ernhofer
1068 356 1245 401 studuit
1271 356 1558 409 humanitati,
1591 357 1745 402 audiet
1774 359 1883 403 rhe-

240 437 452 482 toricam.

337 527 410 570 43.
469 517 671 573 Joannes
690 515 872 558 Veruex
893 511 1043 570 erupit
1065 513 1342 556 clanculum.

335 604 410 646 44.
475 592 735 648 Leopoldus
757 591 942 642 Caesar,
967 587 1237 641 austriacus,
1263 587 1441 631 audiuit
1465 588 1683 632 lectiones
1712 588 1757 630 in
1787 588 1881 644 pri-

239 682 318 712 ma
339 667 673 728 grammatices:
698 681 822 710 nunc
843 666 999 710 audiet
1019 665 1368 709 humanitatem.

334 755 409 800 45.
467 747 670 803 Joannes
691 743 941 796 Rainelius,
964 742 1251 794 cadanensis,
1270 743 1478 794 boemus,
1504 743 1685 798 Pragae
1706 750 1776 784 est
1798 742 1881 786 So-

237 820 457 866 cietatem
488 821 724 878 ingressus
751 835 873 864 anno
905 821 1015 875 1563
1039 819 1160 863 circa
1182 820 1350 863 festum
1371 818 1620 875 paschatis.
1646 818 1774 862 Fecit
1796 818 1882 861 ibi-

245 900 350 944 dem
386 905 496 942 uota
531 897 577 941 in
613 898 731 942 festo
766 896 1090 953 assumptionis
1125 897 1287 941 beatae
1326 895 1530 952 Virginis
1567 894 1772 951 proxime
1809 910 1881 939 se-

235 975 420 1033 ·quenti.
454 975 648 1019 Audiuit
681 974 970 1027 rhetoricam,
1005 981 1051 1019 et
1082 974 1156 1017 hic
1187 973 1357 1017 audiet.
1393 973 1512 1017 Cum
1542 972 1879 1029 ingrederetur,

238 1061 347 1098 erat
366 1052 598 1098 secularis.
1202 1047 1205 1048 ⁷
1708 1103 1710 1105 ³

335 1131 409 1184 46.
475 1130 851 1186 Bartholomaeus
872 1129 1102 1182 VilIerius,
1127 1128 1449 1181 bastoniensis,
1480 1128 1881 1184 luxenburgensis,

239 1207 485 1268 ingressus
521 1213 591 1251 est
627 1205 1159 1251 Societatem-Coloniae
1190 1221 1327 1258 anno,
1370 1213 1418 1248 ut
1452 1212 1579 1262 puto,
1622 1205 1731 1259 1558
1765 1204 1884 1247 circa

245 1284 413 1328 festum
435 1282 730 1340 Epiphaniae.
757 1283 884 1327 Fecit
905 1283 1071 1327 ibidem
1096 1290 1203 1326 uota
1226 1290 1328 1339 post
1344 1289 1542 1338 quatuor
1558 1297 1756 1327 menses.
1779 1282 1884 1324 Fuit

253 1362 448 1418 Pragae,
474 1359 552 1403 ubi
573 1360 735 1403 habuit
755 1374 911 1403 curam
933 1360 1267 1404 conuictorum:
1298 1359 1495 1403 absoluit
1523 1373 1709 1402 cursum
1737 1358 1884 1415 philo-

200 1449 205 1452 *
246 1436 455 1494 sophiae:
481 1436 658 1480 audiuit
679 1436 958 1494 theologiam
980 1452 1062 1493 per
1085 1451 1225 1480 unum
1248 1451 1437 1489 annum,
1463 1444 1509 1480 et
1531 1436 1703 1480 audiet.

337 1526 411 1569 47.
475 1513 644 1567 Dauid,
668 1513 1002 1570 strigoniensis,
1027 1515 1281 1570 hungarus,
1317 1514 1555 1570 ingressus
1583 1521 1653 1558 est
1681 1513 1883 1558 Societa-

236 1597 338 1636 tem
362 1591 570 1636 Viennae
591 1605 728 1643 anno,
755 1598 806 1634 ut
825 1598 972 1648 putat,
1003 1592 1130 1646 1560.
1162 1591 1290 1635 Fecit
1312 1599 1421 1635 uota
1450 1591 1724 1647 Tyrnauiae:
1756 1590 1883 1634 audi-

246 1667 315 1711 uit
335 1668 683 1713 humanitatem:
708 1682 832 1712 nunc
854 1668 973 1725 regit
993 1668 1195 1712 infimam
1218 1669 1409 1713 classem
1432 1683 1695 1724 puerorum.

332 1746 405 1801 48.
471 1745 783 1790 Theodoricus
812 1745 1014 1788 Tilmans
1042 1745 1278 1802 ingressus
1303 1752 1373 1789 est
1405 1745 1682 1790 Societatem
1713 1746 1883 1789 Romae

234 1836 362 1866 anno
390 1822 518 1877 1556.
542 1821 671 1867 Fecit
693 1821 860 1865 ibidem
885 1829 1010 1882 uota,
1035 1823 1229 1866 fortasse
1250 1830 1352 1879 post
1375 1829 1467 1866 tres
1488 1837 1687 1867 menses.
1712 1823 1883 1866 Absol-

243 1898 310 1942 uit
335 1912 518 1942 cursum
541 1899 868 1956 philosophiae:
893 1907 964 1944 est
989 1899 1224 1943 studiosus
1246 1899 1526 1956 theologiae:
1561 1899 1647 1943 fuit
1676 1899 1881 1943 minister

240 1975 474 2034 Foroliuii‚
498 1975 792 2021 subminister
813 1991 893 2032 per
914 1976 1085 2033 aliquot
1106 1991 1287 2020 menses
1309 1976 1532 2021 Viennae.

330 2066 404 2111 49.
470 2055 534 2098 M.
559 2053 779 2097 Melchior
803 2053 999 2106 Pichler,
1023 2053 1352 2110 storzingensis
1381 2054 1661 2110 Tyrolensis‚
1700 2054 1880 2111 ingres-

236 2143 319 2174 sus
340 2137 411 2175 est
432 2130 709 2175 Societatem
731 2129 996 2186 Ingolstadii
1019 2144 1140 2173 anno
1167 2131 1294 2185 1562:
1321 2130 1429 2175 fecit
1453 2138 1560 2174 uota
1583 2132 1761 2187 Pragae
1778 2139 1879 2187 post

234 2206 437 2250 medium
469 2221 655 2250 annum:
695 2206 892 2250 absoluit
922 2221 1108 2250 cursum
1144 2207 1475 2264 philosophiae:
1511 2215 1608 2253 erat
1641 2207 1877 2251 studiosus

233 2296 344 2326 cum
371 2283 705 2340 ingrederetur,
737 2283 827 2327 iam
854 2291 925 2327 est
950 2291 1219 2341 praeceptor
1239 2284 1411 2341 primae
1432 2285 1590 2329 classis
1613 2285 1878 2342 grammati-

236 2373 321 2404 v‚ces
344 2361 542 2405 futurus.

585 2487 923 2518 COADIVTORES
956 2488 1271 2519 TEMPORALES
1303 2489 1518 2519 FORMATI

330 2602 404 2647 50.
466 2591 757 2636 Guilhelmus
778 2593 989 2638 Saluator
1010 2599 1079 2638 est
1102 2601 1279 2637 tantum
1300 2601 1492 2650 emptor.
1605 2652 1609 2654 4

330 2679 400 2723 51.
465 2670 665 2726 Jacobus
686 2670 892 2723 Seckler,
916 2670 1248 2726 oenipontanus
1270 2670 1530 2726 tijrolensis,
1552 2670 1787 2726 ingressus
1805 2680 1874 2713 est

179 2749 183 2754 '
234 2744 515 2790 Societatem
552 2745 758 2790 Viennae
794 2761 916 2790 anno
958 2758 1084 2802 1555.
1126 2747 1296 2791 Ibidem
1330 2748 1472 2804 primo
1514 2746 1644 2790 uouit
1684 2748 1792 2801 1558
1828 2747 1873 2789 in

230 2828 424 2875 aestate;
452 2822 559 2867 fecit
581 2830 732 2867 autem
757 2823 1082 2880 professionem
1104 2826 1274 2868 Romae
1295 2824 1342 2867 in
1368 2826 1482 2867 festo
1505 2823 1651 2867 sancti
1674 2823 1874 2868 Mathiae

232 2898 427 2954 apostoli
469 2914 590 2943 anno
639 2901 769 2955 1565.
822 2901 1012 2958 Semper
1052 2903 1149 2946 fere
1190 2901 1468 2945 sacristanus
1511 2900 1617 2952 fuit,
1666 2900 1784 2942 sicut
1827 2908 1873 2944 et

236 2987 363 3017 nunc
386 2982 473 3020 est.
