2098 3470
294 607 820 663 MONUMENTA
868 607 1355 662 PROVINCIAE
1403 609 1851 665 RHENANAE

1026 828 1105 871 52

734 925 909 980 QUAE
947 925 999 966 R.
1043 925 1094 966 P.
1137 923 1407 968 NATALIS

611 1045 746 1075 DIXIT
786 1045 835 1074 ΙΝ
876 1043 1116 1074 COLLEGIO
1155 1043 1445 1074 COLONIENSI
1488 1026 1527 1051 ¹⁴

420 1138 561 1181 Curet
584 1144 747 1190 rector,
772 1151 862 1179 non
885 1138 1029 1180 solum
1055 1143 1104 1179 ut
1127 1151 1283 1181 omnes
1305 1151 1388 1180 sua
1416 1137 1555 1180 offitia
1583 1138 1792 1194 expleant
1814 1137 1884 1181 di-

223 1274 225 1277 ·
255 1214 466 1278 ligenter,
491 1211 570 1258 sed
594 1221 645 1257 ut
662 1221 874 1258 accurate
896 1215 1166 1257 obseruetur
1189 1214 1346 1270 regula
1368 1213 1624 1258 Societatis.

339 1291 409 1334 Ne
430 1290 521 1334 sint
544 1297 613 1334 tot
634 1291 787 1334 claues
809 1305 890 1346 pro
912 1290 1078 1343 culina3
1105 1297 1151 1334 et
1173 1304 1289 1345 quae
1311 1298 1418 1332 sunt
1441 1291 1602 1344 factae,
1627 1305 1785 1336 omnes
1807 1306 1885 1335 ac-

250 1367 387 1424 cipiat
410 1369 463 1412 P.
492 1357 757 1411 Le'onardus'
777 1368 809 1409 ².

336 1445 501 1488 Nullus
524 1445 638 1487 ferat
659 1458 813 1487 secum
837 1444 1032 1486 cultrum
1054 1442 1100 1485 in
1123 1443 1332 1499 collegio,
1358 1445 1437 1487 sed
1455 1444 1706 1487 referantur
1725 1458 1883 1488 omnes

247 1522 305 1564 ad
327 1521 584 1564 ministrum
606 1535 862 1564 mensarum
885 1527 930 1562 et
953 1519 1193 1564 refectorii.

335 1599 397 1642 Vt
418 1599 677 1642 consultum
700 1604 768 1642 est
790 1604 972 1654 propter
998 1596 1086 1640 loci
1115 1596 1350 1654 angustias
1381 1597 1438 1640 ad
1467 1597 1717 1652 aliquarum
1742 1612 1883 1655 regu-

246 1675 391 1718 larum
413 1675 665 1719 districtam
693 1673 1058 1718 obseruationem
1096 1674 1356 1726 conniuere,
1387 1674 1452 1716 ita
1480 1674 1786 1718 necessarium
1811 1683 1880 1719 est

248 1752 346 1806 niti,
373 1753 454 1796 sed
475 1752 677 1795 suauiter
700 1758 865 1804 tamen,
891 1758 942 1793 ut
980 1751 1166 1807 regulae
1202 1752 1521 1804 obseruentur,
1561 1758 1607 1796 et
1635 1751 1882 1808 conspicua

251 1830 329 1874 fiat
351 1843 490 1872 causa
523 1843 626 1871 cum
650 1829 707 1871 ad
730 1827 924 1882 aliquam
963 1828 1167 1884 regulam
1204 1835 1273 1871 est
1306 1827 1659 1871 conniuendum.
1701 1827 1880 1872 Scribat

249 1921 359 1950 uero
383 1908 445 1949 M.
472 1905 740 1950 Leonardus
762 1905 818 1947 ad
839 1907 1018 1948 Patrem
1041 1911 1245 1947 nostrum
1269 1904 1529 1960 generalem
1547 1919 1771 1960 quaenam
1790 1904 1881 1948 sint

246 1984 348 2028 illae
370 1983 574 2040 regulae,
600 1982 657 2026 ad
680 1996 791 2038 quas
813 1988 998 2025 censeat
1021 1989 1122 2025 esse
1144 1980 1497 2025 conniuendum.
1580 1977 1582 1980 ’

333 2061 482 2105 Detur
504 2073 655 2115 opera,
682 2059 831 2114 quoad
848 2058 946 2102 eius
963 2058 1061 2102 fieri
1077 2058 1256 2114 poterit,
1279 2065 1328 2100 ut
1345 2072 1462 2113 quae
1486 2059 1542 2101 ad
1561 2058 1733 2102 uictum
1752 2073 1880 2102 com-

246 2144 480 2194 parantur,
506 2151 559 2179 ea
583 2135 853 2191 tempestiue
875 2142 920 2179 et
942 2149 1026 2178 suo
1049 2142 1249 2191 tempore
1278 2142 1501 2188 emantur3
1535 2150 1639 2178 nam
1661 2135 1758 2180 fieri
1788 2150 1882 2178 non

244 2221 396 2272 potest
420 2213 530 2269 quin
552 2212 702 2256 carius
724 2213 867 2255 multo
890 2212 1070 2268 singula
1093 2219 1316 2264 emantur,
1342 2219 1387 2255 et
1408 2212 1513 2255 inde
1530 2226 1622 2255 non
1644 2211 1881 2256 mediocri-

249 2298 318 2334 ter
340 2289 523 2348 grauari
547 2288 810 2345 collegium.

319 2485 329 2504 ¹
380 2482 439 2517 Ex
457 2480 680 2527 apographo
696 2490 858 2526 coaevo,
880 2478 920 2514 in
937 2478 1072 2514 codice
1087 2478 1227 2514 Natat.
1247 2478 1367 2515 instr.
1387 2459 1541 2520 G⁵erm.,
1560 2478 1664 2515 foliis
1682 2478 1879 2525 299v-302.

243 2540 506 2589 Quandonam
524 2545 564 2575 et
580 2550 656 2587 qua
673 2538 879 2574 occasione
897 2538 987 2573 data
1004 2537 1123 2573 fuerit
1140 2539 1236 2574 haec
1255 2538 1475 2584 instructio,
1493 2549 1594 2585 quae
1611 2538 1818 2585 praecipue
1832 2537 1882 2574 de

242 2599 475 2647 cooptandis
494 2598 535 2634 in
554 2597 793 2634 Societatem
811 2596 983 2643 disserit,
1003 2608 1052 2632 ex
1077 2597 1243 2643 epistola
1262 2596 1436 2643 Polanci‚
1455 2608 1504 2631 ex
1522 2607 1662 2632 comm.
1685 2597 1730 2632 P.
1755 2596 1882 2633 Lainii

243 2658 456 2708 praepositi
472 2657 683 2704 generalis,
702 2656 876 2692 Treviris
891 2664 912 2701 7
927 2656 1022 2702 Julii
1039 2656 1131 2692 anni
1152 2656 1242 2700 1562
1257 2656 1387 2692 Natali
1400 2655 1502 2703 data,
1525 2656 1690 2702 eruitur,
1703 2656 1772 2692 ubi
1785 2657 1883 2692 haee

243 2722 347 2756 inter
365 2718 440 2754 alia
461 2718 725 2754 continentur:
755 2715 875 2751 «Mire
895 2715 1069 2751 tambien
1087 2727 1137 2751 en
1155 2716 1191 2751 el
1209 2715 1324 2751 modo
1341 2727 1417 2762 que
1435 2727 1485 2762 ay
1503 2727 1546 2751 se
1565 2715 1671 2751 tiene
1696 2715 1745 2751 de
1763 2715 1883 2751 admi-

242 2778 297 2814 ·‘tir
312 2783 446 2825 gente3
467 2788 614 2824 porque
645 2777 809 2822 algunos
839 2775 961 2810 saben
991 2784 1089 2821 poco
1118 2775 1155 2810 lo
1185 2785 1261 2821 que
1291 2775 1429 2818 hazen,
1461 2786 1487 2821 y
1517 2785 1567 2810 no
1592 2785 1635 2809 se
1653 2775 1711 2810 les
1729 2773 1882 2810 declara

239 2842 404 2873 nuestro
422 2836 617 2879 institut03
649 2847 676 2882 y
694 2835 751 2870 asi
781 2833 896 2869 dizen
926 2845 1002 2880 que
1022 2845 1065 2869 se
1095 2834 1205 2869 salen
1235 2834 1410 2880 muchos,
1430 2845 1456 2880 y
1481 2838 1586 2869 otros
1617 2844 1660 2869 es
1685 2838 1884 2869 menester

238 2886 399 2932 echan»
414 2897 465 2931 Et
482 2895 573 2931 vide
591 2892 885 2930 annotationem
904 2892 994 2928 huic
1017 2893 1260 2939 paragrapho
1286 2892 1326 2928 in
1351 2892 1479 2938 Epist.
1502 2893 1550 2930 P2
1577 2893 1728 2937 Nadal,
1753 2893 1801 2939 ΙΙ,
1819 2903 1879 2939 99,

237 2955 474 3003 appositam.
495 2955 589 2990 Pars
606 2953 722 3000 hujus
754 2951 1010 2998 monumenti,
1043 2951 1091 2987 ad
1112 2950 1242 2987 studia
1273 2952 1491 2998 pertinens,
1521 2951 1584 2987 hic
1614 2951 1880 3002 supprimitur,

240 3021 381 3062 -·utpote
400 3026 421 3049 a
439 3013 553 3049 nobis
573 3012 679 3048 edita
697 3011 737 3047 in
755 3011 935 3046 Monam.
958 3011 1158 3058 Paedag„
1178 3021 1267 3057 pag.
1287 3010 1371 3054 762,
1390 3009 1476 3055 763.

317 3076 331 3096 ²
382 3072 603 3116 Kesselius,
621 3075 750 3107 rector
767 3068 926 3115 collegii
945 3068 1201 3104 coloniensis.
