2098 3470
284 283 354 321 512
757 277 911 314 Pums
938 278 1181 315 Huznomnn
1204 277 1354 313 NADAL

328 378 548 422 Sei-uetur
571 385 723 422 certus
745 380 1033 424 sacerdotum
1056 379 1167 422 ordo
1189 378 1236 421 in
1264 378 1501 422 missarum
1530 379 1671 423 sacris
1697 377 1868 425 facien-

238 453 323 507 dis,
349 468 500 510 neque
522 455 615 498 duo
635 455 844 499 dicantur
867 469 994 499 sacra
1015 455 1166 508 simul,
1191 454 1279 498 nisi
1309 469 1477 512 magna
1509 463 1630 500 esset
1660 458 1870 501 sacerdo-

236 538 332 573 tum
356 530 505 587 copia,
531 545 584 575 ac
608 538 718 575 tunc
739 532 877 576 etiam
900 539 1102 586 curetur,
1127 538 1175 574 vt
1203 546 1436 587 nunquam
1463 546 1642 576 sacrum
1673 533 1789 576 desit
1821 533 1869 578 in

203 598 208 604 ⁸
235 622 448 664 supremo
469 609 599 652 altari
619 623 700 666 per
722 608 766 652 id
789 617 984 665 tempus,
1009 623 1102 664 quo
1131 608 1349 652 celebrari
1371 608 1534 653 missae
1555 610 1719 663 solent,
1751 618 1796 655 et
1817 619 1866 654 vt

235 683 370 728 simul
391 685 482 728 duo
504 699 634 729 sacra
654 700 712 730 ne
734 685 1009 730 inchoentur
1030 693 1063 738 ³,
1089 686 1170 730 sed
1201 684 1278 728 vbi
1309 699 1450 728 vnum
1483 685 1541 729 sit
1570 701 1864 743 progressum

235 763 292 805 ad
330 761 627 816 offertorium,
666 768 726 809 411
764 764 1015 806 secundum
1052 761 1308 807 inchoetur:
1348 769 1393 807 et
1431 762 1468 806 si
1506 763 1590 806 tria
1629 764 1700 808 vel
1735 764 1865 820 plura

234 845 387 883 essent
407 838 599 883 dicenda
619 838 770 892 simul,
795 848 978 896 propter
1006 839 1294 883 sacerdotum
1323 839 1678 893 multitudinem,
1714 847 1867 885 tamen
1886 839 1894 849 ¹

234 931 293 960 ne
313 915 464 969 simul,
489 917 639 972 quoad
660 916 757 960 fieri
779 916 938 973 possit,
964 915 1252 969 inchoentur;
1278 916 1359 960 sed
1384 917 1621 960 commode
1642 915 1736 960 suis
1759 932 1864 974 spa·

233 992 316 1036 ciis
336 992 696 1050 distinguantur.

323 1071 434 1113 Post
455 1071 662 1114 absoluta
683 1071 833 1114 omnia
855 1085 982 1114 sacra
1004 1077 1050 1115 et
1071 1069 1169 1113 eius
1190 1069 1406 1126 postremi
1428 1069 1543 1113 sacri
1572 1071 1863 1114 communio-

234 1161 355 1202 nem,
381 1162 439 1192 ne
460 1149 593 1191 detur
620 1148 893 1200 communio,
919 1147 1006 1190 nisi
1029 1148 1144 1190 forte
1165 1148 1301 1204 paulo
1330 1154 1432 1203 post
1460 1146 1594 1191 alicui
1622 1162 1862 1204 personae,

233 1238 350 1280 quae
372 1231 482 1268 tunc
505 1223 698 1281 primum
721 1224 1051 1269 cenfessionem
1081 1224 1368 1269 absoluisset.

319 1301 496 1346 Diebus
517 1301 787 1345 ieiuniorum
810 1302 865 1344 ad
888 1316 992 1346 eum
1021 1315 1259 1345 numerum
1287 1315 1534 1353 sacrorum,
1566 1315 1684 1357 quae
1712 1302 1865 1347 solent

213 1372 450 1422 ¹celebrari
479 1378 525 1421 in
562 1392 739 1422 summo
776 1377 922 1430 altari,
954 1378 1147 1421 addatur
1173 1392 1316 1421 vnum
1351 1385 1599 1435 praeterea,
1635 1392 1693 1421 ne
1729 1367 1861 1423 vacet

231 1463 411 1512 ternpus
432 1462 539 1500 ante
566 1455 814 1508 meridiem,
841 1469 931 1510 quo
953 1469 1045 1497 non
1067 1454 1126 1498 sit
1153 1469 1349 1508 sacrum;
1381 1462 1427 1500 et
1455 1463 1606 1499 tamen
1635 1455 1730 1499 fere
1757 1455 1858 1511 qui-

229 1533 333 1577 dem
355 1533 422 1584 fit,
447 1539 495 1575 vt
517 1532 723 1575 Vltimum
746 1546 924 1575 sacrum
945 1530 991 1574 in
1019 1531 1400 1587 frequentioribus
1421 1531 1625 1588 collegiis
1646 1531 1859 1575 absolua-

231 1618 304 1653 tur
331 1610 405 1653 vel
432 1608 619 1654 meridie
646 1609 719 1651 vel
746 1623 837 1652 non
865 1609 1002 1665 longe
1024 1616 1129 1652 ante
1161 1608 1411 1654 meridiem:
1436 1608 1548 1651 illud
1569 1609 1859 1664 hyeme,·hoc

229 1693 415 1740 aestate.

317 1765 367 1806 In
388 1763 600 1807 omnibus
623 1762 785 1815 missis,
819 1777 907 1806 non
937 1764 1083 1807 solum
1112 1763 1158 1806 in
1188 1763 1352 1807 summi
1380 1763 1549 1815 altaris,
1581 1763 1858 1807 accendatur

226 1840 272 1883 in
295 1832 551 1884 eleuatione
579 1840 853 1883 sanctissimi
876 1838 1145 1885 sacramenti
1177 1855 1352 1884 cereus.
1378 1841 1459 1883 Est
1486 1847 1638 1884 autem
1666 1853 1857 1885 consue·

226 1918 336 1961 tudo
358 1925 407 1960 vt
428 1932 519 1961 non
541 1921 615 1964 412
636 1917 929 1973 extinguatur
951 1918 1096 1961 donec
1119 1917 1188 1963 2.⁰
1210 1925 1279 1961 est
1300 1919 1501 1961 leuatum
1522 1916 1855 1960 sanctissimum

224 2001 558 2038 sacramentum
581 2002 686 2037 ante
707 1994 977 2038 dominicam
1001 1994 1266 2048 orationem;
1291 1994 1338 2036 in
1360 1993 1604 2038 solenniori
1626 1993 1762 2038 etiam
1785 2008 1858 2037 sa-

223 2085 301 2114 cro
322 2072 471 2115 solent
493 2084 517 2114 2
538 2071 740 2115 accendi.
768 2073 1005 2116 Habeatur
1021 2071 1129 2114 item
1148 2072 1434 2128 campanula,
1455 2085 1570 2126 quae
1587 2085 1669 2127 pro
1685 2070 1857 2115 maiore

226 2148 511 2206 [reverentia]
533 2149 739 2205 pulsetur
760 2148 807 2191 in
830 2148 1102 2202 eleuatione,
1127 2156 1173 2192 et
1197 2149 1376 2200 tabella,
1402 2148 1478 2191 vbi
1499 2146 1856 2191 consecrationis

220 2226 377 2279 verba,
407 2225 589 2269 «Gloria
611 2225 658 2267 in
680 2225 897 2268 excelsis»
924 2233 1032 2278 etc.,
1058 2233 1103 2269 et
1129 2226 1330 2270 «Credo»
1356 2225 1446 2268 sint
1468 2224 1710 2280 descripta.

311 2303 445 2358 Quae
467 2301 642 2358 perdita
664 2303 721 2345 ab
744 2302 942 2345 externis
970 2301 1268 2347 inueniuntur
1289 2302 1334 2344 in
1362 2301 1552 2345 ecclesia
1579 2308 1748 2353 nostra,
1779 2301 1852 2346 vel

220 2380 277 2423 ad
300 2378 538 2423 ecclesiam
562 2380 788 2432 feruntur,
813 2394 865 2422 ea
889 2378 1166 2435 (praesertim
1189 2379 1226 2421 si
1249 2378 1340 2421 sint
1361 2378 1552 2421 alicuius
1578 2377 1732 2434 precii)
1754 2392 1850 2423 ser-

221 2463 298 2500 uet
333 2456 560 2509 aedituus,
597 2463 642 2499 et
676 2455 909 2511 pubblicet
942 2455 987 2498 in
1024 2455 1278 2511 frequentia
1307 2454 1527 2500 ecclesiae
1563 2469 1664 2499 esse
1700 2454 1851 2512 aliqua

219 2530 476 2578 inuenta'et
503 2539 700 2586 seruata,
731 2540 780 2575 vt
810 2533 993 2576 veniant
1024 2548 1107 2576 sua
1134 2532 1382 2588 quaesituri
1411 2531 1444 2585 b;
1477 2531 1680 2587 quicum
1708 2546 1848 2577 vene—

218 2611 331 2663 rint,
365 2610 519 2653 dicant
549 2610 657 2666 quid
683 2609 985 2666 perdiderint,
1026 2619 1071 2653 et
1106 2610 1289 2666 signum
1318 2616 1548 2666 exponant
1576 2609 1657 2661 rei,
1692 2616 1738 2652 et
1767 2623 1850 2665 pro

218 2674 384 2731 iudicio
413 2686 659 2743 superioris
685 2685 772 2728 illis
800 2700 871 2729 res
900 2687 1132 2730 reddatur.
1170 2688 1307 2742 Quod
1335 2687 1395 2738 si,
1427 2686 1580 2742 elapso
1611 2700 1751 2738 anno,
1783 2685 1848 2728 rei

217 2765 428 2808 dominus
450 2779 543 2807 non
565 2770 795 2820 appareat,
821 2764 1045 2807 vendatur
1066 2778 1137 2806 res
1159 2765 1278 2806 bona
1300 2763 1389 2806 fide
1411 2771 1457 2806 et
1483 2764 1615 2806 detur
1637 2762 1847 2819 pauperi-

216 2843 320 2895 bus,
346 2848 392 2884 et
414 2843 506 2884 hoc
528 2854 710 2896 quoque
731 2839 910 2895 publice
933 2849 1187 2895 exponatur
1210 2854 1310 2884 esse
1331 2840 1577 2896 agendum.

286 3008 303 3025 a
357 2997 585 3033 inchoenter
604 3007 675 3032 ms.
727 2997 794 3023 ——b
820 2996 1055 3041 quaesitura
1075 3007 1146 3030 ms.
