2098 3470
1301 0 1506 26 T’'‘·⁴]''’'''·''L‘'⁹'‘--.
1522 0 1898 28 T<*⁷''''''¹⁷'‘>'³''5W‘W‘»·3W-
1933 15 1947 27 ’4
1990 27 1995 36 t
2012 8 2026 22 ὅ
2038 11 2049 23 “

1368 31 1371 36 ,
1525 31 1528 35 Δ
1770 30 1771 33 =
1793 30 1808 42 a
1828 31 1831 34 -
1855 35 1860 40 .
2005 31 2019 38 ν

313 241 394 289 878
898 248 1036 284 Epis-r.
1065 247 1110 286 P.
1139 247 1292 285 NADAL

269 344 354 388 nisi
377 360 535 390 secum
559 347 706 404 perire
727 349 880 393 vellet.
899 349 1040 394 Omni
1063 357 1214 393 autem
1234 357 1468 395 momento
1486 351 1674 397 fundum
1693 360 1906 410 expecta·-

267 423 395 476 bant3
421 437 506 467 nec
529 423 624 480 ipse
650 439 741 468 uno
764 433 941 470 tantum
964 426 1150 469 brachio
1172 440 1221 469 se
1245 425 1398 470 iuvare
1421 434 1610 483 poterat.

275 547 278 550 Α
355 501 473 544 Cum
496 515 609 558 ergo
632 502 768 547 Pater
790 510 910 548 esset
932 506 1162 560 egressus,
1190 510 1300 546 tunc
1330 503 1543 558 Isidorus,
1569 505 1764 550 subinde
1795 521 1908 550 suos

268 577 325 619 ad
353 585 543 621 mortem
573 579 882 632 confortabat,
914 587 960 622 et
989 579 1046 622 ad
1076 578 1361 622 moriendum
1394 580 1603 636 parabat3
1630 596 1751 625 mors
1787 582 1908 627 enim

263 647 352 695 iam
379 653 466 697 illis
495 656 553 698 ob
582 656 740 699 oculos
769 658 1051 700 versabatur.
1085 655 1248 700 Subito
1277 670 1405 713 ergo,
1442 657 1625 702 vidente
1646 659 1734 702 hoc
1773 661 1909 704 Patre

265 729 432 783 Natali,
459 739 554 775 tota
576 731 705 775 navis
727 734 1124 789 submergebatur,
1150 739 1196 776 et
1219 732 1296 787 qui
1318 732 1363 775 in
1387 748 1440 776 ea
1461 742 1605 776 erant.

352 808 469 851 Cum
493 816 644 852 autem
672 810 806 854 Pater
828 810 1003 853 Natalis
1026 825 1081 853 ex
1105 809 1262 852 Africa
1290 809 1512 861 rediisset,
1534 810 1647 853 dixit
1674 811 1796 855 Patri
1819 826 1903 855 no-

264 891 373 927 stro:
403 884 594 928 «Misisti
617 901 704 938 me,
723 901 822 940 seu,
839 894 1023 943 propter
1047 894 1171 929 tuam
1189 886 1478 939 sententiam,
1495 886 1559 930 fui
1582 886 1700 931 inter
1718 888 1900 941 milites;

263 961 343 1004 sed
372 976 463 1004 non
492 963 641 1018 placet
670 963 779 1006 mihi
808 964 926 1008 inter
955 964 1054 1007 illos
1084 963 1253 1016 vivere3
1294 963 1403 1018 quin
1445 964 1596 1020 potius
1629 971 1736 1021 opto
1767 964 1905 1008 vitam

266 1037 582 1094 religiosorum
605 1048 650 1083 et
673 1049 855 1084 nostrae
874 1040 1172 1085 Societatis...

355 1151 600 1206 Quomodo
629 1166 740 1196 vero
768 1152 856 1196 ista
885 1153 1027 1209 prima
1065 1155 1228 1196 domus
1262 1154 1541 1210 probationis
1574 1154 1830 1210 profecerit,
1861 1162 1906 1198 et

269 1227 482 1280 accrevit,
504 1229 666 1273 melius
680 1229 784 1286 ipsi,
805 1230 883 1286 qui
900 1231 944 1272 in
964 1246 1016 1274 ea
1037 1232 1221 1274 fuerunt
1239 1245 1291 1274 ac
1309 1239 1503 1287 egerunt
1519 1239 1565 1275 et
1581 1230 1756 1287 experti
1775 1239 1900 1283 sunt,

266 1317 402 1358 quam
431 1304 547 1348 alius
576 1306 816 1361 quisquam
846 1316 1117 1363 agnoscent.
1160 1308 1306 1351 Etiam
1331 1308 1519 1364 regulae
1549 1296 1788 1360 testantur,
1819 1322 1901 1353 seu

268 1379 458 1434 litterae,
480 1396 593 1436 quas
612 1383 747 1426 Pater
764 1385 887 1426 omni
906 1399 1041 1436 anno,
1063 1384 1263 1439 quandiu
1279 1385 1343 1426 illi
1364 1384 1519 1427 domui
1543 1384 1753 1440 praefuit,
1777 1385 1906 1428 Patri

265 1456 444 1513 Ignatio
462 1458 584 1501 misit
607 1474 663 1503 ex
685 1460 879 1503 consilio
911 1461 1061 1504 Patris
1089 1461 1281 1514 Natalis,
1308 1469 1357 1503 ut
1382 1463 1519 1505 Pater
1554 1460 1756 1517 ignatius
1789 1460 1904 1503 indi·

262 1543 386 1578 caret
407 1550 491 1579 seu
513 1536 705 1593 eligeret
727 1553 783 1581 ex
806 1537 876 1590 iis,
903 1552 1018 1593 quae
1042 1537 1104 1580 illi
1127 1538 1391 1582 viderentur
1414 1539 1561 1582 bonae
1583 1552 1664 1594 pro
1686 1537 1903 1581 iuventu-

263 1619 323 1662 te,
344 1627 446 1655 nam
471 1620 701 1668 postremo
725 1629 846 1658 anno
865 1615 987 1658 misit
1010 1617 1220 1668 Romam,
1241 1616 1435 1671 amplius
1452 1629 1587 1670 quam
1605 1614 1746 1670 prius,
1763 1629 1903 1670 expe-

264 1687 450 1732 rientias
470 1694 499 1732 ¹.

350 1766 440 1809 Hic
464 1774 615 1810 tamen
639 1783 730 1811 non
767 1769 852 1812 erit
883 1769 1060 1820 inutile,
1087 1770 1240 1821 credo,
1275 1769 1499 1813 subiicere
1522 1769 1778 1825 ingressum
1810 1770 1903 1813 Ca-

261 1843 343 1885 roli
367 1844 630 1888 Pharaonii.
665 1845 755 1889 Hic
784 1847 977 1889 Carolus
1001 1849 1067 1902 (ut
1096 1848 1152 1889 ab
1181 1861 1238 1890 eo
1259 1846 1560 1902 incipiamus),
1586 1846 1764 1890 iuvenis
1787 1861 1899 1902 qua-

261 1920 515 1964 tuordecim
538 1936 778 1975 annorum,
803 1931 900 1966 erat
928 1923 1050 1966 filius
1077 1923 1163 1965 viri
1185 1923 1422 1966 cuiusdam
1444 1922 1610 1966 nobilis
1637 1929 1683 1966 et
1706 1937 1900 1979 magnae

259 1998 382 2052 apud
405 2012 720 2043 messanenses
743 1999 1032 2043 authoritatis
1054 2001 1087 2052 ²,
1114 2000 1228 2043 adeo
1254 2007 1302 2043 ut
1325 2000 1510 2043 nomine
1533 1999 1674 2042 totius
1701 1998 1900 2042 civitatis

265 2075 320 2117 ad
338 2074 588 2131 principem
612 2076 936 2132 Hispaniarum
959 2077 1217 2133 Philippum
1241 2077 1284 2119 in
1305 2076 1475 2119 Italiam
1493 2077 1815 2119 adventantem
1833 2077 1896 2120 le-

261 2158 398 2208 gatus
420 2152 630 2196 maximis
653 2167 758 2196 curn
781 2154 1047 2197 muneribus
1071 2154 1236 2197 missus
1259 2153 1409 2196 fuerit.

352 2230 461 2272 Erat
483 2237 635 2273 autern
652 2230 837 2286 juvenis
869 2231 944 2276 ille
981 2239 1087 2275 ante
1114 2230 1233 2274 diem
1255 2245 1366 2275 suae
1394 2229 1665 2282 vocationis,
1691 2226 1900 2285 petulanss

262 2305 352 2350 tiae
374 2308 439 2360 (ut
454 2311 516 2350 'ea
538 2314 663 2350 aetas
684 2308 863 2363 assolet)
888 2308 1086 2361 deditus,
1112 2308 1157 2350 in
1181 2307 1395 2363 superbia
1417 2307 1553 2350 etiarn
1576 2320 1733 2350 omnes
1765 2319 1898 2348 coae-

261 2383 418 2437 quales
456 2384 718 2439 superabat,
752 2384 922 2429 nemini
961 2385 1194 2440 parcebat,
1228 2385 1434 2437 verbera,
1466 2398 1675 2440 quaeque
1703 2388 1896 2438 poterat,

261 2458 359 2503 aliis
391 2460 631 2513 inferebat,
658 2462 771 2505 adeo
794 2469 860 2515 ut,
887 2463 944 2504 ob
982 2461 1081 2505 eius
1103 2462 1403 2506 excellentem
1426 2460 1668 2512 maliciam,
1694 2457 1903 2516 plurimis

260 2543 398 2580 notus
419 2545 557 2581 esset.
1395 2589 1398 2591 Α

349 2615 489 2658 Hunc
512 2616 694 2660 tandem
717 2616 942 2659 Dominus
960 2617 1095 2659 oculo
1112 2614 1450 2659 misericordiae
1468 2614 1685 2670 respexit,
1705 2628 1902 2669 eumque

260 2692 316 2733 ad
338 2705 415 2735 cor
438 2692 586 2737 redire
614 2692 924 2748 voluit,-quod
958 2699 1007 2736 ut
1045 2693 1208 2735 melius
1245 2692 1391 2743 fieret,
1416 2690 1644 2733 Dominus
1665 2689 1901 2746 inspiravit
1936 2707 1939 2710 ·

259 2782 345 2810 avo
367 2783 470 2821 suo,
499 2777 549 2811 ut
570 2783 674 2812 eum
697 2783 803 2813 cum
826 2772 966 2814 fratre
989 2784 1073 2813 suo
1096 2770 1152 2812 ad
1180 2770 1362 2812 scholas
1384 2774 1563 2810 nostras
1585 2766 1804 2815 mitteret,
1829 2765 1899 2809 di-

331 2935 340 2954 ¹
392 2935 550 2971 {cilicet
569 2935 834 2983 experientias
850 2935 899 2971 ad
917 2935 1152 2971 novitiorum
1179 2934 1468 2970 institutionem
1488 2931 1704 2967 ordinatas.

328 2997 342 3016 ‘³
393 2994 521 3041 Hujus
540 2995 691 3041 egregii
709 2994 783 3030 viri
801 3006 944 3031 nomen
962 3001 1045 3031 erat
1063 2994 1285 3030 Bernardus
1304 2991 1556 3028 Pharaonius.
1578 2989 1640 3025 Cf.
1662 2989 1895 3033 AGulLERA‚

260 3055 335 3092 loc.
354 3053 436 3100 cit.,
458 3065 544 3101 cap.
565 3055 633 3101 1V,
653 3066 691 3091 n.
713 3063 773 3099 25.
