2098 3470
339 252 382 286 16
862 286 865 290 ,
910 253 1090 288 ΝοτιτιΑ
1118 261 1306 289 conicum

290 353 409 390 detur
428 353 558 391 fratris
575 354 742 402 Joannis
762 354 1011 399 Fernandez,
1031 356 1098 403 qui
1120 355 1193 392 suit
1213 355 1395 392 librarius
1415 355 1456 392 P.
1479 356 1642 394 Polanci
1663 357 1739 395 sub
1760 357 1804 396 P.
1828 358 1922 396 Lai-

291 424 358 460 nio
378 425 494 461 annis
520 425 761 472 1561-1565.
785 426 830 462 In
853 426 908 466 1.a
923 438 1017 475 pag.
1042 427 1142 463 haec
1164 427 1201 462 in
1219 427 1413 473 superiori
1430 410 1500 464 ora
1515 429 1722 465 annotatio
1737 429 1918 467 habetur:
1976 456 1982 462 -

294 495 361 532 «P.
386 495 606 536 Polanco.»
629 496 723 534 Non
744 497 849 534 clare
866 502 976 545 patet
996 509 1045 534 an
1068 498 1169 534 haec
1186 497 1392 545 inscriptio
1413 499 1462 535 sit
1478 500 1728 548 autographa
1743 499 1918 538 Polanci.

374 575 433 607 12.
495 567 702 617 «Regulae
723 569 924 605 secretarii
940 569 1157 616 praepositi
1179 559 1420 617 generalis.»
1438 568 1540 606 Sunt
1553 569 1718 619 regulae
1738 570 1919 618 eaedem,

291 648 393 683 quas
414 639 662 676 examinavit
682 644 722 676 et
740 640 979 688 recognovit
999 640 1060 685 4²¹
1077 640 1342 688 congregatio
1362 640 1574 688 generalis;
1594 641 1818 688 paucisque
1834 653 1920 679 mu·

287 709 393 755 tatiS‚
414 714 465 755 et,
495 710 627 758 capite
648 710 706 747 IX
731 710 783 747 de
809 722 1033 747 annuarum
1067 710 1287 747 litterarum
1313 710 1491 747 editione
1517 711 1691 759 adjecto,
1718 712 1918 760 approba-

290 780 359 826 vit,
380 785 424 817 ut
445 780 647 818 habentur
666 781 706 818 in
727 781 914 818 Instituto
935 781 1028 820 Soc.
1049 781 1084 829 J.
1108 780 1143 814 ¹»
1162 781 1308 818 Manus
1324 781 1470 819 librarii
1487 781 1606 819 nobis
1625 794 1790 830 prorsus
1804 784 1919 833 igno,-

288 857 328 888 ta
349 856 424 891 est.
448 851 605 902 Regula
626 852 674 889 28
696 852 747 889 ab
768 853 893 890 altero
921 853 1157 889 amanuensi
1185 853 1322 890 addita
1351 853 1423 891 fuit
1449 859 1606 901 postea,
1627 853 1679 890 ad
1704 853 1828 891 finem
1854 865 1917 892 ca·

289 923 381 971 pitis
400 923 518 969 tertii,
540 934 632 961 cum
653 924 730 961 hac
757 924 1031 969 annotatione,
1059 925 1097 960 in
1125 924 1307 973 margine
1332 925 1476 972 posita:
1500 924 1676 962 «Addita
1696 936 1804 962 anno
1824 925 1916 975 87.»

290 994 375 1035 Ine.
402 993 531 1032 «Cum
551 996 792 1032 secretarius
812 996 991 1032 minister
1012 995 1124 1032 sit...»
1146 995 1244 1032 Des.
1278 1008 1424 1033 «...non
1444 996 1545 1034 infra
1565 996 1794 1033 diminuens
1816 1013 1837 1030 >›

374 1075 433 1114 13.
495 1065 581 1102 «De
602 1065 738 1103 officio
758 1066 1058 1114 prouincialis.»
1080 1065 1183 1103 Sunt
1201 1066 1366 1116 regulae
1386 1068 1654 1115 provincialis,
1674 1068 1802 1116 prima
1823 1079 1918 1106 cura

289 1148 310 1173 a
338 1136 382 1176 P.
412 1136 556 1173 Lainio
582 1138 845 1185 compositae,
871 1142 974 1174 teste
1008 1137 1051 1177 P.
1076 1137 1221 1183 Natali,
1247 1138 1287 1174 in
1325 1137 1421 1178 Cod.
1465 1137 1586 1179 Vatic.
1623 1137 1658 1184 ό,
1687 1151 1829 1188 opusc,
1859 1149 1918 1189 13,

289 1207 357 1248 fol.
387 1218 429 1257 13
438 1215 473 1254 5,
498 1208 564 1244 Ex
585 1208 697 1246 hisce
717 1209 865 1258 regulis
886 1208 1151 1256 depromptae
1177 1209 1432 1256 potissimum
1457 1209 1619 1248 fuerunt
1643 1210 1732 1247 illae
1757 1210 1917 1247 brevio-

286 1291 363 1326 res,
384 1290 486 1327 quas
501 1279 542 1317 S.
565 1279 597 1316 F
600 1280 806 1317 ranciscus
826 1280 970 1328 Borgia
999 1280 1242 1327 composuit,
1268 1285 1312 1317 ut
1337 1281 1391 1318 ait
1417 1280 1570 1318 Natalis
1591 1280 1707 1327 ibid„
1729 1281 1797 1321 fol.
1832 1281 1916 1331 187,

287 1355 328 1387 et
345 1350 448 1396 illae,
469 1362 575 1398 quae
594 1351 759 1388 tandem
779 1351 1028 1399 approbatae
1046 1356 1085 1388 et
1110 1352 1291 1388 instituto
1312 1351 1353 1388 S.
1382 1351 1417 1399 J.
1445 1352 1618 1389 insertae
1638 1352 1813 1390 fuerunt.
1837 1352 1916 1390 Fo-

287 1422 347 1461 liis
374 1429 416 1469 15
440 1422 687 1468 coalescunt,
708 1422 856 1470 quibus
878 1422 1016 1460 folium
1036 1435 1162 1460 unum
1182 1423 1402 1471 praecedit,
1421 1424 1497 1461 hac
1517 1423 1670 1461 Natalis
1689 1424 1916 1472 inscriptio-

287 1504 339 1529 ne
355 1497 551 1530 notatum:
571 1493 844 1540 «Exemplum
858 1493 1087 1542 regularum
1099 1493 1408 1540 antiquiorum.»
1423 1492 1514 1530 Alia
1528 1505 1662 1531 manu:
1679 1493 1767 1531 «De
1781 1494 1916 1531 officio

286 1563 588 1611 prouincialis.»
611 1564 704 1601 Hoc
725 1564 959 1612 exemplum
976 1564 1226 1601 concordare
1245 1564 1407 1602 videtur
1426 1576 1519 1602 curn
1534 1564 1614 1611 illo,
1629 1565 1742 1612 quod
1756 1565 1796 1602 in
1817 1563 1912 1606 Cod.

300 1634 421 1675 Vatic.
448 1633 473 1672 ὁ
500 1640 743 1681 asservatur,
769 1635 965 1672 tredecim
992 1636 1098 1672 enim
1125 1635 1326 1683 capitibus
1354 1641 1526 1683 constat,
1545 1636 1688 1674 iisdem
1720 1635 1844 1674 titulis
1863 1637 1916 1674 si-

290 1706 436 1756 gnatis,
457 1711 497 1749 et
516 1707 663 1744 eodem
689 1707 813 1744 modo
839 1707 1051 1744 inchoatur
1077 1713 1116 1743 et
1145 1707 1305 1747 desinit.
1329 1707 1367 1744 A
1399 1713 1515 1758 tergo
1540 1708 1667 1745 ultimi
1693 1707 1775 1745 folii
1802 1709 1915 1755 haec,

289 1777 442 1814 Natalis
475 1789 598 1814 manu
627 1783 805 1824 exarata,
840 1778 1044 1826 inscriptio
1079 1778 1262 1815 habetur:
1299 1778 1387 1816 «De
1421 1778 1795 1818 instructionibus»
1830 1778 1920 1816 Alia

290 1860 423 1886 manu:
455 1847 651 1886 «Diuersa
681 1849 1273 1900 inemendatay.»—Sequuntur
1290 1850 1426 1887 variae
1457 1850 1753 1895 instructiones,
1775 1851 1918 1898 partim

290 1931 529 1957 communes
565 1921 721 1957 cunctis
750 1920 1079 1968 provincialibus,
1113 1922 1257 1968 partim
1290 1921 1551 1969 particulares
1583 1932 1657 1970 pro
1685 1922 1918 1969 praeposito

289 1990 525 2039 provinciali
557 1990 771 2037 Castellae‚
804 1991 966 2028 relictae
999 1992 1038 2028 in
1073 1991 1270 2039 Hispania
1303 2003 1326 2029 a
1359 1992 1404 2029 P.
1442 1992 1573 2029 Natali
1607 1992 1647 2028 in
1676 1992 1918 2038 visitatione,

288 2063 405 2099 annis
431 2063 525 2108 1561
550 2067 590 2099 et
615 2062 713 2108 1562
740 2061 816 2099 sub
843 2062 888 2103 P.
912 2062 1055 2099 Lainio
1076 2062 1226 2109 habita,
1247 2068 1291 2100 ut
1317 2074 1372 2100 ex
1391 2063 1535 2100 iisdem
1559 2063 1695 2109 rebus,
1716 2074 1822 2110 quae
1839 2067 1916 2100 tra-

223 2162 226 2165 ,
290 2138 450 2170 etantur
470 2138 607 2181 aperte
634 2133 773 2180 liquet.
801 2133 957 2171 Decem
984 2134 1087 2171 soliis
1108 2135 1184 2171 hae
1219 2135 1505 2172 instructiones
1538 2134 1806 2172 continentur:
1828 2133 1913 2174 Ine.
1955 2157 1958 2160 ·

292 2204 863 2251 «Prouinciales.—Ad,uierta
897 2205 933 2242 el
967 2206 1254 2253 prouincial...»
1277 2206 1386 2244 Des.:
1424 2210 1584 2244 «mesto
1617 2206 1714 2243 hara
1747 2217 1825 2243 con
1857 2196 1941 2243 los'

288 2276 560 2324 superiores.»

374 2357 433 2394 14.
495 2347 582 2384 «De
603 2347 739 2384 officio
761 2348 1131 2395 superintendentis
1149 2348 1350 2398 collegii.»
1373 2348 1457 2386 Sub
1477 2349 1557 2386 hoc
1576 2348 1704 2394 titulo,
1724 2348 1764 2385 in
1783 2348 1916 2385 indice

289 2419 437 2466 posito,
458 2423 632 2466 quatuor
651 2418 714 2455 alii
733 2418 836 2456 tituli
863 2419 902 2455 in
930 2419 1072 2456 codice
1099 2421 1365 2468 reperiuntur,
1388 2420 1582 2467 quoshic
1601 2418 1916 2465 transcribimus,

289 2500 381 2526 cum
402 2489 514 2526 brevi
535 2489 808 2526 declaratione
828 2489 885 2526 rei
913 2489 988 2526 sub
1018 2490 1132 2527 titulo
1160 2491 1331 2538 positae.
1361 2496 1438 2532 1,us
1458 2491 1512 2527 ita
1534 2490 1669 2527 habet:
1698 2488 1915 2527 «Officium

288 2560 659 2608 superintendentis
680 2560 838 2609 collegii
864 2560 940 2597 sub
967 2561 1250 2608 compendio.»
1273 2561 1319 2598 In
1343 2561 1472 2598 tribus
1498 2561 1602 2598 foliis
1627 2572 1721 2598 cum
1747 2560 1914 2598 dimidio

289 2631 471 2668 continet
503 2640 554 2680 47
588 2631 761 2680 regulas.
797 2631 891 2668 Inc.:
930 2631 984 2671 «I.
1022 2622 1157 2677 Cur'et,
1191 2638 1235 2669 ut
1268 2633 1328 2670 sui
1364 2633 1538 2680 quisque
1572 2631 1771 2672 officii...»
1799 2631 1912 2672 Des.:

291 2712 382 2752 «47.
405 2702 446 2740 Si
480 2703 548 2750 qui
575 2707 670 2739 sunt
701 2703 842 2740 tentati
875 2702 940 2738 vel
974 2703 1152 2749 inquieti,
1181 2715 1322 2740 eorum
1342 2703 1560 2752 specialem
1585 2707 1699 2752 geret
1732 2714 1910 2743 curam.»

289 2780 425 2814 —2.u³
449 2773 775 2822 «Compendium
795 2773 1143 2820 quemadmodum
1163 2775 1219 2811 uti
1240 2787 1314 2812 suo
1343 2775 1478 2812 officio
1499 2773 1648 2811 debeat
1672 2778 1805 2811 rector
1830 2773 1912 2811 col—

288 2846 394 2895 legii,
407 2846 651 2895 praesertim
667 2844 736 2882 vbi
752 2843 1083 2894 superintendens
1103 2850 1197 2884 est.»
1217 2846 1346 2892 Haec,
1363 2857 1469 2894 quae
1484 2845 1626 2883 italicis
1641 2845 1780 2883 litteris
1796 2834 1911 2882 exhi-

287 2917 446 2963 bentur,
466 2929 488 2954 a
509 2916 641 2954 Natali
661 2917 823 2965 propria
842 2928 964 2953 manu
985 2916 1123 2953 addita
1144 2922 1250 2957 sunt.
1275 2917 1446 2955 Duabus
1471 2901 1631 2967 paginis
1663 2918 1741 2955 hoc
1767 2927 1911 2953 monu-

357 3068 364 3087 ¹
419 3064 479 3103 Cf.
499 3066 733 3100 Institutum
754 3064 1075 3111 SocietatisJesu
1088 3065 1325 3107 (Florentiae
1340 3065 1451 3101 annis
1472 3064 1700 3111 1892-1893).
1721 3065 1790 3109 ΙΙΙ,
1806 3071 1863 3110 50.
