2098 3470
284 281 354 326 456
755 283 910 320 erms
935 285 1179 322 Hmnoxvm
1204 287 1355 323 NAnAt.

238 397 336 439 cap.
366 383 489 436 ult.⁰,
514 384 584 427 vel
614 397 671 427 ex
698 385 868 441 regulis
901 385 1218 430 communibus
1251 387 1510 444 theologiae
1540 395 1647 431 sunt
1679 396 1866 445 peccata

239 459 461 504 mortalia.

330 549 371 580 2.
436 537 630 590 Deinde,
656 538 779 594 quod
801 539 858 582 ad
881 539 1150 595 particulare
1179 540 1394 584 iudicium
1419 540 1596 595 attinet,
1629 548 1779 586 Vtrum
1809 557 1865 588 ex

238 613 424 657 leuitate
447 614 677 667 materiae,
707 617 779 659 vel
800 630 857 659 ex
879 616 1252 662 indeliberatione
1277 625 1424 672 actus,
1456 619 1530 662 vel
1557 618 1644 662 alia
1671 618 1866 662 circum-

239 691 405 734 stantia
437 692 647 735 desinant
684 707 785 737 esse
815 693 1019 736 mortalia
1053 701 1254 749 peccata,
1289 694 1566 738 confessario
1598 695 1868 752 relinquitur

238 767 549 811 iudicandum.
576 769 731 825 Atque
753 770 815 814 ita
836 778 1029 822 constat,
1051 772 1173 827 quod
1190 772 1314 814 nulla
1330 772 1513 828 ponitur
1529 771 1773 828 prohibitio
1789 779 1868 816 aut

235 845 463 901 obligatio,
489 845 615 889 iuxta
637 847 983 890 constitutiones
1005 854 1197 900 nostras,
1218 862 1334 903 quae
1353 848 1488 892 faciat
1504 863 1604 892 esse
1622 855 1859 904 peccatum

201 918 206 924 ”
239 923 431 966 mortale
453 922 514 975 id,
541 924 663 978 quod
685 938 741 968 ex
763 938 812 967 se
835 939 924 967 non
947 931 1082 967 esset.

328 1003 415 1046 258
449 999 622 1052 Tertio,
658 995 839 1056 quando
872 1001 1091 1045 iudicaret
1124 1001 1426 1046 confessarius
1454 1001 1648 1057 aliquem
1682 1017 1738 1046 ex
1770 1001 1868 1046 istis

240 1076 422 1119 casibus
445 1090 546 1121 esse
566 1084 804 1133 peccatum
827 1078 1030 1130 mortale,
1056 1092 1204 1133 neque
1226 1078 1361 1121 vllam
1383 1079 1551 1122 habere
1573 1078 1867 1122 circumstan-

241 1153 362 1206 tiam,
389 1161 573 1210 propter
590 1168 725 1209 quam
743 1154 801 1197 sit
818 1155 1009 1208 veniale,
1028 1153 1147 1197 norit
1163 1155 1418 1199 necessario
1436 1154 1675 1208 reseruari,
1694 1162 1741 1199 et
1757 1170 1868 1199 con-

239 1232 444 1275 fitentem
469 1230 636 1274 remitti
659 1232 716 1275 ad
737 1232 1013 1288 superiorem
1036 1232 1217 1275 debere.
1244 1232 1623 1288 Quandoquidem
1645 1231 1694 1276 in
1715 1233 1867 1277 eccle-

239 1308 321 1361 sia,
356 1316 446 1351 tam
480 1308 527 1352 in
559 1308 797 1352 ordinariis
828 1308 1232 1361 iurisdictionibus,
1266 1323 1402 1364 quam
1435 1309 1482 1351 in
1513 1307 1583 1361 iis,
1615 1323 1732 1364 quae
1758 1317 1866 1352 sunt

240 1384 533 1441 religionum,
574 1385 706 1429 valde
741 1385 926 1440 antiqua
959 1386 1242 1441 multumque
1278 1385 1442 1428 vsitata
1473 1387 1758 1430 consuetudo
1798 1393 1869 1431 est

223 1464 369 1514 haec,
385 1455 446 1504 'vt
467 1476 600 1506 casus
622 1461 759 1518 aliqui
782 1462 1089 1518 superioribus
1111 1470 1415 1516 reseruentur3
1441 1470 1486 1505 et
1508 1461 1554 1504 in
1572 1462 1869 1519 religionibus

240 1539 421 1594 quidem
454 1539 625 1588 leuiora
652 1539 787 1582 etiarn
815 1546 1005 1594 peccata
1032 1539 1256 1583 reseruari
1286 1540 1448 1582 solent.
1481 1539 1531 1581 In
1563 1539 1730 1583 nostris
1760 1553 1868 1583 vero

239 1616 659 1669 constitutionibus,
692 1615 761 1672 33²
795 1624 938 1673 parte,
970 1631 1068 1672 cap.
1108 1618 1188 1669 1.⁰,
1219 1616 1400 1669 dicitur,
1433 1616 1479 1660 in
1510 1616 1739 1682 Societate
1767 1630 1868 1661 esse

239 1700 452 1750 oportere
475 1693 736 1737 huiusmodi
758 1708 945 1737 casuum
969 1693 1342 1746 reseruationem,
1362 1701 1407 1736 et
1425 1694 1470 1736 in
1487 1693 1682 1738 decretis
1698 1693 1869 1750 primae

240 1770 610 1828 congregationis
632 1770 951 1826 relinquuntur
973 1770 1218 1815 definiendi
1242 1771 1447 1827 generali
1468 1772 1495 1814 ¹.

329 1861 372 1902 4.
439 1849 633 1903 Quarto,
665 1861 768 1890 cum
797 1855 951 1903 aperte
972 1855 1218 1901 constaret,
1249 1862 1341 1890 non
1368 1863 1469 1892 esse
1496 1849 1599 1904 plus
1627 1862 1762 1903 quam
1792 1861 1871 1890 ve-

240 1925 392 1979 nialia,
417 1924 652 1969 obser-'uari
674 1924 858 1980 expedit
880 1924 940 1976 id,
967 1925 1086 1980 quod
1110 1924 1326 1967 statuitur
1346 1925 1403 1967 ad
1425 1925 1596 1969 calcem
1613 1926 1777 1967 horum
1794 1938 1869 1967 ca-

240 2017 373 2046 suum
411 2002 469 2046 de
506 2001 704 2058 peccatis
742 2001 1011 2054 venialibus,
1053 2001 1266 2044 nimirum
1284 2002 1418 2057 .quod
1455 2016 1544 2044 non
1579 2007 1872 2045 reseruantur

241 2078 516 2131 necessario,
536 2078 622 2122 nisi
638 2079 825 2122 accedat
842 2078 1092 2134 periculum
1109 2093 1189 2134 per
1205 2093 1253 2122 se
1268 2078 1444 2134 peccati
1461 2077 1664 2121 mortalis
1679 2084 1724 2121 et
1740 2091 1870 2120 scan-

241 2155 346 2209 dali,
387 2156 424 2200 si
461 2154 681 2212 superiori
719 2169 809 2198 non
843 2154 1204 2208 manifestentur,
1238 2159 1322 2202 259
1360 2155 1481 2210 quod
1517 2155 1714 2211 culpam,
1754 2168 1870 2209 quae

240 2241 361 2278 esset
378 2233 546 2289 alioqui
561 2232 766 2284 venialis,
787 2233 955 2276 faceret
973 2232 1221 2275 mortalem.
1235 2233 1562 2276 Verumtamen
1578 2231 1654 2274 vbi
1672 2232 1760 2274 hoc
1778 2245 1870 2274 non

241 2318 376 2363 esset,
402 2317 448 2354 et
470 2309 732 2353 incurrisset
754 2308 854 2363 quis
876 2308 922 2351 in
943 2308 1200 2364 praedictos
1228 2323 1362 2352 casus
1390 2314 1663 2361 reseruatos,
1694 2307 1870 2352 etiamsi

242 2387 492 2440 venialiter,
518 2385 773 2430 adhortatio
795 2385 1053 2429 adhibenda
1075 2392 1143 2429 est
1164 2384 1504 2438 confitentibus,
1536 2393 1585 2427 vt
1613 2383 1870 2441 superiores

242 2480 352 2509 suos
383 2465 564 2517 adeant3
595 2463 731 2508 etiam
759 2462 798 2506 si
827 2461 871 2504 id
900 2470 1027 2505 extra
1055 2469 1310 2505 reseruatos
1340 2461 1644 2505 necessarium
1672 2475 1764 2504 non
1791 2460 1867 2512 sit,

241 2549 310 2586 est
333 2549 483 2586 tamen
507 2540 667 2584 melius
689 2547 734 2583 et
757 2539 925 2591 vtilius,
951 2547 996 2582 et
1019 2539 1165 2595 magis
1188 2538 1434 2583 conuenire
1455 2539 1513 2581 ad
1541 2537 1869 2594 perfectionem

241 2619 432 2663 videtur.
459 2618 596 2674 Quod
614 2616 850 2660 consilium
869 2615 946 2671 qui
965 2630 1055 2659 non
1074 2616 1438 2671 amplecteretur,
1463 2614 1620 2658 haberi
1635 2615 1772 2659 debet
1788 2613 1871 2656 im·
1909 2676 1914 2678 Ὗ

241 2697 487 2753 perfectus.
519 2692 836 2738 Confessarius
866 2699 1018 2735 autem
1047 2692 1337 2748 praecipuam
1367 2691 1465 2736 eius
1493 2706 1648 2734 curam
1677 2698 1696 2717 ἢ

242 2773 403 2830 gerere
425 2773 561 2815 debet
585 2778 798 2826 tanquam
821 2769 1088 2825 imperfecti.
1115 2770 1253 2825 Quod
1274 2768 1312 2812 si
1340 2769 1397 2812 ad
1424 2767 1751 2824 perfectionem
1780 2781 1872 2810 non

313 2919 330 2936 a
379 2907 557 2954 Spatium
576 2917 741 2941 vacuum
758 2903 938 2940 relictum
957 2915 1025 2950 pro
1043 2913 1064 2939 2
1083 2904 1194 2939 verb.
1216 2903 1256 2939 in
1274 2902 1423 2939 codice.

314 3033 324 3054 ¹
375 3033 522 3078 Congr.
552 3032 616 3077 1.'¹‚
645 3030 749 3066 decr.
781 3028 862 3065 103.
891 3028 991 3064 Vide
1024 3029 1142 3064 etiam
1167 3039 1310 3074 congr.
1342 3037 1448 3072 2.³¹11,
1483 3026 1589 3063 decr.
1621 3026 1690 3073 603
1725 3024 1869 3063 Ordin.

242 3093 360 3138 Gen.,
381 3102 467 3138 cap.
488 3090 535 3134 V,
557 3102 596 3125 n.
616 3088 651 3134 33
672 3094 713 3125 et
729 3098 862 3134 congr.
884 3096 944 3134 20,
962 3087 1069 3126 decr.
1091 3097 1151 3132 24.
