2098 3470
579 250 934 286 Annonxnoms
957 247 1036 283 ὀμ
1060 246 1382 291 neuma-67
1687 245 1760 291 659

172 359 323 397 retur:
358 352 614 396 cauendum
641 349 815 394 scilicet
841 363 943 394 esse
969 350 1266 393 vehementer
1287 362 1345 391 ne
1374 355 1527 391 nostra
1555 354 1806 392 tractentur

172 428 328 472 studia
355 428 620 473 seculariter
645 427 718 471 vel
744 426 1025 484 imperfecte,
1055 426 1136 470 sed
1165 424 1392 481 religiose,
1418 432 1467 466 vt
1497 424 1663 476 omnia,
1689 439 1806 480 quae

172 505 372 562 agimus,
397 506 581 549 debent.
606 505 713 548 Hoc
734 504 814 548 fiet
832 503 871 547 si
892 517 997 546 cum
1018 501 1185 546 mentis
1206 501 1461 545 intentione
1481 508 1528 544 et
1556 501 1807 544 studiorum

172 582 393 628 exercitio
429 581 771 637 coniungantur
805 579 1024 624 orationis
1062 580 1238 622 fructus
1274 585 1321 622 et
1355 592 1519 622 sensus
1555 578 1811 634 spirituales

180 658 359 716 proprie
378 673 484 702 cum
506 658 668 702 studiis
688 656 935 709 coniuncti,
959 656 1088 712 quasi
1115 655 1153 699 si
1180 643 1309 699 diosas*
1333 669 1434 699 esse
1460 656 1627 699 debere
1659 662 1813 698 nostra

176 735 331 779 studia
350 734 615 791 spiritualia,
639 742 686 778 et
707 748 825 789 quae
845 748 900 778 eo
922 748 1066 789 vsque
1089 732 1336 789 attingant,
1360 739 1482 776 artes
1503 733 1576 776 vel
1598 731 1814 774 scientiae

181 812 301 856 vnde
323 812 562 868 prodeunt.
589 812 692 854 Non
712 810 816 854 dico
836 811 982 854 solum
1003 825 1147 866 vsque
1168 810 1227 852 ad
1252 808 1544 852 scientiarum
1577 808 1814 865 principia,

178 890 263 933 sed
282 903 338 932 eo
359 903 503 944 vsque
523 895 758 944 praeterea
778 895 1031 944 penetrent,
1057 887 1134 929 vbi
1155 886 1335 930 illorum
1356 894 1426 930 est
1453 894 1471 911 ³
1492 885 1817 942 principiorum
1887 881 1891 884 ’

183 966 286 1009 fons
305 973 352 1008 et
373 972 550 1008 auctor.
578 966 748 1009 Verum
769 965 827 1009 de
847 958 932 1012 hac
954 963 1128 1008 ratione
1148 963 1403 1007 studiorum
1428 977 1608 1005 rursum
1638 962 1724 1007 erit
1751 963 1819 1006 di-

178 1043 396 1094 cendum,
421 1057 563 1097 quum
584 1042 642 1096 de
663 1041 944 1085 scholasticis
965 1041 1131 1084 nostris
1153 1042 1226 1085 vel
1249 1039 1582 1097 professoribus
1610 1054 1816 1096 agemus.

275 1120 410 1162 Nunc
432 1120 490 1161 de
510 1119 780 1163 lectionibus
802 1118 935 1163 video
955 1132 1056 1163 esse
1071 1118 1331 1162 dicendum.
1353 1118 1530 1161 Harum
1549 1116 1567 1142 b
1583 1117 1698 1160 aliae
1714 1126 1822 1160 sunt

183 1210 360 1248 sacrae,
386 1210 504 1252 quae
524 1195 571 1238 in
598 1195 804 1240 ecclesiis
832 1195 990 1239 haberi
1016 1196 1179 1239 solent.
1212 1194 1345 1239 Aliae
1373 1195 1673 1252 promiscuae,
1709 1209 1826 1250 quae

189 1270 416 1317 habentur
452 1273 498 1315 in
539 1272 723 1317 scholis.
766 1273 996 1328 Vtrasque
1035 1271 1351 1328 complectitur
1393 1271 1496 1315 finis
1538 1279 1711 1315 noster.
1756 1271 1826 1314 De

186 1349 393 1405 Vtrisque
415 1351 502 1392 hoc
524 1350 624 1392 loco
645 1351 891 1406 agendum:
918 1349 1093 1405 plenius
1114 1349 1172 1393 de
1191 1348 1349 1401 sacris,
1374 1363 1479 1391 nam
1509 1349 1567 1393 de
1595 1348 1693 1391 aliis
1722 1362 1827 1404 pro—

190 1426 319 1483 prius
339 1433 410 1470 est
425 1427 571 1478 locus,
599 1425 674 1468 vbi
695 1426 753 1469 de
773 1426 979 1482 collegiis
998 1425 1219 1470 dicemus.

283 1504 450 1548 Sacrae
477 1502 696 1547 lectiones
722 1502 940 1546 differunt
966 1502 1159 1559 primum
1186 1504 1244 1547 ab
1272 1503 1343 1555 iis,
1374 1517 1491 1559 quae
1519 1504 1746 1547 habentur
1784 1502 1830 1545 in

182 1579 418 1636 collegiis,
438 1579 655 1624 etiam'de
677 1579 923 1636 theologia,
946 1579 1053 1635 quia
1067 1581 1181 1624 haec
1203 1580 1485 1637 speculatiue
1506 1587 1524 1606 ⁰
1547 1580 1830 1637 potissimum

200 1663 468 1709 tractantur,
488 1664 535 1700 et
556 1657 613 1700 ad
635 1656 893 1700 intellectus
913 1649 1213 1701 eruditionem
1228 1657 1478 1701 difieinima
1499 1672 1709 1714 quaeque
1726 1672 1832 1714 per-

195 1741 472 1789 sequuntur.
494 1735 599 1778 Illae
620 1733 665 1776 in
689 1733 816 1790 praxi
834 1741 1087 1786 versantur,
1106 1742 1153 1779 et
1169 1735 1227 1778 ad
1242 1749 1532 1779 communem
1549 1735 1703 1792 populi
1726 1749 1834 1791 cap-

188 1830 195 1838 ··
204 1817 300 1854 tum
321 1818 367 1856 et
388 1810 751 1854 aedificationem
780 1810 896 1853 fiunt
924 1812 1278 1856 accommodate.
1307 1813 1483 1855 Rursus
1504 1820 1658 1857 autem
1681 1828 1707 1856 a
1729 1827 1835 1856 con-

196 1887 410 1931 cionibus
430 1887 647 1932 differunt
667 1887 885 1931 lectiones
906 1887 1255 1942 ecclesiasticae,
1281 1891 1404 1946 quod
1426 1890 1671 1935 conciones
1693 1890 1837 1947 pluri-

129 1955 133 1957 *
202 1979 327 2008 mum
354 1972 463 2008 sunt
490 1964 536 2007 in
566 1964 803 2008 mouendis
824 1964 1077 2009 animorum
1098 1966 1431 2021 affectionibus;
1456 1967 1674 2012 lectiones
1696 1968 1837 2024 pluri-

200 2055 328 2086 mum
348 2041 398 2085 in
419 2042 626 2086 docenda
651 2041 858 2085 veritate.
891 2042 993 2084 Hae,
1018 2042 1220 2086 sedatam
1249 2045 1420 2089 habent
1450 2044 1693 2097 actionem,
1727 2059 1836 2101 pro—

202 2118 556 2170 nuntiationem,
586 2117 909 2171 elocutionem;
944 2118 1046 2165 illae
1073 2119 1120 2162 in
1147 2120 1219 2164 his
1239 2121 1377 2166 rebus
1397 2136 1557 2166 omnes
1577 2137 1744 2166 neruos
1765 2122 1835 2164 in-

203 2195 417 2239 tendunt.
450 2196 508 2238 Et
537 2203 689 2240 tamen
719 2196 855 2251 (quod
883 2196 1091 2252 superius
1118 2196 1414 2254 attingebam)
1437 2213 1538 2243 esse
1564 2200 1701 2244 debet
1732 2213 1836 2242 cum

202 2271 479 2317 lectionibus
500 2272 822 2316 conuenientia
842 2271 862 2297 ‘¹
883 2280 932 2315 vt
947 2273 1142 2317 affectus
1157 2274 1295 2318 animi
1316 2283 1607 2329 moueantur,
1626 2291 1717 2319 non
1734 2290 1837 2318 ora-

206 2348 325 2392 ·torio
346 2348 424 2392 illo
444 2348 637 2391 artificio
658 2356 705 2392 et
727 2348 869 2393 veluti
899 2363 1078 2406 pompa,
1102 2351 1184 2394 sed
1204 2350 1371 2407 quiete,
1398 2352 1590 2408 placide,
1615 2352 1832 2397 suauiter.

209 2426 326 2469 Nam
349 2424 560 2481 quamuis
576 2424 696 2468 actio
712 2432 759 2468 et
776 2425 1082 2481 pronuntiatio
1097 2427 1279 2471 lectoris
1294 2429 1464 2473 debent
1485 2444 1540 2473 ex
1563 2429 1708 2485 primo
1731 2437 1837 2472 tono

211 2504 283 2559 (vt
296 2517 381 2546 nos
402 2501 643 2558 loquimur)
666 2501 802 2554 sumi,
820 2502 957 2546 debet
978 2510 1130 2547 tamen
1152 2518 1253 2549 sese
1268 2520 1429 2562 parare
1450 2507 1606 2557 lector,
1626 2520 1682 2549 ex
1699 2505 1837 2549 animi

204 2578 283 2622 sui
302 2578 589 2635 simplicitate
609 2585 656 2622 et
677 2577 936 2623 humilitate
957 2580 1015 2622 ad
1030 2580 1320 2626 deuotionem
1342 2589 1387 2627 et
1403 2581 1660 2639 spirituales
1676 2596 1839 2626 sensus

208 2655 417 2707 imbutus
440 2662 488 2700 et
509 2662 782 2711 pertractus,
812 2669 940 2699 suam
967 2655 1208 2701 lectionem
1238 2658 1483 2715 explicare3
1508 2659 1586 2701 fiet
1615 2659 1734 2703 enim
1764 2659 1839 2703 ille

214 2734 316 2777 fons
334 2731 520 2788 spiritus
547 2732 604 2774 ad
631 2731 861 2776 auditores
888 2731 1123 2776 detinetur
1142 2741 1190 2778 et
1215 2735 1345 2791 quasi
1375 2735 1617 2778 instilletur
1644 2737 1838 2791 quadam

209 2823 317 2852 cum
340 2808 614 2852 amoenitate
633 2815 771 2863 atque
791 2807 1074 2854 iucunditate
1094 2809 1141 2853 in
1162 2811 1264 2864 X.⁰,
1285 2812 1362 2867 qui
1383 2819 1453 2855 est
1470 2826 1664 2868 magnus
1681 2812 1840 2855 lectio-

214 2898 326 2928 num
346 2886 539 2929 fructus.
566 2885 672 2928 Huc
693 2884 732 2928 si
754 2898 846 2927 non
868 2884 1101 2942 pertingat
1120 2886 1278 2940 lector,
1298 2889 1411 2931 illud
1431 2889 1590 2932 saltem
1613 2896 1840 2944 praestare

288 3001 308 3020 a
331 2991 401 3027 Bis
412 2992 487 3027 hoc
501 2991 611 3026 verb.
627 2990 742 3027 estin
756 3002 829 3026 ms·
875 2992 941 3018 —b
958 2989 1138 3028 Obscure
1151 2994 1353 3042 scripturn.
1405 3004 1469 3022 -c
1485 2995 1757 3041 speculatiuae
1770 3006 1844 3030 ms.

217 3051 286 3078 -ᾱ
309 3049 491 3088 Οὸςειιῐε
508 3055 724 3086 exaratum.
