2098 3470
305 240 375 287 538
781 243 935 280 PA'rms
961 244 1206 282 H1ERONYM¹
1235 245 1386 282 NADAL

257 351 365 387 sunt
383 343 485 388 illae
507 344 669 388 domus
686 358 789 388 cum
807 345 1015 402 collegiis
1032 346 1322 399 coniunctae,
1344 346 1416 390 vel
1434 345 1644 389 domibus
1662 346 1892 402 professis,

231 419 302 464 'et
334 421 391 465 de
423 420 685 464 huiusmodi
717 421 1059 478 perscribuntur
1092 424 1180 466 hoc
1221 430 1421 479 tempore
1459 422 1796 467 instructiones.
1838 424 1894 466 Et

259 506 410 541 tamen
434 499 548 541 haec
571 497 659 542 illis
681 498 891 542 domibus
912 505 997 547 466
1025 500 1284 544 subseruire
1312 506 1542 555 poterunt,
1577 513 1692 554 quae
1720 499 1896 542 facilius

259 589 393 630 quam
417 589 534 630 quae
555 589 678 618 nunc
700 576 929 620 habentur
951 576 1198 633 gubernari
1219 583 1451 633 poterunt.

348 651 567 708 Magister
589 651 865 697 nouitiorum
895 655 966 698 vel
995 653 1092 697 eius
1120 653 1396 696 substitutus
1424 667 1516 696 non
1545 651 1689 697 aderit
1717 666 1894 697 recrea—

259 727 458 771 tionibus
479 727 774 782 nouitiorum,
799 731 879 774 sed
900 730 964 772 illi
986 729 1162 785 probati
1185 729 1362 783 fratres,
1387 730 1444 773 de
1465 728 1632 784 quibus
1653 730 1740 771 hoc
1763 727 1896 771 titulo

258 804 430 847 dictum
452 812 537 857 est,
562 804 639 860 qui
662 812 811 851 tamen
835 821 926 850 non
949 813 1083 850 erunt
1106 805 1298 861 syndici,
1323 806 1403 850 sed
1425 806 1621 849 selectus
1649 804 1810 860 aliquis
1838 819 1895 849 ex

259 880 445 924 nouitiis
466 889 512 926 et
529 889 748 935 secretus,
769 883 930 927 fratres
948 898 1056 927 vero
1073 882 1136 925 illi
1154 883 1352 927 referent
1368 882 1506 925 etiam
1524 883 1581 925 ad
1598 881 1894 938 superiorem,

258 958 297 1001 si
320 958 429 1014 quid
450 958 559 1015 ipsis
583 959 729 1003 obiter
759 975 852 1002 non
877 961 1065 1016 placeat.

350 1036 661 1080 Poenitentias
696 1051 777 1093 pro
814 1037 867 1080 iis
904 1036 1180 1088 defectibus,
1221 1037 1298 1092 qui
1340 1036 1687 1079 committuntur
1727 1035 1773 1078 in
1816 1050 1898 1079 sua

259 1113 417 1164 domo,
449 1113 574 1156 dabit
602 1113 787 1157 nouitiis
815 1114 1031 1170 magister
1061 1112 1362 1166 nouitiorum;
1394 1127 1475 1168 pro
1504 1112 1760 1156 defectibus
1791 1127 1899 1156 vero

261 1188 554 1240 nouitiorum,
595 1204 711 1246 quae
747 1190 1049 1233 admittuntur
1085 1190 1130 1232 in
1169 1189 1377 1246 collegio,
1419 1189 1516 1233 siue
1553 1203 1656 1232 cum
1695 1189 1785 1232 illic
1817 1203 1900 1233 sua

259 1266 407 1310 officia
429 1274 657 1320 exercent,
683 1267 782 1311 siue
803 1266 986 1310 omnino
1015 1281 1118 1310 cum
1148 1267 1194 1308 in
1223 1265 1416 1322 collegio
1445 1273 1567 1317 sunt,
1599 1266 1706 1310 dare
1735 1265 1899 1322 poterit

260 1343 464 1387 minister
486 1359 542 1388 ex
563 1343 880 1387 commissione
898 1343 1099 1396 rectoris,
1120 1351 1165 1386 et
1183 1352 1293 1385 tunc
1312 1351 1431 1387 esset
1448 1342 1572 1398 prius
1590 1343 1896 1387 consulendus

260 1420 478 1477 magister
500 1420 791 1473 nouitiorum,
818 1420 854 1463 si
877 1434 993 1476 quae
1014 1420 1199 1477 grauior
1219 1419 1492 1475 imponenda
1513 1427 1634 1463 esset
1656 1419 1900 1475 poeniten-

261 1497 340 1544 tia.
374 1499 490 1541 Nam
523 1497 570 1540 in
601 1497 704 1551 illis,
740 1512 856 1554 quae
887 1505 1112 1554 geruntur
1142 1497 1190 1539 in
1221 1512 1304 1541 sua
1335 1498 1486 1548 domo,
1522 1495 1685 1539 nouitii
1723 1502 1898 1539 tantum

261 1573 565 1618 subiiciuntur
581 1574 745 1617 rectori
761 1582 806 1617 et
824 1574 1040 1630 magistro
1058 1573 1354 1627 nouitiorum3
1375 1573 1420 1616 in
1437 1573 1508 1625 iis,
1533 1578 1616 1620 467
1640 1572 1786 1630 [quae]
1807 1580 1826 1598 ²
1846 1573 1891 1616 in

261 1651 472 1708 collegio,
507 1650 642 1696 etiam
665 1650 869 1694 ministro
907 1650 1105 1708 collegii;
1141 1651 1221 1694 sed
1253 1658 1404 1695 tamen
1437 1650 1474 1693 si
1507 1649 1747 1707 negligens
1779 1658 1902 1694 esset

261 1727 467 1772 minister
494 1728 689 1784 collegii,
722 1735 767 1772 et
795 1727 1118 1783 poenitentiam
1150 1742 1242 1771 non
1274 1729 1418 1780 daret,
1459 1728 1530 1772 vel
1569 1725 1901 1771 admonitiones

262 1819 343 1861 pro
364 1804 434 1857 iis,
460 1819 575 1860 quae
598 1812 719 1849 recte
742 1819 832 1847 non
856 1806 1058 1848 facerent
1080 1804 1126 1847 in
1150 1804 1360 1861 collegio,
1385 1804 1443 1848 de
1471 1804 1525 1847 iis
1554 1803 1770 1860 magister
1797 1817 1902 1859 pro-

261 1881 495 1925 bationum
517 1882 834 1925 admonebitur
857 1891 901 1926 et
924 1882 1050 1925 dabit
1072 1881 1390 1938 poenitentias.

353 1957 574 2015 Magister
601 1958 876 2001 nouitiorum
899 1967 944 2002 et
976 1959 1075 2002 eius
1107 1958 1382 2001 substitutus
1414 1972 1507 2000 non
1540 1964 1674 2000 erunt
1705 1956 1898 2000 subiecti

266 2035 550 2079 obedientiae
571 2035 763 2078 ministri
786 2035 983 2092 collegii,
1008 2036 1089 2080 sed
1112 2042 1286 2079 tantum
1310 2035 1513 2079 rectoris.

354 2113 529 2156 Caueat
550 2112 767 2169 magister
787 2112 1081 2168 probationis,
1107 2127 1166 2157 ne
1186 2111 1298 2154 illud
1320 2111 1537 2164 studium,
1558 2112 1680 2166 quod
1697 2111 1830 2154 datur
1847 2125 1903 2154 ex

265 2189 477 2232 instituto
509 2188 693 2232 nouitiis
721 2190 778 2232 ad
806 2189 876 2232 sui
905 2189 1255 2246 abnegationem
1289 2196 1333 2233 et
1361 2188 1688 2245 promotionem
1711 2187 1758 2230 in
1779 2187 1902 2230 omni

264 2266 434 2310 virtute
456 2266 667 2323 religiosa
689 2273 734 2310 et
756 2266 1016 2319 deuotione,
1043 2266 1131 2310 alio
1152 2265 1391 2322 dirigatur,
1416 2266 1489 2308 vel
1511 2266 1643 2308 abeat
1671 2264 1719 2307 in
1746 2263 1898 2307 curio·

265 2342 446 2386 sitatem
483 2342 701 2387 scientiae
739 2343 809 2386 vel
849 2342 1221 2398 speculationem.
1261 2344 1429 2385 Totum
1466 2341 1586 2385 enim
1619 2340 1901 2385 nouitiorum

232 2407 237 2415 ¹
266 2419 468 2462 studium
496 2419 543 2463 in
570 2419 842 2464 lectionibus
871 2419 1108 2463 audiendis
1137 2426 1182 2462 et
1211 2418 1483 2475 repetendis,
1518 2432 1633 2473 quae
1664 2423 1899 2470 annotant,

267 2510 383 2551 quae
410 2497 674 2548 obseruant,
700 2510 817 2551 quae
842 2495 1130 2550 meditantur,
1156 2497 1213 2539 ad
1241 2509 1390 2539 mores
1417 2496 1638 2539 duntaxat
1662 2493 1902 2538 Societatis

266 2572 559 2629 perfectionis
580 2572 787 2629 proprios
809 2580 1014 2628 spectare
1036 2574 1206 2618 debent
1229 2571 1362 2617 unice
1383 2571 1421 2614 b.

267 2696 355 2738 468
669 2706 732 2735 DE
757 2704 1150 2736 VISITATIONIBUS
1175 2703 1506 2734 EXTERNORUM

357 2805 427 2848 Ne
450 2811 631 2847 sumant
652 2803 794 2847 nostri
818 2811 946 2848 extra
967 2806 1152 2847 domum
1174 2802 1344 2856 cibum,
1368 2802 1445 2845 vbi
1467 2807 1617 2849 sumat
1638 2800 1773 2844 simul
1800 2814 1900 2843 mu-

267 2880 349 2923 lier
378 2881 527 2936 aliqua
557 2879 760 2924 cuiusuis
782 2879 1071 2932 conditionis,
1107 2895 1257 2936 neque
1288 2878 1471 2922 omnino
1504 2878 1743 2921 comedant
1774 2883 1902 2921 extra

338 3003 356 3020 a
405 2991 552 3031 Omiss.
573 2993 612 3029 in
632 3004 704 3028 ms.
755 2993 823 3020 —b
850 2991 1036 3039 Sequitur
1055 2993 1094 3027 in
1114 3003 1184 3028 ms.
1205 2992 1337 3039 Longe
1351 2994 1531 3027 tamen...
1547 3002 1594 3026 ex
1611 2989 1902 3026 constitutione.

269 3050 370 3086 Vide
389 3063 517 3098 supra,
538 3063 627 3099 pag.
649 3051 732 3098 533,
751 3056 885 3087 annot.
905 3063 939 3086 a.
