2098 3470
299 215 370 262 694
775 216 933 254 PA‘rms
959 218 1203 254 HmRoNYm
1229 218 1380 254 NADAL

255 316 430 360 toribus
458 319 518 374 (et
546 318 771 373 qualibus,
810 320 932 362 bone
963 320 1107 377 Jesu!)
1146 333 1282 374 quam
1320 319 1562 363 consensui
1599 327 1618 345 ²
1652 319 1887 375 ecclesiae,

255 393 657 438 concionatoribus
673 395 827 439 multis
844 411 954 439 suae
971 395 1184 449 nationis,
1205 410 1257 439 ac
1274 395 1484 439 omnibus
1500 395 1598 440 aliis
1614 396 1887 452 reliquarum

255 470 458 514 omnium
481 472 688 529 gentium
711 472 833 516 orbis
854 472 1103 516 christiani.
1130 472 1255 528 Quid
1276 480 1346 516 est
1368 473 1490 528 quod
1511 472 1598 516 illis
1619 472 1766 529 magis
1787 486 1889 517 cre-

256 548 386 591 dant?
408 549 527 593 Sunt
547 549 795 594 doctiores?
823 551 941 594 Sunt
979 550 1150 605 plures?
1184 550 1303 594 Sunt
1335 549 1564 594 meliores?
1599 548 1894 594 Authoritate

257 625 360 680 plus
389 625 567 679 valent,
603 626 663 671 114
691 626 943 683 dignitate?
974 627 1161 669 Habent
1188 627 1379 670 verbum
1410 625 1524 670 Dei?
1553 627 1647 670 Cur
1677 640 1770 669 non
1798 625 1895 669 alii?

258 701 482 757 Loquitur
503 702 590 746 illis
611 703 798 759 spiritus
820 704 1026 746 sanctus?
1055 703 1150 745 Cur
1180 717 1271 745 non
1303 702 1420 746 aliis?
1449 702 1574 758 Quid
1601 701 1817 759 quaeritis
1844 701 1891 744 in

258 778 367 822 illis?
389 779 515 835 Quid
538 779 794 825 sectamini?
816 779 960 823 Cuius
982 779 1104 832 fidei,
1133 779 1412 832 authoritati‚
1437 779 1650 836 dignitati
1676 778 1895 823 haeretis?

259 855 497 913 Exurgite,
518 856 684 909 videte,
701 856 1000 909 considerate,
1021 856 1169 912 capite
1182 857 1463 912 vulpeculas,
1480 856 1761 912 vulpeculas,
1777 869 1893 910 quae

260 932 569 976 demoliuntur
585 933 743 978 vineas
765 935 794 978 ¹.
813 935 914 990 Jam
932 932 1176 989 singularis
1193 933 1315 976 ferus
1331 933 1366 985 ²,
1385 932 1548 990 dignas
1570 947 1668 985 sua,
1689 947 1779 987 qua
1795 947 1892 975 mo-

262 1009 484 1053 ribundus
505 1009 709 1054 euomuit
731 1009 983 1066 pharisaica
1005 1009 1264 1065 arrogantia
1286 1023 1339 1052 ac
1360 1008 1691 1061 maledicentia,
1717 1023 1799 1052 sua
1819 1023 1894 1051 ca·

262 1087 423 1130 thedra
440 1086 726 1142 pestilentiae
742 1088 775 1140 ⁵,
794 1101 875 1130 sua
892 1086 1123 1130 teterrima
1132 1086 1309 1130 haeresi
1324 1100 1493 1141 poenas
1507 1085 1694 1142 accepit.
1713 1085 1894 1138 Exuite,

263 1163 342 1219 qui
380 1163 543 1220 spiritu
566 1171 804 1220 tantopere
831 1177 910 1219 per
939 1170 1115 1206 vestros
1151 1163 1460 1207 excucullatos
1487 1163 1715 1213 exultatis,
1745 1162 1897 1205 exuite

265 1247 466 1285 veterem
484 1240 714 1283 hominem
727 1240 761 1294 ⁴,
772 1241 997 1295 abnegate
1015 1254 1196 1284 carnem
1214 1246 1260 1283 et
1277 1238 1898 1296 sanguinem30bliuiseimini

265 1332 367 1362 esse
389 1317 490 1361 illos
511 1325 690 1362 vestrae
713 1318 879 1374 gentis,
906 1316 1154 1372 percurrite
1176 1331 1358 1360 causam
1382 1318 1438 1360 ab
1461 1316 1588 1360 initio
1604 1316 1740 1359 huius
1761 1307 1895 1360 dissi-

266 1394 345 1446 dii,
372 1409 467 1439 rem
499 1401 642 1438 totam
671 1401 864 1446 maturo,
899 1393 1127 1450 prudenti,
1163 1408 1403 1450 generoso,
1438 1393 1700 1445 christiano,
1741 1393 1898 1436 humili

264 1471 313 1514 in
337 1471 522 1514 Christo
544 1470 712 1514 iudicio
732 1485 788 1514 ex
809 1470 989 1526 integro
1006 1470 1369 1514 animaduertite.
1391 1470 1509 1526 Quis
1525 1469 1732 1513 dubitare
1748 1476 1897 1526 potest

266 1547 378 1603 quin
417 1549 475 1591 ad
509 1549 658 1592 lucem
695 1547 802 1591 fidei
839 1555 884 1591 et
923 1548 979 1590 ad
1014 1547 1233 1590 vnitatem
1270 1547 1492 1591 ecclesiae
1534 1546 1593 1592 115
1635 1548 1897 1600 redeuntes,

267 1624 674 1681 praeclarissimam
713 1632 849 1680 atque
886 1615 1234 1667 illustrissimam
1278 1623 1501 1667 laeticiam
1543 1623 1759 1667 vniuerso
1801 1623 1900 1666 orbi

268 1701 521 1745 christiano
543 1701 642 1745 sitis
664 1700 919 1754 adducturi,
945 1701 1164 1756 vobisque
1181 1700 1290 1757 ipsis
1310 1708 1574 1757 perpetuam
1593 1700 1905 1744 foelicitatem?

358 1778 481 1822 Vitia
503 1785 626 1822 certe
648 1778 750 1830 alia,
775 1779 820 1820 in
844 1778 997 1834 primis
1025 1777 1251 1834 superbia,
1283 1777 1391 1820 fecit
1418 1785 1467 1820 vt
1494 1778 1711 1820 darentur
1742 1778 1901 1820 haere-

270 1855 348 1899 tici
369 1855 417 1899 in
438 1857 682 1912 reprobum
705 1869 889 1899 sensum
909 1857 940 1898 ⁵.
962 1854 1084 1898 Hinc
1102 1854 1221 1899 enim
1235 1869 1331 1898 non
1349 1853 1476 1897 audit
1491 1853 1728 1897 ecclesiam
1745 1855 1903 1897 haere—

271 1933 405 1986 ticus,
437 1933 518 1976 sed
547 1946 631 1975 suo
659 1931 818 1974 nititur
854 1932 1035 1975 iudicio.
1077 1931 1199 1975 Hinc
1230 1932 1362 1974 datur
1398 1931 1444 1973 in
1481 1929 1820 1986 inspirationem
1858 1936 1904 1973 et

271 2009 523 2053 dominium
547 2009 795 2061 daemonis,
822 2009 914 2063 qui,
939 2023 1056 2064 quae
1077 2023 1159 2051 sua
1187 2015 1256 2053 est
1284 2007 1501 2063 nequitia,
1534 2007 1829 2063 transfigurat
1858 2021 1909 2050 se

272 2087 320 2130 in
341 2086 558 2143 angelum
581 2085 696 2129 lucis
718 2087 751 2137 ⁶,
777 2099 829 2128 ac
866 2085 1147 2128 dolosissima
1178 2085 1428 2128 imitatione
1455 2084 1709 2127 diuinarum
1741 2082 1908 2125 illumi-

274 2163 511 2213 nationum
541 2162 730 2206 miseras
766 2162 938 2205 animas
974 2162 1155 2219 decipit.
1202 2163 1305 2205 Hoc
1340 2176 1449 2206 vero
1486 2168 1556 2204 est
1591 2161 1713 2217 quod
1743 2160 1831 2202 iam
1862 2159 1909 2202 in

273 2240 497 2286 haeresim
535 2247 672 2295 atque
707 2239 870 2282 mentis
902 2239 1252 2282 obstinationem
1291 2237 1492 2281 abiectos
1528 2237 1574 2280 in
1612 2236 1912 2293 peruersitate

275 2317 441 2362 mentis
462 2324 508 2362 et
524 2316 690 2361 retinet
706 2323 752 2360 et
768 2316 824 2358 ad
839 2315 1032 2359 aliorum
1050 2315 1365 2371 deceptionem
1385 2328 1438 2358 ae
1455 2314 1692 2370 pernitiem
1710 2313 1907 2356 instruit.

277 2395 499 2451 Exempla
526 2400 656 2450 potes
690 2399 845 2449 petere
881 2406 938 2435 ex
975 2392 1256 2449 superiorum
1295 2399 1494 2436 aetatum
1532 2389 1789 2442 haereticis,
1816 2397 1913 2432 tum

277 2471 413 2516 etiam
443 2469 709 2527 praesentis:
741 2468 880 2511 illusit
910 2469 1071 2512 Ebioni
1100 2476 1145 2512 et
1175 2467 1395 2512 Cherinto
1423 2468 1616 2510 daemon
1645 2481 1723 2522 per
1751 2466 1913 2509 falsum

278 2563 463 2593 sensum
495 2546 683 2590 vnitatis
715 2546 801 2589 Dei
838 2554 883 2590 et
920 2545 1213 2602 perfectionis
1250 2545 1358 2601 Xpi.
1391 2543 1597 2587 hominis.
1629 2544 1821 2594 Contra,
1857 2541 1914 2587 116

279 2624 478 2669 Cerdoni
506 2639 588 2681 per
618 2624 780 2667 falsum
818 2637 1002 2666 sensum
1034 2622 1286 2665 diuinitatis
1323 2621 1450 2677 Xpi.;
1476 2620 1681 2664 similiter
1708 2621 1913 2663 Luthero

279 2717 361 2758 per
385 2702 549 2745 falsum
573 2715 758 2746 sensum
781 2699 886 2743 fidei
903 2708 948 2742 et
970 2699 1241 2755 receptionis
1264 2698 1439 2755 gratiae
1460 2697 1569 2754 Xpi.
1593 2702 1674 2753 per*
1694 2697 1846 2739 fidem.

355 2849 372 2866 a
421 2849 613 2874 consensu
632 2848 704 2874 mS.

356 2965 364 2984 ¹
418 2963 636 3010 CANT.,II‚
659 2970 716 3007 15.
908 2965 921 2982 ²
974 2962 1042 2996 Ps.
1062 2961 1238 3006 LXXIX,
1261 2969 1316 3005 14.
1506 2961 1521 2980 ⁵
1569 2959 1636 2995 Ps.
1657 2959 1687 3004 l,
1705 2967 1742 2993 1.

355 3027 369 3045 ⁴
419 3023 619 3067 Conoss„
645 3022 717 3066 ΙΙΙ,
736 3032 775 3067 9.
975 3021 1100 3065 Rom„
1119 3021 1149 3066 1,
1169 3020 1230 3055 28.
1506 3021 1521 3041 ⁶
1570 3019 1608 3053 ΙΙ
1632 3017 1751 3060 Con„
1769 3016 1838 3062 XI,
1861 3023 1916 3059 14.
