2098 3470
0 1063 17 1107 -ζκ
0 962 20 1058 ’ψ’-«ψη
0 944 17 954 ·,
0 878 14 935 W.-
0 835 17 871 ,⁴⁸1
0 806 13 811 1

710 295 988 334 Monuumn
1010 293 1253 330 eruAss-z
1705 307 1753 341 90

138 384 141 387 ¹
164 391 305 444 'critas
325 407 343 426 ²
363 413 447 443 sua
462 395 740 455 significauit
758 395 893 442 nobis
908 409 990 452 per
1003 401 1307 452 protectorem
1325 409 1375 439 se
1397 395 1516 439 uelle
1539 396 1799 442 examinare

169 485 244 520 res
262 484 456 519 nostras:
481 475 601 520 idem
617 482 664 519 et
683 473 834 518 innuit
854 474 978 517 R.¹¹²¹¹s
998 471 1261 516 Traniensis
1288 474 1316 516 ¹.

260 565 304 604 2,
329 560 376 597 et
396 567 489 596 non
515 551 740 609 permstet,
770 550 893 607 quod
919 549 1181 606 suspicabat
1201 564 1340 595 nosce
1367 552 1692 607 exploratores,
1726 551 1800 594 his

172 628 453 686 temporibus
474 623 683 682 maxime,
706 627 873 683 quibus
892 626 1112 671 sanctitas
1138 641 1222 670 sua
1248 626 1526 683 significauit
1548 643 1629 671 sua
1653 642 1800 684 nego-

173 705 251 758 tia,
276 713 327 749 ut
350 707 529 763 Laynes
548 712 595 749 et
617 703 852 749 Bobadilla
871 705 907 748 '-

262 795 306 838 3,
336 783 459 838 quod
487 797 580 826 non
607 781 809 838 permisit
837 780 1052 837 hispanos
1078 780 1144 824 ire
1171 781 1230 824 ad
1257 780 1518 837 Hispanias,
1550 782 1631 824 sed
1660 781 1801 824 iratus

173 859 377 916 pontifex
397 859 511 902 dixit
531 859 635 903 iuis:
654 857 793 918 uultis
809 873 867 902 ne
882 857 1070 902 obedire
1087 858 1300 901 mandato
1321 857 1479 914 iniquo
1497 859 1619 915 regis
1642 858 1798 908 uestri,

169 943 220 980 et
246 937 392 980 addit:
427 937 572 980 «Nolo
599 943 651 979 ut
678 936 852 979 romani
882 935 1197 991 despondeant
1218 949 1343 991 spem
1381 935 1506 991 pacis
1543 943 1694 979 uestra
1726 937 1802 978 ab·

172 1013 362 1074 sentia.»

260 1103 306 1144 4,
336 1091 460 1146 quod
501 1083 682 1146 Laynes
711 1097 759 1134 et
790 1104 881 1146 ego
916 1089 1140 1134 habemus
1168 1103 1406 1145 expresam
1440 1089 1743 1134 obedientiam
1777 1105 1803 1132 a

177 1167 229 1212 S.
253 1166 304 1211 S.
322 1156 382 1211 rie
402 1166 725 1224 di[s]cedamus
743 1167 800 1211 ab
819 1167 945 1211 Urbe
965 1165 1063 1210 sine
1079 1180 1164 1210 sua
1185 1165 1386 1218 licentia,
1409 1181 1492 1210 nec
1516 1166 1732 1222 permisit,
1753 1159 1820 1208 ut>

172 1257 265 1301 ego
283 1231 395 1287 ir'ein
413 1245 471 1287 ad
491 1242 768 1288 uisitandum
792 1245 997 1287 Montem
1018 1245 1055 1287 F
1058 1244 1301 1295 lasconem,
1328 1243 1415 1287 etsi
1436 1243 1659 1287 instanter
1676 1242 1805 1299 petiit

177 1322 270 1365 R.¹¹⁸
290 1321 546 1366 Saracenus
567 1322 600 1364 ⁵.
932 1313 938 1318 ’

195 1398 199 1400 ’
264 1408 307 1453 5.
332 1385 440 1442 Non
466 1397 650 1454 expedit
675 1405 723 1440 et
751 1397 817 1440 ire
843 1404 1027 1454 propter
1048 1398 1264 1454 temporis
1285 1398 1588 1451 incommoda,
1613 1397 1802 1448 scilicet,

172 1473 395 1519 bellorum
416 1474 639 1531 pericula„
655 1474 792 1519 maris
813 1482 861 1519 et
883 1481 1044 1528 terrae,
1068 1475 1211 1532 longa
1231 1474 1557 1532 peregrinatio,
1588 1481 1724 1527 estas;
1756 1483 1801 1518 et

173 1549 376 1597 timenda
394 1559 516 1602 esset
535 1551 773 1595 infirmitas
794 1552 868 1595 uel
888 1551 1145 1608 captiuitas,
1166 1552 1369 1596 absentia
1393 1551 1693 1608 collegiorum
1712 1558 1801 1593 tam

176 1628 421 1672 multorum
444 1642 693 1684 regnorum
713 1627 749 1680 b,
773 1643 909 1684 quam
932 1628 1025 1685 pati
1046 1643 1139 1672 non
1162 1636 1368 1685 possunt3
1396 1638 1447 1671 ut
1474 1628 1564 1671 sint
1593 1629 1806 1672 absentes

173 1704 344 1761 profesi
362 1704 411 1748 in
431 1705 574 1757 Italia,
597 1705 748 1758 Galia,
773 1713 819 1750 et
839 1705 1102 1750 Germania.

258 1782 307 1834 6,
331 1782 454 1838 quod
479 1796 565 1826 nec
591 1781 760 1826 scimus
781 1790 797 1808 ‘²
825 1782 963 1836 uiam,
987 1775 1033 1826 et
1061 1782 1255 1827 reditum
1276 1782 1295 1808 ‘³
1317 1782 1596 1839 ignoramus,
1622 1781 1660 1824 si
1688 1781 1806 1825 bella

176 1859 420 1916 persistant
445 1867 477 1911 θ,
507 1866 555 1903 et
581 1859 771 1903 dubium
799 1859 837 1903 si
863 1860 1089 1916 generalis
1116 1867 1236 1904 esset
1264 1860 1311 1903 in
1344 1859 1581 1916 Hispania,
1607 1858 1644 1901 si
1669 1858 1805 1901 uellet

126 1993 133 1999 ⁴
174 1935 240 1979 ibi
259 1944 592 1997 permanereet
611 1951 704 1980 non
727 1938 886 1990 Rome,
913 1937 989 1979 ubi
1011 1938 1148 1981 debet
1169 1952 1270 1981 esse
1291 1938 1423 1981 sedes
1445 1936 1640 1992 propria.

267 2024 310 2067 7,
333 2013 456 2069 quod
478 2013 696 2057 faciemus
718 2029 802 2057 nos
821 2014 1003 2057 odiosos
1030 2014 1128 2057 aliis
1155 2013 1431 2065 nationibus,
1467 2021 1515 2056 ut
1542 2013 1687 2069 ispani
1717 2019 1807 2055 tra-

82 2084 89 2087 ⁷
147 2091 292 2134 thant
306 2103 464 2135 omnes
486 2090 692 2135 nationes
708 2091 766 2134 ad
782 2091 1043 2147 Hispanias,
1068 2090 1303 2147 presertim
1326 2105 1431 2133 cum
1455 2105 1613 2133 sumus
1635 2090 1803 2146 plures,

74 2162 85 2176 '
130 2165 138 2171 “
172 2174 222 2213 et
241 2165 256 2192 f
272 2166 399 2211 Italia
418 2174 488 2212 est
508 2168 637 2210 locus
657 2167 882 2219 comunis,
907 2182 992 2211 nec
1013 2168 1143 2211 decet
1171 2177 1223 2212 ut
1243 2176 1380 2225 caput
1401 2175 1474 2211 eat
1497 2169 1553 2210 ad
1576 2168 1731 2223 pedes.

245 2325 264 2344 ²
310 2317 396 2352 etas
416 2326 495 2351 ms.
548 2317 615 2344 -b
640 2315 720 2360 Sic;
735 2317 958 2352 rectorum?
1005 2325 1072 2344 —e
1095 2317 1306 2353 simusms.
1358 2318 1424 2344 —d
1449 2317 1624 2352 reditum
1639 2327 1711 2351 ms.
1763 2336 1806 2340 —

62 2367 80 2378 “’
106 2371 123 2406 '.
176 2382 197 2400 e
216 2372 436 2418 prosistant
452 2385 525 2410 ms.
578 2375 638 2401 —f
660 2377 703 2409 ut
720 2386 793 2409 ms.

249 2509 259 2529 ¹
311 2509 484 2556 Joannes
503 2509 767 2545 Bernardinus
785 2509 925 2546 Scotus
949 2509 1124 2556 (scotti),
1144 2509 1194 2547 O.
1219 2510 1515 2555 Theatinorum,
1535 2509 1727 2545 tranensis
1751 2521 1791 2543 ar

89 2548 105 2605 ἶ
127 2581 130 2584 ·
174 2567 450 2615 chiepiscopus
467 2573 508 2604 et
524 2568 746 2604 cardinalis.

191 2634 194 2636 '
247 2627 263 2650 ⁸
310 2626 357 2663 Id
372 2633 448 2672 est,
467 2637 545 2663 non
570 2627 850 2674 permissurum
869 2639 1064 2664 summum
1081 2628 1305 2675 pontificem
1323 2629 1507 2675 hispanos
1526 2628 1717 2672 homines,
1741 2627 1806 2661 im>

181 2685 355 2722 minente
371 2686 494 2732 bello,
511 2685 616 2733 quod
633 2686 810 2733 proximo
837 2687 1062 2733 Septembri
1079 2693 1305 2734 susceptum
1324 2687 1398 2723 fuit
1416 2688 1465 2722 ab
1482 2686 1654 2732 hispanis
1673 2692 1807 2732 contra

182 2743 345 2781 Paulum
362 2744 431 2788 IV,
450 2750 690 2780 transmeare
707 2746 830 2781 Roma
848 2746 888 2781 in
906 2746 1152 2792 Hispaniam,
1170 2747 1250 2792 nbi,
1272 2747 1383 2794 quasi
1402 2747 1681 2791 exploratores,
1702 2756 1764 2779 res
1787 2757 1809 2779 a

102 2794 113 2810 ²
181 2802 366 2851 pontifice
390 2809 526 2839 contra
550 2804 772 2851 Philippum
794 2811 930 2850 gestas
952 2806 1128 2840 revelare
1152 2811 1344 2852 poterant.
1366 2805 1427 2840 Cf.
1448 2805 1622 2839 PETRUM
1647 2803 1805 2849 Nonas,

78 2911 86 2914 v>
181 2862 322 2913 Storia
346 2861 456 2897 della
474 2874 633 2909 guerra
657 2863 701 2899 di
725 2864 853 2899 Paolo
870 2863 935 2898 IV
955 2875 1106 2899 sommo
1119 2865 1313 2911 pontefice
1332 2867 1469 2899 contro
1487 2863 1553 2909 gli
1575 2863 1808 2908 stmgnuoli,

179 2922 222 2959 in
238 2923 430 2960 Archim'o
457 2924 602 2959 storico
630 2922 819 2966 italiano,
847 2924 927 2958 vol.
946 2922 1035 2968 XII,
1057 2924 1278 2959 Florentiae
1301 2924 1403 2967 1847;
1427 2930 1467 2957 et
1486 2924 1620 2958 Lmtm
1641 2924 1806 2959 Muffioz,

185 2980 346 3018 Guerra
361 2983 409 3018 de
429 2995 482 3018 un
498 2986 579 3018 αῆο
595 2985 707 3018 entre
724 2982 760 3017 el
779 2982 896 3028 Papa
917 2982 1048 3017 Paulo
1066 2983 1165 3029 IVy
1178 2983 1312 3029 Felipe
1332 2983 1378 3016 II
1391 2994 1455 3027 rey
1474 2983 1520 3017 de
1535 2982 1714 3028 Εεραῆα,
1731 2982 1803 3015 Ma-

180 3039 283 3088 drid,
303 3041 409 3086 18⁶9.

253 3101 269 3121 ⁵
317 3100 533 3136 Saracenas
552 3099 765 3146 (Saraceni,
783 3099 1018 3144 Sarracino),
1035 3100 1209 3145 joannes
1228 3101 1404 3143 Michael,
1425 3098 1647 3135 cardinalis.
