2098 3470
315 238 386 274 490
787 228 942 265 PA‘rms
967 229 1210 266 Humouvm
1236 229 1387 267 NADAL

269 328 331 381 di,
357 343 383 372 a
410 335 599 383 rectore,
624 329 697 374 vel
723 329 1004 386 prouinciali,
1031 330 1101 375 vel
1131 330 1460 383 commissario,
1495 331 1573 388 qui
1603 346 1686 389 pro
1719 334 1893 378 ratione

269 405 339 448 sui
371 405 507 449 officii
538 405 724 450 liberius
755 406 1119 464 interrogabunt,
1154 414 1198 450 et
1229 412 1311 454 362
1345 407 1642 464 prouinciales
1665 418 1682 435 ³
1711 410 1892 465 quidem

269 483 326 526 de
349 482 620 535 rectoribus,
656 483 920 540 praepositis
953 484 1192 538 localibus,
1216 493 1261 527 et
1292 484 1523 537 ministris,
1557 486 1896 531 commissarius

269 559 406 602 etiarn
429 561 485 603 de
508 559 877 616 prouincialibus.

358 636 533 681 Poterit
554 651 679 690 vero,
705 637 782 693 qui
804 637 1046 690 examinat,
1072 636 1360 693 peculiariter
1382 639 1484 694 plus
1512 633 1724 684 minusue
1752 640 1894 684 inter—

266 727 446 769 rogare,
478 713 608 757 iuxta
635 714 805 757 variam
835 714 1057 766 notitiam,
1090 728 1224 769 quam
1252 715 1310 759 de
1338 714 1530 771 singulis
1558 716 1797 772 acceperit,
1822 717 1895 760 vel

267 791 433 833 habeat
457 805 512 834 ex
535 804 600 844 se,
626 791 697 835 vel
719 806 775 836 ex
799 806 845 835 re
867 790 1081 848 presenti,
1108 791 1180 835 vel
1202 805 1256 834 ex
1280 791 1469 834 aliorum
1492 792 1652 845 relatu,
1677 807 1732 837 ex
1758 793 1892 836 ratio-

268 882 325 911 ne
347 866 419 909 sui
441 867 597 913 officii.

354 943 440 988 His
461 944 596 988 etiam
620 945 809 998 accedit,
835 953 882 988 vt
905 947 961 990 de
983 943 1156 997 officiis,
1182 959 1299 1001 quae
1320 945 1440 988 domi
1463 945 1564 1000 quis
1586 946 1794 1002 gesserit,
1816 961 1887 989 ro-

265 1028 416 1078 getur3
442 1029 490 1064 vt
512 1021 549 1065 si
572 1022 673 1079 quis
695 1023 829 1066 fuerit
851 1025 1092 1079 professor,
1117 1021 1154 1065 si
1178 1022 1423 1078 praefuerit
1445 1021 1679 1067 audiendis
1706 1023 1886 1068 confes-

265 1098 482 1152 sionibus,
507 1100 581 1144 vel
602 1100 896 1143 concionatus
921 1099 1069 1152 fuerit,
1095 1100 1167 1144 vel
1183 1099 1391 1144 docuerit
1413 1099 1706 1142 christianam
1722 1100 1890 1143 doctri-

262 1181 367 1218 'nam
385 1175 661 1231 probationis
677 1190 828 1220 causa.
847 1176 1068 1221 Breuiter:
1090 1177 1146 1221 de
1164 1189 1437 1232 quocunque
1453 1175 1602 1219 officio
1619 1176 1888 1229 domestico,

263 1253 385 1307 quod
407 1252 508 1308 quis
537 1253 746 1310 gesserit,
772 1253 1092 1310 interrogetur.

353 1329 617 1385 Excipietur
638 1337 789 1373 autem
811 1337 986 1374 secreto
1009 1329 1223 1385 quicquid
1241 1335 1467 1373 secretum
1485 1329 1747 1386 postulabit,
1766 1331 1895 1385 quod

262 1413 311 1448 vt
344 1405 520 1449 facilius
547 1407 629 1449 fiat
660 1414 707 1450 et
738 1406 959 1459 securius,
995 1405 1311 1463 responsiones
1343 1420 1500 1449 omnes
1531 1405 1724 1462 excipiet
1755 1420 1891 1463 supe·
1927 1423 1933 1426 ·

263 1482 367 1535 rior,
392 1489 438 1526 et
459 1482 628 1527 scribet
649 1482 696 1526 in
719 1498 803 1526 suo
826 1482 1140 1539 quaternione,
1171 1484 1336 1526 referat
1359 1496 1467 1527 vero
1490 1496 1568 1538 per
1596 1496 1812 1537 numeros·
1831 1483 1889 1525 ad

262 1559 447 1602 nomina
478 1573 650 1612 eorum,
686 1559 763 1616 qui
802 1559 1134 1613 examinantur,
1170 1574 1286 1616 quae
1317 1558 1405 1602 alio
1440 1560 1541 1602 loco
1571 1558 1890 1615 describentur

261 1650 453 1679 seorslm
468 1671 480 1682 .

259 1752 341 1794 363
555 1742 1012 1793 INTERizOGATmNEs
1046 1762 1138 1793 PRo
1171 1761 1560 1792 PROFEssomssth
1598 1750 1608 1769 ¹

349 1867 472 1922 Quid
496 1867 673 1924 legant?

347 1944 414 1986 Ex
436 1958 527 1999 quo
549 1950 751 2000 tempore
772 1959 939 1988 munus
961 1944 1088 1988 obire
1109 1944 1303 1988 docendi
1326 1943 1578 2000 coeperint?

346 2022 498 2076 Quam
522 2021 720 2064 sentiant
741 2035 791 2064 se
811 2021 1000 2064 idoneos
1021 2029 1067 2065 et
1089 2023 1300 2065 robustos
1322 2022 1378 2065 ad
1400 2021 1446 2063 id
1477 2020 1692 2073 muneris,
1725 2026 1803 2063 aut
1832 2035 1888 2064 ex
1915 2029 1918 2031 ·

258 2097 328 2151 iis,
355 2113 471 2153 quae
493 2098 671 2155 legunt,
696 2106 926 2155 promotos
948 2099 995 2142 in
1017 2098 1293 2143 eruditione?

349 2176 476 2231 Quot
497 2175 749 2231 discipulos
770 2177 990 2219 habeant?

345 2253 495 2307 Quam
518 2253 635 2296 bene
657 2259 892 2308 promotos
913 2252 960 2295 in
982 2252 1077 2296 suis
1100 2252 1283 2296 studiis?

346 2330 498 2384 Quam
522 2330 884 2389 obtemperantes
905 2328 943 2372 ¹³?

346 2406 422 2449 An
444 2405 561 2450 inter
584 2420 662 2450 eos
684 2405 775 2449 sint
794 2405 932 2466 aliqui
954 2405 1195 2462 praeclaris
1216 2405 1400 2449 dotibus
1423 2404 1634 2461 praediti?

346 2486 423 2526 An
444 2483 638 2527 doceant
659 2483 922 2539 diligenter?
944 2483 1113 2538 quoda
1130 2490 1306 2528 rectore
1323 2490 1369 2525 et
1384 2482 1614 2538 praefecto
1630 2480 1884 2524 studiorum

257 2559 427 2603 certius
449 2559 567 2604 scire
588 2559 770 2616 poterit.

343 2636 417 2679 An
441 2652 557 2692 quae
578 2637 740 2693 legunt
762 2637 958 2680 referant
987 2638 1044 2681 ad
1073 2637 1267 2694 aliquem
1295 2650 1427 2679 vsum
1456 2642 1501 2680 et
1532 2634 1704 2690 praxim
1739 2633 1884 2676 virtu·

255 2720 351 2756 tum
373 2721 419 2757 et
440 2713 622 2770 pietatis
644 2713 918 2758 christianae
939 2715 1016 2756 vbi
1038 2714 1278 2758 commode
1298 2713 1510 2769 possunt?
1595 2698 1615 2720 ’

323 2860 340 2877 a
388 2849 705 2895 prouincialibus
723 2860 794 2885 ωε.
848 2851 912 2877 —b
939 2850 1243 2897 obtemperentes
1263 2861 1333 2886 ms,

326 2976 336 2996 ¹
388 2975 496 3010 Haec
514 2974 677 3010 formula
697 2974 959 3019 interrogandi
984 2974 1088 3009 edita
1108 2979 1169 3009 est
1192 2973 1232 3009 in
1251 2973 1378 3019 Epist.
1400 2973 1448 3008 P.
1475 2969 1677 3018 Nadal,1‚
1697 2979 1780 3018 794,
1801 2983 1879 3007 ser-

252 3043 367 3068 mone
384 3032 598 3083 hispanico3
618 3032 745 3069 sedin
764 3033 895 3068 multis
913 3034 961 3068 ab
980 3034 1052 3068 hoc
1071 3034 1250 3079 exemplo
1267 3032 1475 3079 discrepat.
