2098 3470
358 296 428 342 370
832 297 986 335 PATms
1011 299 1257 335 Hmnonvm
1282 298 1432 335 NADAL

308 398 584 446 videbuntur
606 413 706 443 esse
728 400 1006 453 annotanda,
1026 408 1071 443 et
1093 400 1251 443 iuuare
1268 414 1400 456 posse
1418 400 1475 443 ad
1492 400 1876 456 reformationem,
1897 402 1943 446 in

306 476 466 520 eodem
490 475 804 531 quaternione,
837 477 884 519 in
913 491 1047 532 quem
1077 477 1241 521 referet
1271 476 1439 530 omnia,
1463 478 1521 521 de
1549 477 1716 532 quibus
1744 478 1830 534 ipsi
1858 480 1943 524 erit

306 554 554 609 agendum,
580 553 636 596 ad
666 553 995 598 ordinationem
1028 561 1073 598 et
1105 553 1476 597 constitutionem
1513 554 1709 611 collegii3
1750 562 1796 598 et
1834 556 1942 600 huic

303 629 589 685 quaternioni
611 630 931 687 locupletando
952 630 1077 673 dabit
1100 645 1280 686 operam
1304 630 1476 686 aliquot
1499 630 1677 684 diebus,
1702 632 1848 675 donec
1867 633 1939 675 vi·

304 707 463 750 deatur
484 707 569 763 ipsi
591 707 699 751 satis
720 722 819 752 esse
840 707 1108 763 inquisitum
1131 708 1188 750 ad
1211 708 1391 764 collegii
1415 708 1459 752 14
1484 708 1832 753 ordinationem.
1862 711 1938 754 Ad

303 785 498 826 eundern
529 785 694 829 ref‘eret
721 799 777 828 ex
805 785 1016 828 omnibus
1047 784 1463 837 informationibus,
1504 799 1621 840 quae
1659 785 1938 830 videbuntur

303 867 465 903 notatu
488 860 644 918 digna,
671 868 716 906 et
738 863 795 905 ad
817 862 1183 905 reformationem
1207 861 1391 918 collegii
1414 861 1554 905 vtilia.

393 937 552 994 Igitur,
574 946 623 981 vt
644 938 822 995 plenius
839 954 911 983 res
930 953 1088 982 omnes
1105 938 1247 994 possit
1265 938 1519 995 intelligere
1536 946 1582 982 et
1599 940 1830 996 colligere,
1851 955 1939 996 qua

302 1029 357 1057 ex
379 1022 507 1070 parte
529 1015 772 1072 collegium
796 1017 867 1060 vel
889 1017 1050 1058 domus
1072 1015 1130 1058 sit
1151 1015 1368 1069 iuuanda,
1392 1015 1593 1058 visitabit
1615 1016 1865 1060 sacristiam
1891 1025 1936 1062 et

302 1091 476 1143 altaria,
489 1099 534 1135 et
551 1091 732 1146 calices,
750 1099 796 1135 et
811 1092 960 1134 omnia
975 1091 1076 1145 alia,
1095 1106 1212 1147 quae
1230 1092 1286 1135 ad
1304 1092 1478 1134 cultum
1497 1091 1703 1135 diuinum
1721 1092 1934 1146 attinent,

298 1167 526 1224 intelliget
555 1176 599 1211 et
622 1169 679 1213 de
711 1169 1039 1212 concionatore
1071 1176 1116 1212 et
1149 1161 1437 1213 confessariis
1471 1170 1851 1224 quemadmodum
1886 1185 1935 1213 se

299 1252 478 1300 gerant,
503 1246 560 1289 de
584 1245 731 1289 missis
755 1247 1136 1301 quemadmodum
1159 1246 1463 1298 celebrentur,
1491 1247 1547 1289 de
1575 1247 1934 1291 conuersationi-

303 1323 405 1373 bus,
427 1336 544 1377 quae
561 1323 789 1367 habentur
807 1337 909 1366 cum
929 1322 1143 1374 externis,
1165 1322 1263 1366 siue
1280 1322 1325 1364 in
1344 1323 1528 1378 templo,
1542 1322 1639 1366 siue
1657 1323 1792 1367 etiam
1809 1323 1931 1368 alibi.

389 1399 554 1442 Visitet
576 1399 915 1451 bibliothecam,
941 1406 986 1442 et
1009 1399 1211 1442 omnium
1234 1399 1545 1442 cubiculorum
1568 1389 1725 1453 libros,
1750 1407 1795 1444 et
1824 1400 1933 1444 scri-

300 1476 391 1528 nia,
419 1484 464 1519 et
488 1476 820 1520 animaduertat
847 1476 988 1531 siquis
1020 1476 1215 1532 aliquem
1248 1477 1414 1520 habeat
1444 1476 1607 1519 librum
1639 1477 1932 1533 prohibitum,

299 1553 375 1597 uel
400 1552 648 1606 curiosum,
675 1560 720 1597 et
748 1553 932 1595 omnino
961 1553 1110 1608 siquid
1142 1553 1385 1596 curiosum.
1418 1554 1545 1597 Haec
1576 1553 1614 1596 si
1649 1567 1730 1609 per
1761 1568 1810 1598 se
1841 1568 1932 1598 non

297 1630 454 1686 possit,
486 1629 663 1672 curabit
691 1644 772 1686 per
808 1629 961 1672 alium.
993 1629 1270 1673 Nominatim
1298 1644 1407 1673 vero
1436 1629 1638 1673 visitabit
1665 1644 1744 1686 per
1771 1645 1821 1674 se
1853 1645 1932 1674 cu·
1980 1662 1986 1670 s

301 1706 506 1749 biculum
545 1706 851 1763 prouincialis,
893 1707 1096 1760 rectoris,
1137 1713 1182 1750 et
1213 1706 1421 1760 ministri,
1457 1714 1501 1751 et
1530 1706 1792 1750 obseruabit
1822 1722 1931 1751 num

295 1784 494 1839 aliquod,
522 1784 562 1828 15
581 1784 703 1838 quod
725 1783 945 1827 videabur
974 1771 1202 1826 curiosum
1225 1798 1341 1834 esse,
1368 1782 1429 1825 illi
1452 1784 1650 1826 habeant
1671 1782 1718 1825 in
1740 1783 1930 1828 cubicu-

295 1860 349 1903 lis
371 1860 466 1903 suis
495 1861 567 1904 vel
591 1862 884 1917 superfluum.
911 1860 1074 1903 Visitet
1095 1860 1308 1912 culinam,
1339 1860 1589 1916 penarium,
1615 1860 1772 1903 cellam
1801 1860 1930 1903 vina-

296 1937 424 1989 riam,
451 1945 602 1993 partes
625 1952 781 1980 omnes
804 1938 965 1980 domus
987 1937 1247 1981 obseruabit
1270 1936 1487 1979 similiter.

386 2014 552 2058 Visitet
575 2029 733 2058 omnes
755 2015 935 2057 scholas
957 2022 1002 2057 et
1034 2013 1187 2058 audiet
1215 2029 1372 2057 omnes
1400 2014 1693 2069 professores,
1725 2012 1930 2058 intererit

292 2092 430 2136 etiam
460 2090 864 2147 disputationibus,
896 2098 944 2133 vt
974 2091 1150 2134 facilius
1181 2090 1406 2146 intelligat
1439 2089 1547 2146 quid
1579 2089 1753 2145 possint
1785 2090 1927 2133 nostri

294 2169 340 2211 in
378 2169 555 2211 studiis.
587 2169 889 2224 Interrogabit
926 2183 1034 2211 vero
1067 2167 1331 2211 nominatim
1364 2168 1642 2223 praefectum
1674 2166 1925 2210 studiorum

293 2246 350 2289 de
367 2245 639 2289 lectionibus
655 2253 700 2289 et
717 2245 894 2298 studiis,
920 2261 975 2287 an
999 2245 1278 2289 satisfaciant
1301 2251 1616 2301 praeceptores
1633 2243 1775 2287 nostri
1792 2245 1926 2287 scho-

294 2322 482 2374 lasticis,
509 2330 554 2366 et
577 2330 794 2378 quantum
820 2323 995 2364 fructus
1018 2321 1223 2378 capiatur
1244 2335 1300 2369 ex
1320 2320 1598 2364 vlectionibus
1626 2326 1671 2364 et
1699 2319 1926 2364 exercitiis

293 2399 516 2443 litera-riis.

381 2478 452 2520 De
475 2476 666 2520 ecclesia
688 2475 794 2520 item
818 2482 862 2518 et
886 2475 1160 2529 ministeriis,
1185 2489 1302 2530 quae
1323 2473 1369 2516 in
1398 2473 1588 2518 ecclesia
1615 2480 1920 2530 praestantur,

295 2553 597 2610 interrogabit
618 2552 881 2596 nominatim
907 2553 1185 2608 praefectum
1208 2551 1443 2595 ecclesiae.

380 2631 451 2674 De
473 2637 648 2673 rectore
670 2636 716 2672 et
737 2628 1020 2685 prouinciali,
1047 2628 1223 2673 etiamsi
1245 2628 1291 2670 in
1313 2627 1521 2672 examine
1542 2641 1700 2670 omnes
1729 2617 1922 2671 interro-

292 2708 542 2763 gabuntur,
583 2718 735 2750 tamen
770 2706 828 2749 de
864 2705 1130 2761 prouinciali
1167 2703 1434 2748 nominatim
1471 2710 1577 2746 sunt
1613 2703 1922 2760 interrogandi

275 2779 441 2826 vrector
463 2791 508 2826 et
531 2783 650 2826 illius
673 2782 933 2835 consiliarii3
960 2783 1018 2826 de
1040 2788 1214 2825 rectore
1237 2780 1525 2838 prouincialis
1547 2787 1592 2824 et
1620 2781 1917 2832 consultores,

291 2867 387 2902 tum
410 2860 722 2916 pmuincialis,
749 2867 842 2902 tum
867 2859 1073 2904 rectoris.

378 2936 679 2992 Inuestigabit
702 2937 1098 2995 quemadmodum,
1130 2950 1222 2978 non
1253 2934 1399 2977 solum
1429 2934 1469 2978 16
1497 2932 1816 2990 prouinciales,
1848 2949 1920 2976 re-

288 3021 438 3058 ctores
459 3021 504 3057 et
526 3013 719 3057 ministri
741 3028 824 3056 suo
845 3012 994 3055 officio
1018 3014 1285 3069 fungantur,
1311 3012 1390 3055 sed
1413 3009 1546 3054 etiam
1576 3025 1748 3063 omnes,
1784 3017 1919 3066 quot-

288 3100 399 3146 quot
421 3099 588 3147 gerunt
616 3090 738 3134 domi
765 3088 912 3133 officia
941 3089 1104 3144 aliqua,
1142 3088 1522 3145 quemadmodum
1555 3088 1627 3131 illa
1659 3094 1837 3144 gerant;
1873 3093 1919 3131 et

2088 2250 2098 2301 ς

2090 2315 2098 2358 ³

2075 2363 2098 2405 ἣ

2078 2411 2098 2471 Ξ
