2098 3470
267 215 336 261 732
835 219 974 255 Ems'r.
1002 220 1045 257 P.
1075 220 1226 256 NADAL

217 317 420 371 narrarli,
446 319 534 363 che
565 333 672 376 pare
694 322 875 379 proprio
906 323 935 365 l’
961 322 1115 366 istoria
1147 322 1192 365 di
1225 322 1518 375 Hieroboam,
1543 323 1573 366 il
1601 324 1749 379 quale,
1775 323 1845 380 pi-

218 394 403 451 gliando
425 395 455 438 il
477 397 710 454 conseglio
737 398 783 441 di
805 399 988 456 gioveni
1019 407 1063 444 et
1090 400 1300 443 lassando
1331 399 1361 442 il
1394 399 1626 456 conseglio
1654 400 1711 444 de
1738 414 1844 444 vec-

218 470 327 524 chii,
346 473 396 514 fu
413 472 557 516 diviso
573 472 604 516 il
621 489 764 531 regno
781 477 824 518 d’
844 476 1007 520 Israele
1019 477 1059 532 (3
1074 476 1218 532 Reg.).
1239 477 1295 518 Et
1313 490 1404 519 non
1423 491 1479 532 po
1496 476 1565 518 dir
1583 478 1716 520 Mtro.
1729 477 1845 532 Lay-

218 561 300 591 nes
322 549 410 593 che
432 550 475 592 10
498 551 557 593 ha
579 552 694 594 fatto
715 552 989 608 seguitando
1025 552 1056 594 il
1090 553 1225 595 modo
1247 553 1304 596 de
1336 553 1379 595 la
1400 553 1519 596 bona
1551 552 1767 598 memoria
1789 554 1845 597 de

219 627 283 670 M.
307 625 508 681 Ignatio;
533 628 700 683 perche
714 628 786 672 lui
808 628 838 671 li
860 630 1140 672 comandava
1162 636 1207 672 et
1230 630 1379 684 questi
1407 629 1480 672 doi
1513 644 1650 674 erano
1687 643 1847 674 esecu-

220 702 304 744 tori
327 703 446 756 suoi3
473 718 546 747 ma
575 705 680 748 allui
707 705 738 748 li
775 707 1056 749 comandano
1087 713 1133 749 et
1169 705 1452 762 consigliano
1483 707 1615 758 male,
1646 719 1776 749 come
1810 705 1847 762 si

219 779 333 822 vede
355 794 435 835 per
456 780 746 836 esperientia,
767 783 884 826 nelle
916 782 1236 826 indiscretione
1267 790 1312 827 et
1344 782 1558 825 instantie
1587 781 1847 838 importune

219 858 303 900 che
325 858 479 900 hanno
496 859 609 902 fatte
625 873 705 915 per
727 860 894 913 andare
918 860 962 902 in
985 861 1172 916 Spagna
1194 868 1240 904 et
1261 861 1374 904 altre
1395 874 1500 903 cose
1518 874 1605 902 con
1622 859 1843 915 pratiche.

220 933 288 976 Ne
312 948 475 978 manco
495 934 534 977 si
555 950 614 992 po
638 949 847 980 escusare
869 939 953 981 che
972 944 1092 980 tutto
1115 938 1159 980 lo
1180 940 1238 980 ha
1261 938 1371 980 fatto
1394 952 1473 993 per
1489 937 1531 980 13
1548 936 1687 980 carita
1705 943 1751 980 et
1769 951 1848 980 ne-

219 1010 383 1070 cessita
417 1011 463 1054 di
485 1013 552 1055 far
573 1015 801 1069 generale3
839 1015 1002 1070 perche
1040 1015 1080 1057 10
1119 1025 1255 1057 cause
1291 1014 1336 1057 di
1359 1014 1588 1058 defferirlo
1617 1023 1661 1058 et
1689 1013 1736 1056 di
1757 1027 1848 1056 non

219 1088 388 1132 andare
410 1088 455 1130 in
480 1089 667 1146 Spagna
688 1105 832 1133 sonno
850 1090 1177 1146 potentissime,
1198 1105 1326 1134 come
1348 1092 1405 1134 V.
1428 1090 1546 1135 Sria.
1565 1091 1690 1133 Rma.
1710 1089 1849 1133 vede-

220 1167 269 1208 ra
290 1178 375 1208 con
399 1166 428 1208 l’
449 1166 650 1223 alligata,
671 1181 744 1211 ma
764 1169 807 1210 13
829 1168 1036 1224 passione
1057 1177 1102 1213 et
1125 1168 1290 1225 agonia
1312 1169 1356 1211 lo
1378 1182 1560 1220 cecava,
1581 1167 1717 1210 etiam
1735 1158 1864 1212 con-⁵

221 1250 288 1286 tra
312 1250 437 1287 tante
465 1243 736 1288 dissuasmni
765 1245 810 1288 di
838 1245 1021 1288 alchuni
1058 1245 1181 1288 Rmi.
1224 1245 1455 1298 cardinali3
1481 1245 1560 1287 sed
1597 1243 1643 1287 in
1675 1257 1852 1287 summa

222 1333 414 1376 agamus
436 1320 606 1376 gratias
626 1322 743 1375 Deo,
763 1323 848 1365 che
866 1330 992 1364 tanto
1009 1323 1151 1365 frutto
1173 1337 1223 1365 sa
1245 1336 1407 1366 cavare
1427 1322 1484 1364 de
1505 1321 1536 1363 li
1559 1319 1701 1364 nostri
1724 1319 1847 1363 mali.

311 1398 452 1440 Tutto
475 1406 637 1453 questo
658 1398 806 1442 scrivo
828 1401 993 1455 perche
1016 1406 1146 1443 tocca
1167 1400 1208 1442 al
1232 1398 1416 1442 hofficio
1433 1398 1478 1441 di
1496 1400 1554 1442 V.
1580 1397 1695 1442 Sria.
1718 1399 1848 1442 Rma.
1905 1399 1909 1401 ”

222 1474 460 1518 intendere
482 1479 643 1530 questo
665 1475 852 1532 negotio
874 1483 919 1518 et
942 1491 967 1518 a
987 1490 1061 1519 me
1093 1484 1224 1519 tocca
1250 1476 1514 1519 informarla
1545 1475 1737 1519 essendo
1759 1487 1851 1516 uno

222 1549 328 1593 delli
350 1551 482 1607 primi
505 1551 729 1596 fondatori
751 1552 795 1595 di
819 1560 980 1607 questa
1001 1552 1303 1609 Compagnia,
1329 1560 1373 1597 et
1400 1553 1608 1597 vedendo
1635 1551 1666 1594 il
1688 1565 1852 1607 gover-

224 1641 282 1670 no
305 1628 474 1672 andare
495 1628 542 1671 in
564 1628 800 1685 precipitio
823 1644 872 1674 se
894 1644 986 1672 non
1007 1630 1130 1673 serra
1154 1638 1305 1686 presto
1327 1629 1576 1672 rimediato.

311 1704 370 1747 Di
394 1706 451 1748 V.
479 1705 594 1750 Sria.
621 1707 750 1749 Rma.
777 1714 822 1750 et
844 1707 986 1750 Illma.

315 1782 460 1826 Servo
482 1782 530 1825 in
551 1784 682 1836 Xto.,

1085 1861 1272 1905 N1coLo
1296 1863 1616 1913 BOBADIGLIA,

1029 1940 1086 1981 de
1109 1939 1150 1981 13
1172 1937 1454 1994 Compagnia
1483 1938 1540 1981 de
1561 1938 1712 1994 Jesus.

1019 2052 1058 2094 2

643 2129 693 2171 Ρ.
731 2129 1047 2173 NICOLAUS
1081 2127 1442 2172 BOBADILLA

841 2216 1019 2254 PAULO
1038 2217 1102 2264 lv,
1124 2217 1168 2252 P.
1187 2216 1239 2254 Μ.

792 2309 949 2347 ROMAE,
984 2308 1101 2336 ANNO
1142 2308 1232 2345 1557
1264 2300 1290 2335 ¹.

335 2397 624 2427 BREvrsSIMA
658 2397 1025 2428 INFORMATIONE
1057 2398 1213 2427 DELLA
1245 2396 1523 2427 COMPAGNIA
1557 2396 1620 2426 DE
1652 2395 1747 2425 ms.

767 2475 858 2504 PER
891 2475 950 2504 LA
985 2460 1060 2504 s.²⁸‘²
1092 2475 1156 2505 DE
1188 2474 1237 2505 N.
1272 2474 1312 2503 s.

317 2557 467 2600 Omne
489 2557 646 2599 datum
670 2555 892 2612 optimum
915 2563 960 2598 et
981 2569 1115 2598 omne
1143 2556 1314 2598 donum
1343 2568 1590 2610 supernum
1621 2554 1859 2597 desursum

229 2640 298 2676 est
315 2634 347 2676 ¹.
369 2633 548 2689 Impero
571 2647 663 2675 non
685 2634 744 2676 ha
765 2646 994 2688 permesso
1011 2633 1040 2674 l’
1060 2632 1374 2688 omnipotente
1396 2630 1522 2673 Iddio
1538 2631 1622 2673 che
1643 2630 1686 2672 la
1707 2636 1861 2672 nostra

229 2709 584 2766 congregatione
606 2710 795 2752 andasse
818 2708 863 2750 in
893 2710 1080 2765 Spagna
1107 2724 1133 2752 a
1155 2710 1223 2751 far
1244 2708 1274 2750 il
1303 2707 1501 2764 capitulo
1523 2706 1753 2763 generale,
1777 2719 1860 2748 an-

303 2855 312 2874 ¹
363 2853 422 2887 Ex
439 2853 693 2899 autographa,
719 2850 823 2898 quod
847 2850 1073 2898 Mediolani,
1098 2851 1138 2887 in
1161 2849 1319 2886 archivo
1343 2847 1666 2896 archiepiscopali
1688 2858 1878 2885 asserva.

229 2918 292 2948 tur
311 2912 453 2948 «Arch.
473 2912 609 2958 Spirit.
629 2910 718 2946 Sez.
738 2910 828 2957 XII,
847 2911 923 2948 vol.
946 2919 981 2956 2,
1000 2922 1038 2949 n.
1060 2919 1142 2947 21».
1163 2909 1265 2946 Vide
1289 2914 1582 2944 monumentum
1608 2907 1862 2955 praecedens,

231 2977 363 3007 annot.
387 2979 418 3009 1.
440 2971 597 3006 Nullam
615 2971 734 3006 habet
753 2969 1101 3016 subscriptionem.

301 3034 315 3052 ²
366 3031 536 3077 JAcoss.‚
556 3030 584 3074 1,
606 3037 662 3075 17.
