2098 3470
0 0 217 38 ϊτὶψῑψ,

44 51 56 61 ι,
106 45 152 59 7...
246 43 249 46 ⁴

211 0 454 27 ὀεηιέ-,ῖᾞςῃς
559 0 615 27 ,τῃ-
638 0 657 17 ·7
678 0 691 12 ·'
724 0 729 5 ¹
767 0 782 10 '¹
819 7 821 10 .

558 253 836 291 MouuussmA
859 259 1118 294 pnovmcmn
1142 251 1423 291 Russmuffl-
1434 260 1481 296 55
1719 247 1789 294 335

276 355 362 400 Ad
381 355 638 412 profectum
676 356 866 399 fratrum
905 353 1014 398 utile
1035 347 1130 398 erit‘
1152 353 1191 396 si
1214 352 1301 396 illis
1332 352 1451 397 serio
1489 353 1760 399 consulatur
1782 357 1834 414 pt

160 483 164 486 ,
191 431 365 489 aliquid
380 439 637 484 exerceant,
662 432 785 488 quod
806 432 863 475 ad
890 430 1215 488 perfectionem
1244 429 1486 486 pertineat,
1519 436 1568 471 vt
1599 429 1636 472 si
1667 427 1833 484 aliquis

192 508 347 552 animo
368 509 482 566 figat
498 516 544 554 et
564 516 776 554 exerceat
795 508 913 554 velle
927 522 978 552 se
998 507 1211 552 estimare
1227 521 1386 551 omnes
1402 507 1581 557 fratres,
1603 520 1655 549 ac
1680 505 1718 548 si
1740 503 1834 548 sibi

190 592 348 629 omnes
369 593 523 630 essent
544 585 817 642 superiores;
837 584 1038 629 exterius
1059 584 1197 629 etiam
1227 583 1290 627 ita
1318 583 1527 640 singulos
1551 583 1826 633 reuerendo,

191 669 246 705 ut
265 661 551 720 singulorum
567 669 714 706 status
734 661 895 719 exigit,
919 663 1055 719 plana
1070 661 1266 717 quadam
1285 659 1499 717 religiosa
1521 659 1827 716 simplicitate.

190 740 459 796 Exemplum
492 739 632 783 aliud:
655 739 695 783 si
731 746 947 784 exercent
962 740 1113 782 Deum
1135 739 1307 782 habere
1327 744 1445 782 »ante
1473 737 1632 780 oculos
1661 736 1829 781 mentis

186 822 489 872 praesentem,
514 823 565 858 ut
580 815 757 860 infinite
778 817 946 858 bonum
965 815 1101 858 simul
1122 822 1168 859 et
1193 813 1371 861 infinite
1393 813 1582 866 iustum,
1615 820 1661 858 et
1690 812 1756 856 sic
1780 813 1826 854 in

187 891 289 936 aliis
309 907 522 937 exercere
543 899 775 949 poterunt.

211 1007 214 1010 ,
235 1007 242 1013 ,
280 969 337 1012 In
359 970 590 1026 margine,
615 969 710 1016 alia
730 984 889 1012 manu.
915 984 959 1014 e.
984 984 1045 1013 m.
1072 969 1102 1027 -ί-

966 1085 1046 1127 55

424 1171 600 1227 QUAE
635 1171 808 1216 D1x1T
846 1172 1023 1216 RDUS.
1062 1137 1269 1215 PATER
1306 1170 1580 1215 NATALIS

661 1275 711 1304 m
734 1274 976 1306 COLLEGm
999 1273 1290 1305 MOGUNTINO
1313 1261 1340 1303 ¹.

273 1355 412 1411 Quod
441 1370 550 1399 vero
586 1356 749 1401 attinet
775 1358 833 1400 ad
870 1365 1050 1414 tempus
1087 1355 1368 1413 probationis
1381 1390 1390 1408 ,
1423 1363 1669 1412 antequam
1707 1355 1820 1398 dent

184 1437 372 1488 'operam
399 1432 564 1495 literis,
598 1434 707 1478 satis
743 1434 829 1477 erit
865 1442 956 1478 tres
993 1442 1071 1478 aut
1106 1442 1303 1490 quatuor
1340 1447 1538 1486 menses,
1578 1440 1818 1490 postquam

189 1507 388 1553 obierint
407 1510 623 1555 exercitia
649 1511 919 1567 spiritualia,
943 1519 1243 1556 exerceantur
1270 1510 1317 1554 in
1345 1510 1508 1554 officiis
1535 1510 1816 1562 domesticis,

187 1591 235 1628 et
254 1592 414 1642 postea
432 1594 648 1643 poterunt
667 1587 779 1644 ipsis
799 1588 989 1632 concedi
1016 1588 1183 1641 studia,
1208 1599 1254 1632 et
1275 1587 1498 1645 assignari
1522 1587 1709 1639 classes,
1741 1586 1819 1629 ubi

181 1661 370 1714 audiant
395 1664 470 1708 vel
504 1664 678 1720 legant:
708 1664 875 1720 poterit
912 1664 999 1708 illis
1035 1664 1172 1710 etiam
1201 1665 1291 1708 hoc
1317 1664 1586 1709 exercitium
1618 1663 1732 1716 dari,
1770 1671 1819 1706 ut

179 1738 341 1784 iuuent
382 1749 721 1798 praeceptorem
765 1743 949 1786 infimae
989 1743 1063 1786 vel
1104 1742 1382 1800 penultimae
1423 1741 1597 1786 classis:
1644 1741 1811 1798 poterit

177 1815 316 1860 etiam
337 1817 500 1873 aliquis
521 1818 619 1863 fieri
646 1833 785 1863 cocus
806 1821 879 1864 vel
901 1819 1080 1873 ianitor;
1106 1821 1187 1864 sed
1209 1819 1373 1864 ianitor
1396 1835 1491 1863 non
1521 1818 1609 1862 nisi
1639 1818 1713 1872 sit,
1739 1819 1815 1862 cui

178 1893 304 1936 omni
324 1908 381 1938 ex
401 1901 530 1950 parte
550 1895 665 1940 fides
683 1896 847 1953 poterit
868 1896 1088 1949 adhiberi,
1114 1904 1160 1942 et
1180 1896 1355 1942 interea
1377 1896 1468 1949 alii,
1494 1896 1532 1940 si
1559 1896 1652 1939 sint
1678 1911 1816 1952 capa-

177 1983 272 2023 ces,
295 1977 511 2027 poterunt
531 1973 733 2026 studere,
758 1981 811 2016 ut
837 1974 1054 2018 Matthias
1076 1975 1111 2019 ².

265 2046 316 2092 Si
337 2048 487 2091 carius
508 2048 665 2092 uinum
688 2049 747 2092 sit
768 2065 903 2107 quam
926 2051 1131 2095 redditus
1152 2051 1398 2108 patiantur,
1423 2051 1618 2096 ceruisia
1645 2051 1806 2108 partim

177 2123 276 2168 dari
297 2125 482 2180 poterit,
509 2126 579 2170 vel
601 2126 738 2171 certis
758 2127 921 2175 diebus
941 2129 1053 2171 sola.

267 2203 519 2245 Possumus
541 2203 639 2247 sine
661 2205 878 2261 scrupulo
905 2204 1067 2249 missas
1094 2205 1341 2258 celebrare,
1367 2205 1445 2248 ubi
1467 2214 1575 2249 sunt
1600 2206 1809 2259 heretici,

175 2276 255 2332 qui
277 2277 376 2323 sine
395 2280 610 2323 scandalo
631 2295 723 2324 non
745 2289 936 2338 possunt
967 2282 1108 2339 abigi,
1134 2283 1207 2328 vel
1237 2284 1420 2338 quando
1449 2283 1698 2328 necessitas
1727 2283 1812 2328 erit

174 2352 335 2398 iuditio
349 2356 638 2412 superiorum
647 2391 656 2401 .

244 2467 256 2488 ¹
306 2467 365 2501 Ex
387 2470 610 2516 apographo
639 2481 801 2518 coaevo,
832 2471 872 2507 in
895 2471 1030 2508 codice
1055 2473 1195 2510 Natal.
1229 2473 1346 2510 instr.
1376 2473 1531 2515 Germ„
1560 2473 1665 2509 foliis
1695 2473 1805 2519 3o3v,

172 2521 284 2570 304v.
303 2525 415 2563 Licet
432 2527 472 2563 in
490 2529 562 2564 hoc
581 2536 833 2566 monumento
850 2542 991 2578 annus,
1008 2543 1086 2579 quo
1102 2533 1273 2579 scriptus
1290 2532 1380 2579 fuit,
1403 2533 1562 2568 minime
1584 2538 1803 2578 annotetur,

171 2582 222 2619 ad
250 2595 426 2627 mensem
450 2587 627 2634 Januarii
644 2589 736 2625 anni
756 2589 860 2637 1567,
881 2595 925 2626 ut
943 2591 1139 2638 superius,
1158 2597 1352 2638 spectare,
1379 2593 1458 2628 imo
1477 2604 1563 2638 pars
1589 2592 1693 2627 illius
1718 2603 1806 2627 esse

170 2642 340 2711 videtur,
358 2648 611 2712 quantumvis
637 2648 678 2684 in
700 2649 836 2685 codice
860 2649 1082 2696 sejunctum
1099 2644 1232 2695 fue'rit3
1253 2652 1370 2699 idque
1388 2645 1526 2688 suadet
1545 2652 1672 2698 ipsum
1690 2651 1806 2697 hujus

169 2707 305 2750 scripti
317 2709 584 2750 lnitium3nam
599 2706 665 2742 illa
679 2709 800 2743 verba
815 2707 953 2753 «Quod
968 2720 1062 2745 vero
1076 2710 1218 2746 attinet
1231 2710 1280 2746 ad
1293 2717 1471 2756 tempus»
1487 2715 1622 2757 aperte
1637 2711 1804 2746 innuunt

167 2760 264 2798 alias
279 2764 543 2809 praecessisse
561 2765 856 2812 instructiones;
875 2773 916 2803 et
930 2767 1032 2803 sicut
1050 2769 1154 2815 prior
1166 2781 1188 2804 a
1201 2769 1354 2805 duobus
1370 2770 1536 2804 librariis
1551 2770 1695 2815 scripta
1713 2769 1802 2815 fuit,

167 2818 223 2854 ita
233 2819 331 2856 haee
343 2833 432 2869 pars
446 2833 621 2860 seorsum
636 2831 996 2872 exarata,se0rsum
1011 2827 1131 2863 etiam
1145 2828 1185 2864 in
1199 2828 1334 2864 codice
1350 2828 1475 2874 posita
1490 2834 1565 2865 est.
1583 2828 1696 2862 Edita
1711 2834 1802 2863 sunt

166 2877 284 2973 hugus
296 2882 539 2974 mozumenti
555 2882 632 2919 duo
649 2882 869 2930 fragmenta
886 2884 936 2920 de
950 2885 1106 2932 studiis,
1125 2886 1165 2922 in
1182 2887 1365 2922 Monum.
1383 2888 1552 2934 Paedag
1563 2915 1569 2923 .
1581 2916 1591 2931 ,
1606 2898 1694 2933 pag.
1716 2895 1799 2932 795,

168 2947 215 2972 eu
266 2949 307 2975 n.
330 2947 368 2974 Π
403 2966 414 2975 .

235 2998 253 3019 “
301 2998 346 3034 In
361 3000 541 3055 catalogo
558 3001 715 3047 collegii
735 3003 964 3050 moguntini,
986 3016 1103 3052 supra
1120 3006 1256 3051 citato,
1271 3007 1367 3041 haec
1381 3006 1588 3041 habentur:
1610 3006 1800 3041 «Mathias

167 3053 372 3103 Homeris,
392 3058 637 3107 treuirensis,
655 3060 806 3097 auditor
823 3068 885 3098 est
902 3063 1098 3100 secundae
1115 3065 1253 3101 classis
1270 3064 1584 3111 grammatices.»
