2098 3470
279 0 653 55 Wx‘wvffi
662 0 814 31 ῖκῖὲτκῖῖᾛ
832 0 868 29 21>
885 0 1012 22 r
1026 7 1033 14 ν
1049 0 1052 3 ’
1070 4 1080 25 τ
1178 9 1184 12 -

272 43 405 75 ἵβζλῂκι
416 44 434 57 1
453 46 461 63 2
507 52 522 71 V.
538 47 591 71 ,*.'..1
604 51 609 55 .
699 60 710 68 Δ,
813 46 820 58 ι
843 60 859 74 ,;
875 51 877 53 -
958 51 963 58 ;

662 230 1001 268 Annon-nonus
1024 227 1351 274 conones—64
1703 227 1773 272 627

182 333 323 386 rales;
348 332 472 376 nulla
493 345 605 375 uero
622 345 745 375 noua
765 329 1050 375 consuetudo
1070 327 1312 386 generalis,
1334 328 1407 372 uel
1424 327 1725 384 particularis,
1745 327 1820 371 uel

186 407 348 467 regula
371 409 462 453 vim
485 417 504 435 Β
524 408 729 453 obtineat
749 407 1010 451 inconsulto
1031 405 1247 463 generali.

278 486 624 531 Conferendum
647 499 752 529 curn
777 487 913 528 Patre
932 484 1055 541 quod
1083 483 1268 540 regulas
1294 496 1562 526 communes
1583 481 1630 524 in
1654 483 1823 525 Portu-

137 606 140 610 ,
185 548 341 620 gallia
351 563 525 618 aliquas
547 561 859 620 expunxerim,
881 561 954 606 uel
975 561 1031 603 ad
1048 559 1268 604 rationem
1285 558 1485 617 regionis
1501 559 1824 602 accommoda-

194 640 353 685 uerim.

272 718 357 761 An
381 717 646 761 retinendus
668 715 728 759 sit
750 730 861 760 usus
881 714 1064 758 diaconi
1085 721 1132 758 et
1151 712 1418 757 subdiaconi
1440 713 1486 756 in
1508 712 1716 769 collegiis
1744 712 1823 755 ali-

190 793 363 850 quibus
386 793 651 850 Hispaniae,
676 800 787 846 etc.,
810 793 900 836 hoc
921 798 1008 844 est,
1026 792 1436 847 Caesaraugustae.

283 872 360 915 An
382 870 441 913 sit
468 869 487 896 b
514 870 560 913 in
599 869 880 926 Portugallia
915 868 1275 912 introducendus
1305 874 1469 911 cantus
1505 866 1745 910 missarum
1782 873 1828 911 et

193 962 490 1004 uesperarum
512 947 673 992 diebus
693 945 931 990 dominicis
949 953 997 989 et
1017 944 1160 990 festis.

287 1025 451 1068 Modus
472 1024 870 1068 confessionalium
891 1037 920 1078 4
940 1022 1133 1075 sedium,
1157 1022 1236 1065 ubi
1257 1022 1401 1066 nostri
1427 1021 1620 1066 audiunt
1647 1021 1830 1064 confes-

198 1101 366 1163 siones,
390 1101 429 1144 is
450 1102 617 1158 placet,
643 1101 719 1157 qui
742 1101 788 1144 in
809 1100 1055 1146 Germania
1073 1107 1144 1143 est
1163 1099 1373 1151 vsitatus,
1403 1107 1454 1142 vt
1480 1099 1599 1142 duae
1619 1098 1711 1141 sint
1737 1098 1831 1141 cel-

202 1178 337 1230 lulae,
357 1178 559 1234 Vndique
579 1166 808 1222 asseribus
824 1183 1102 1229 constanteS,
1120 1184 1436 1233 praeterquam
1454 1177 1577 1231 quod
1594 1174 1684 1218 sint
1701 1162 1833 1232 aptae

202 1261 476 1308 extrorsum,
496 1261 542 1299 et
564 1255 784 1298 craticula
805 1254 1057 1299 intercedat
1076 1253 1122 1297 in
1143 1253 1330 1311 pariete,
1348 1253 1427 1309 qui
1443 1252 1607 1296 diuidit
1622 1252 1831 1304 cellulas,

199 1331 334 1376 fortis
355 1331 556 1388 quidem,
580 1332 660 1375 sed
688 1331 784 1375 suis
810 1331 964 1388 paruis
990 1330 1285 1374 foraminibus
1311 1330 1540 1383 distincta,
1566 1336 1743 1373 tantum
1777 1329 1834 1375 ad

199 1407 331 1452 vocis
363 1407 685 1465 receptionem.
721 1410 786 1451 Ea
814 1415 885 1453 est
911 1423 968 1453 ex
994 1407 1171 1452 laminis
1193 1407 1349 1451 ferreis
1370 1406 1606 1451 exalbatis:
1630 1406 1677 1449 in
1699 1407 1840 1450 altera

200 1485 341 1530 -sedes
360 1491 430 1528 est
459 1491 505 1529 et
532 1485 896 1532 sustentaculum
923 1485 981 1528 ad
1010 1483 1254 1537 sinistram;
1286 1485 1335 1527 in
1370 1485 1511 1528 altera
1547 1483 1838 1528 commodum

205 1560 565 1616 reclinatorium,
590 1576 683 1617 quo
704 1561 908 1604 nitantur
928 1560 1159 1618 genuflexi
1179 1561 1453 1605 confitentes
1473 1568 1505 1604 ⁰.

297 1639 476 1694 Pragae
497 1653 588 1681 non
618 1638 841 1694 recipiunt
868 1638 999 1682 facile
1027 1645 1077 1681 ut
1103 1638 1389 1694 appellentur
1411 1638 1687 1683 sacerdotes,
1722 1639 1840 1680 Tum

206 1729 321 1758 num
348 1715 408 1759 sit
435 1730 564 1759 mens
594 1715 759 1768 Patris,
791 1722 842 1758 ut
868 1715 927 1758 sit
947 1715 1094 1759 media
1120 1717 1232 1759 hora
1259 1715 1462 1760 exercitii
1493 1715 1755 1772 corporalis,
1792 1722 1842 1758 ut

212 1791 394 1836 uidetur
415 1806 516 1836 esse
538 1792 867 1849 praescriptum
889 1791 935 1835 in
958 1792 1130 1849 regulis
1151 1791 1171 1818 ‘¹
1192 1793 1394 1837 rectoris.

298 1870 376 1913 An
391 1868 551 1925 pueris
572 1869 813 1913 Societatis
829 1868 971 1926 possit
990 1869 1196 1923 concedi,
1222 1877 1272 1914 ut
1291 1870 1452 1913 ludant
1468 1870 1712 1927 aliquando
1730 1877 1844 1914 tem-

205 1960 321 2002 pore
342 1945 509 2001 quietis
531 1953 633 2002 post
657 1945 915 2002 prandium,
939 1960 999 1991 ne
1018 1947 1131 1990 fiant
1149 1947 1485 1992 melancholici.

301 2022 613 2075 Scholasticis,
641 2027 718 2078 qui
740 2038 834 2066 non
856 2023 1235 2080 suntapprobati,
1260 2032 1410 2081 potest
1430 2039 1487 2068 ex
1509 2024 1845 2068 constitutioni-

212 2100 300 2143 bus
323 2100 425 2156 plus
452 2099 548 2143 dari
579 2099 792 2156 temporis
821 2099 1051 2154 orationis3
1076 2115 1180 2145 nam
1201 2102 1352 2145 adhuc
1376 2109 1642 2158 reputantur
1664 2100 1842 2154 nouitii3

212 2175 277 2220 ita
298 2177 429 2221 fieret
450 2190 669 2233 magnum
694 2177 1012 2233 compendium
1036 2178 1250 2235 temporis
1269 2180 1326 2222 ad
1347 2179 1613 2224 orationem.

305 2255 369 2298 Vt
391 2268 569 2306 eorum,
594 2253 689 2309 qui,
710 2248 783 2298 uel
806 2269 832 2297 a
848 2254 982 2297 nobis
998 2253 1157 2298 iniussi
1172 2255 1429 2309 discedunt,
1451 2257 1522 2300 uel
1539 2256 1845 2311 dimittuntur,

216 2331 293 2375 uel
308 2338 474 2387 petunt
491 2337 542 2373 ut
558 2330 667 2386 ipsis
684 2338 789 2373 uota
809 2331 1059 2384 soluantur,
1078 2333 1153 2376 uel
1174 2326 1251 2389 qui
1272 2342 1380 2376 sunt
1402 2333 1559 2390 inepti,
1584 2349 1642 2378 ne
1663 2334 1842 2376 soluan-

72 2400 117 2463 j„-
216 2413 294 2450 tur
316 2407 447 2451 facile
470 2415 592 2450 uota.
620 2406 711 2449 Illis
732 2406 942 2450 iubeatur
962 2415 1013 2451 ut
1034 2407 1080 2451 in
1102 2409 1290 2453 seruitio
1312 2411 1503 2453 alicuius
1525 2410 1744 2453 ecclesiae
1776 2411 1848 2452 uel

81 2477 93 2491 r
149 2475 155 2478 .

219 2483 407 2540 praelati
429 2484 535 2536 sint,
561 2483 826 2539 praesertim
849 2483 886 2527 si
908 2498 1013 2540 spes
1029 2485 1206 2542 concipi
1226 2487 1369 2543 possit
1391 2487 1435 2529 in
1460 2487 1657 2530 Domino
1675 2489 1759 2529 hac
1779 2501 1847 2529 ra-

220 2559 348 2604 tione
372 2561 574 2604 futurum
599 2567 647 2602 vt
669 2561 726 2603 ad
744 2561 909 2603 bonam
926 2568 1122 2605 mentem
1142 2563 1344 2619 redeant,
1364 2578 1447 2606 nec
1470 2563 1848 2606 existimationem

164 2692 168 2693 ⁷
219 2635 403 2681 interim
428 2637 671 2682 Societatis
693 2636 784 2679 sint
806 2637 942 2680 lesuri
964 2645 998 2682 ⁶.

293 2807 312 2825 a
360 2797 447 2832 Hoc
466 2798 576 2832 verb.
596 2797 746 2832 addidit
764 2797 857 2833 Nat.
916 2817 939 2822 -
964 2799 982 2825 b
1007 2788 1090 2833 siht
1106 2810 1179 2836 ms.
1229 2810 1294 2828 —c
1318 2801 1415 2835 Tota
1434 2801 1530 2835 haec
1549 2801 1813 2847 paragraphus
1830 2813 1852 2835 a

222 2855 315 2892 Nat.
335 2862 496 2894 exarata
520 2862 595 2900 θεῖς
615 2868 705 2891 nam
729 2856 836 2902 prius
860 2857 956 2891 haec
974 2861 1124 2893 tantum
1148 2858 1188 2894 in
1206 2870 1252 2895 ea
1269 2860 1527 2896 habebantur:
1550 2861 1608 2895 De
1628 2861 1742 2895 modo
1765 2872 1851 2896 con-

214 2915 504 2962 fessionalium
528 2925 555 2959 4
571 2916 743 2959 sedium,
761 2916 830 2950 ubi
853 2915 981 2950 nostri
997 2917 1175 2953 audiunt
1191 2918 1467 2965 confessiones,
1483 2919 1614 2965 placet
1631 2931 1731 2965 quae
1741 2919 1852 2966 fiunt

224 2974 270 3010 in
286 2973 527 3011 Germania.
578 2976 647 3002 —d
673 2974 830 3022 regulis
843 2975 887 3009 in
902 2986 974 3011 ms.
1026 2985 1088 3003 -e
1107 2976 1217 3013 Haec
1233 2978 1381 3023 ultima,
1409 2990 1430 3013 a
1457 2978 1587 3013 verbis
1608 2979 1854 3024 praesertim

84 3020 116 3050 f.
159 3049 170 3055 ’ν
224 3032 262 3068 si
278 3036 377 3080 spes,
397 3045 514 3070 manu
531 3034 622 3071 Nat.
642 3033 774 3069 addita
791 3038 895 3069 sunt.
