2098 3470
311 311 380 358 278
785 314 940 350 PATms
964 314 1207 350 Hrznonvm
1232 314 1384 350 NADAL

265 413 518 457 doctrinam
541 414 848 468 christianam,
874 422 919 460 et
938 430 1151 460 exercere
1182 414 1631 471 interrogationibus,
1658 416 1735 471 qui
1757 416 1897 460 etiam

266 498 481 546 poterunt
502 492 669 536 addere
691 491 859 548 aliquid
879 491 1191 548 explicationis
1213 492 1365 535 breuis
1386 499 1431 535 et
1455 492 1814 536 familiarissime.

353 567 578 612 Videatur
600 568 734 613 etiam
763 583 819 612 an
851 569 1094 612 conueniat
1126 568 1368 623 aliquando
1399 568 1577 612 mittere
1610 569 1803 623 aliquem
1835 584 1898 613 ex,

265 643 433 687 nostris
456 646 512 687 ad
534 659 694 701 pagos,
719 645 1091 688 concionaturum
1116 659 1219 687 cum
1241 645 1368 689 socio
1390 645 1701 690 selectissimo.

355 721 554 765 Curetur
575 729 624 764 vt
646 722 806 765 fratres
827 722 980 764 lauent
1003 736 1163 764 manus
1185 735 1212 764 a
1233 721 1436 778 prandio.

353 797 714 842 Accuratissime
740 799 816 843 det
843 813 1023 854 operam
1063 806 1213 840 rector
1249 813 1307 842 ne
1338 800 1602 850 comedatur
1637 799 1767 855 panis
1797 807 1894 843 tam

262 887 436 918 recens.
1922 934 1925 938 .

349 952 398 993 In
417 951 741 995 concludendis
757 952 1006 995 rationibus
1023 967 1127 995 cum
1145 953 1348 1006 Occhoa‚
1362 951 1472 994 nihil
1490 951 1624 995 faciat
1639 959 1787 995 rector
1804 966 1894 995 nec·

260 1027 553 1083 prouincialis
574 1030 745 1085 absque
766 1029 1064 1074 instructione
1080 1045 1106 1073 a
1125 1032 1176 1073 P.
1199 1028 1415 1082 Victoria;
1441 1029 1579 1071 immo
1596 1043 1705 1072 uero
1720 1043 1894 1073 censeo

259 1111 310 1146 ut
333 1111 481 1148 totum
505 1105 740 1161 negotium
763 1106 826 1148 illi
848 1106 1170 1151 committatur.
1830 1155 1833 1156 ⁷

346 1181 395 1225 Si
417 1181 553 1238 (quod
574 1182 798 1226 Dominus
818 1184 1007 1238 auertat)
1032 1189 1289 1239 aegrotaret
1311 1182 1373 1226 ita
1390 1189 1537 1225 rector
1555 1182 1735 1240 collegii
1757 1183 1885 1226 vien-

256 1258 425 1310 nensis,
447 1266 605 1301 utnon
627 1252 787 1315 posset*
798 1261 905 1304 dare
927 1274 1109 1316 operam
1133 1259 1468 1316 gubernationi,
1489 1260 1676 1303 absente
1697 1259 1885 1316 prouin-

253 1334 373 1387 ciali,
400 1337 486 1379 Mr.
513 1337 550 1378 F
553 1335 783 1379 ranciscus
817 1338 825 1357 ¹
850 1344 1002 1392 posset
1029 1351 1130 1380 esse
1157 1336 1424 1390 vicerector‚
1451 1343 1496 1380 et
1527 1338 1578 1379 P.
1599 1335 1889 1389 *Victoria„si

254 1413 449 1464 adesset,
486 1404 884 1469 superintendens:
920 1414 1041 1468 quod
1069 1413 1251 1468 utrique
1278 1413 1455 1457 dicetur
1483 1412 1664 1456 nomine
1692 1427 1807 1466 meo;
1839 1421 1886 1456 et

253 1496 404 1533 tamen
434 1488 742 1545 prouincialis,
773 1489 847 1532 vbi
878 1490 1070 1545 primum
1100 1489 1145 1532 id
1174 1490 1325 1541 sciret,
1357 1490 1492 1534 debet
1521 1489 1678 1533 uenire
1708 1489 1766 1532 ad
1797 1491 1890 1532 hoc

253 1565 515 1622 collegium,
541 1580 632 1622 quo
659 1580 762 1609 curn
784 1567 1058 1622 perueniret,
1084 1574 1284 1611 cessaret
1305 1566 1380 1609 ille
1407 1567 1534 1619 ordo;
1565 1565 1746 1622 collegii
1775 1580 1891 1610 uero

254 1642 627 1687 commensalium
650 1651 802 1699 posset
823 1657 923 1687 esse
945 1643 1195 1687 vicerector
1217 1643 1262 1685 in
1285 1642 1362 1686 illo
1383 1657 1492 1686 casu
1521 1644 1606 1686 Mr.
1639 1642 1883 1699 Wolfgan-

255 1733 361 1776 gus,
386 1719 604 1762 adiuncto
625 1719 688 1762 illi
710 1719 832 1762 socio
848 1722 920 1777 Jo.
947 1719 1165 1763 Antonio.

1026 1849 1107 1892 48

1044 1945 1074 2002 ἢ.

588 2039 962 2084 INSTRUCTIO
997 2027 1122 2083 'PRO
1156 2041 1208 2082 P.
1245 2039 1543 2082 VICTORIA

778 2148 931 2178 FACTA
962 2149 991 2178 A
1020 2149 1062 2178 P.
1096 2148 1286 2178 NATALE
1309 2134 1342 2176 ⁹.

942 2248 1059 2276 ANNO
1089 2239 1193 2285 1563.

339 2336 411 2381 Sit
447 2344 684 2392 exemptus
719 2335 996 2391 simpliciter,
1031 2342 1077 2378 et
1112 2334 1371 2379 immediate
1407 2335 1640 2378 subiectus
1676 2334 1881 2391 generali

250 2413 508 2470 praeposito
530 2420 575 2457 et
596 2412 720 2465 mihi,
745 2413 889 2455 donec
905 2412 1084 2456 veniam
1107 2411 1388 2456 Tridentum.

315 2526 325 2546 ¹
380 2526 423 2562 P.
445 2525 675 2561 Franciseus
694 2524 843 2571 Sunye,
861 2524 927 2571 qui
946 2524 984 2559 in
1008 2525 1187 2570 catalogo
1210 2523 1496 2559 vindobonensi
1514 2523 1605 2559 anni
1627 2523 1713 2568 1561
1733 2523 1884 2560 dicitur

251 2585 496 2632 «praefectus
513 2584 650 2620 domus
672 2583 951 2626 convictorum,
971 2585 1091 2619 lector
1109 2584 1332 2630 hispanus».
1351 2582 1413 2619 Cf.
1434 2582 1473 2618 in
1493 2583 1621 2629 Epist.
1648 2583 1696 2618 P.
1722 2583 1880 2624 Nadal,

242 2646 296 2691 ΙΙ,
316 2646 386 2690 476
413 2650 453 2680 et
472 2655 556 2689 549,
583 2655 748 2679 examen
771 2644 821 2678 ab
844 2643 981 2678 eodem
1006 2643 1209 2689 scripturn,
1227 2642 1294 2678 ubi
1319 2642 1403 2689 ipse
1427 2653 1567 2677 nomen
1597 2653 1711 2677 suum
1741 2642 1883 2678 scribit

245 2706 378 2750 Sunya
397 2709 436 2739 et
454 2714 531 2739 non
552 2702 703 2739 Sunier
720 2713 793 2737 nec
812 2702 983 2748 Szmyer,
1010 2703 1067 2736 uti
1090 2701 1316 2749 frequenter
1339 2701 1525 2747 scriptum
1549 2700 1756 2747 reperitur.
1775 2699 1882 2736 Vide

241 2764 440 2809 catalogos
459 2762 774 2798 vindobonenses
792 2761 891 2796 infra
909 2763 1091 2807 prolatos

309 2825 323 2844 ²
376 2823 434 2857 Ex
454 2822 681 2868 archetypo,
701 2820 850 2855 Natalis
868 2832 983 2855 manu
1002 2825 1187 2856 annotato
1206 2825 1246 2855 et
1264 2819 1484 2865 emendato,
1511 2818 1551 2854 in
1575 2817 1710 2854 codice
1735 2818 1874 2854 Natat.

239 2883 358 2917 instr.
383 2880 545 2924 Germ„
571 2885 737 2927 quatuor
759 2878 876 2925 foliis,
907 2887 1100 2924 Izzr·125r
1124 2878 1325 2924 (193·195).
1348 2879 1527 2913 Alterum
1546 2878 1768 2923 exemplum
1787 2887 1881 2924 apo-

232 2942 425 2988 graphum
440 2951 628 2976 coaevum
646 2938 761 2986 hujus
780 2938 1048 2974 instructionis
1062 2939 1229 2974 habetur
1243 2938 1282 2973 in
1296 2937 1432 2973 codice
1446 2938 1639 2972 Instruct.
1657 2937 1691 2978 1,
1707 2935 1772 2972 fol.
1794 2945 1873 2981 142.

240 3000 345 3035 Huic
374 3005 626 3035 monumento
657 2997 863 3034 scribendo
893 2997 1137 3033 occasionem
1172 2996 1351 3044 praebuit
1385 3006 1522 3032 recens
1558 2995 1723 3032 mutatio
1758 2995 1878 3031 officii·

233 3060 276 3096 P.
298 3058 510 3100 Victoriae,
526 3064 565 3093 et
579 3058 828 3093 difficultates
846 3061 1005 3091 exortae
1025 3068 1073 3091 ex
1087 3056 1202 3102 hujus
1217 3068 1305 3092 curn
1321 3055 1630 3091 moderatoribus
1645 3053 1878 3101 provinciae

236 3119 315 3154 imo
334 3123 373 3154 et
392 3118 510 3153 totius
530 3117 737 3153 Societatis
755 3115 1080 3159 dissensionibus,
1101 3127 1196 3163 quas
1220 3115 1307 3150 fuse
1332 3120 1518 3150 tractatas
1542 3114 1714 3160 reperies
1738 3113 1777 3149 in
1800 3113 1873 3149 Ca-
