2098 3470
355 282 426 310 212
828 277 983 315 PATms
1008 279 1251 316 Hinnomw
1278 282 1430 318 NADAL

395 377 531 420 Domi
563 383 716 422 teneat
748 378 844 434 ipse
872 394 952 435 per
979 394 1028 424 se
1056 395 1237 426 omnem
1270 382 1555 439 disciplinam
1587 384 1941 430 ecclesiasticam

308 452 355 495 in
379 452 585 496 oratione
607 461 653 496 et
676 454 800 498 horis
821 456 1067 510 canonicis,
1094 457 1139 500 in
1159 458 1385 503 audiendo
1401 474 1530 503 sacro
1545 460 1765 516 quotidie,
1783 462 1830 505 in
1849 463 1942 506 fre-

307 529 465 585 quenti
503 529 668 574 missae
700 532 1021 587 celebratione3
1057 534 1135 578 det
1168 549 1277 578 uero
1308 550 1491 592 operam
1525 544 1574 579 ut
1605 537 1662 579 sit
1694 537 1944 594 spiritualis

308 608 464 660 homo,
495 614 541 650 et
569 607 825 653 meminerit
853 624 903 655 se
931 624 1031 654 esse
1062 611 1362 655 constitutum
1392 620 1437 656 et
1464 621 1678 657 vocatum
1702 629 1726 658 a
1756 617 1854 660 Deo
1881 618 1939 660 ad

307 682 600 739 perfectionis
634 684 887 740 adquisitae
909 694 1093 740 statum3
1120 695 1165 730 et
1194 702 1285 731 non
1318 690 1463 732 solum
1492 689 1540 732 in
1567 704 1616 733 se
1643 691 1809 736 debere
1840 706 1945 737 esse·

307 761 560 816 perfectum
583 761 830 816 hominem,
857 762 968 822 se[d]
991 779 1089 806 eam
1114 764 1333 809 rationem
1358 765 1492 810 etiam
1516 780 1564 810 se
1586 768 1752 812 habere
1774 769 1946 814 debere·

306 837 508 893 spiritus,
545 845 590 882 et
621 838 857 883 doctrinae
890 841 1169 895 facultatem,
1205 856 1295 897 qua
1322 843 1464 898 possit
1495 843 1606 887 alios
1629 845 1778 890 faeere
1805 846 1939 902 spiri-

309 915 470 958 tuales.

394 991 690 1048 Disciplinam
727 1000 773 1037 et
810 1008 986 1036 morum
1025 995 1314 1039 honestatem
1343 995 1583 1040 instituant
1615 1011 1668 1040 ac
1697 1005 1858 1042 curent
1893 998 1942 1042 in

307 1069 427 1112 aula.

397 1148 598 1190 Possunt
619 1147 824 1192 suauiter
846 1155 891 1192 et
914 1149 1152 1191 commode
1174 1149 1339 1193 adduci
1362 1157 1413 1192 ut
1435 1150 1618 1203 faciant,
1641 1158 1691 1195 ut
1707 1144 1942 1208 poterunt,

307 1223 467 1267 saltem
491 1238 581 1267 vna
609 1224 722 1267 hora
751 1224 952 1280 quotidie
982 1225 1196 1269 exercitia
1224 1225 1490 1282 spiritualia,
1521 1234 1582 1280 et,
1614 1227 1732 1271 facta
1761 1230 1938 1273 confes-

241 1294 245 1296 *
307 1300 435 1345 sione
457 1300 676 1357 generali,
702 1301 941 1344 instituant
964 1301 1232 1346 electionem
1255 1302 1451 1358 aliquam
1474 1306 1624 1349 facere
1644 1305 1702 1349 de
1723 1305 1941 1349 reforma·

309 1378 431 1420 tione
453 1377 575 1420 vitae
597 1392 650 1421 ac
672 1385 819 1421 status
841 1378 927 1431 sui3
953 1387 998 1422 et
1021 1393 1112 1422 non
1136 1379 1368 1423 omittatur
1394 1382 1558 1424 docere
1586 1396 1665 1426 eos
1697 1390 1744 1425 ut
1774 1382 1940 1425 faciant

307 1468 498 1498 examen
521 1454 851 1510 quotidianum.

1082 1562 1170 1604 :30

1110 1652 1140 1709 †

464 1747 971 1803 QUEMADMODUM
999 1747 1437 1791 GUBERNANDA
1470 1747 1775 1792 SOCIETAS

933 1837 982 1867 IN
1012 1836 1266 1867 GERMAMIA
1303 1826 1330 1867 ¹.

396 1921 459 1964 Vt
480 1920 537 1963 de
557 1919 644 1961 hac
665 1933 714 1962 re
736 1917 913 1961 dicatur
949 1917 1217 1971 consultius,
1258 1917 1710 1968 animaduertendum
1734 1925 1803 1962 est
1825 1932 1945 1974 quae

307 1997 400 2041 sint
421 1995 531 2039 vitia
553 1993 799 2038 nationalia
820 1994 866 2037 in
889 1994 1150 2038 Germania.

379 2140 390 2161 ¹
442 2141 499 2175 Ex
511 2138 767 2185 autographo,
783 2137 822 2172 in
835 2137 1091 2184 quaternione
1106 2138 1277 2183 oblongo
1290 2136 1545 2173 dimensionis
1566 2147 1631 2184 om,
1641 2135 1711 2172 320
1727 2144 1770 2174 ><
1785 2147 1851 2181 om,
1858 2144 1940 2183 110,

303 2199 327 2235 6
341 2199 444 2235 foliis
463 2197 674 2245 majoribus
692 2208 714 2232 a
732 2207 883 2232 summo
901 2196 1082 2232 deorsum
1101 2196 1267 2243 plicatis,
1288 2208 1365 2232 non
1383 2201 1515 2231 autem
1539 2195 1698 2242 assutis,
1721 2201 1938 2242 compacto.

302 2260 459 2306 Duplex
477 2258 517 2294 in
533 2258 606 2293 hoc
623 2255 879 2304 quaternione
899 2261 1087 2291 tractatus
1106 2255 1238 2291 brevis
1255 2255 1480 2291 continetur
1497 2255 1537 2291 in
1556 2254 1662 2290 foliis
1690 2263 1721 2290 1-
1711 2262 1762 2300 -7‚
1788 2254 1942 2290 Natalis

255 2347 259 2351 .
303 2330 419 2354 manu
437 2316 615 2363 signatis,
636 2315 792 2362 seriptis
811 2320 851 2350 et
869 2314 1104 2350 emendatis.
1129 2314 1282 2350 Primus
1298 2319 1486 2350 tractatus
1504 2315 1578 2349 sub
1595 2315 1670 2350 hoc
1685 2314 1812 2352 titulo:
1837 2314 1940 2359 Que-

304 2378 566 2414 madmodum
580 2375 851 2423 gubernanda
871 2373 1046 2409 Societas
1063 2375 1108 2409 in
1129 2373 1356 2409 Germania
1375 2374 1414 2409 in
1444 2373 1590 2420 duplici
1615 2372 1708 2409 folio
1735 2382 1794 2408 1-2
1817 2372 1939 2409 conti·

301 2442 429 2473 netur.
451 2434 668 2481 Secundus,
688 2433 752 2470 cui
771 2433 908 2469 titulus
928 2434 992 2468 Ad
1016 2433 1253 2479 provincias
1288 2432 1536 2468 Germaniae
1557 2432 1770 2479 juvandas
1792 2434 1879 2475 etc„
1899 2431 1940 2468 in

299 2496 403 2532 foliis
421 2495 483 2540 3-7
501 2493 710 2541 reperitur.
737 2493 877 2527 Postea
895 2496 1112 2538 sequuntur
1130 2501 1150 2536 4
1171 2491 1262 2527 folia
1280 2502 1375 2538 pura
1393 2502 1471 2526 non
1489 2490 1656 2536 signata.
1677 2489 1782 2528 Olim
1808 2500 1829 2536 5
1847 2490 1941 2527 folia

300 2566 423 2591 vacua
441 2553 562 2590 fuisse
578 2552 774 2595 videntur,
793 2557 832 2586 at
851 2562 970 2586 unum
988 2550 1194 2597 disparuit.
1214 2551 1256 2585 In
1275 2550 1413 2586 ultimo
1432 2549 1582 2595 folio‚„a
1605 2555 1732 2596 tergo,
1758 2550 1855 2585 haec
1880 2550 1939 2585 in-

300 2613 460 2661 scriptio
478 2612 719 2658 autographa
737 2609 887 2646 Natalis
906 2611 1084 2648 habetur:
1117 2610 1256 2645 Vtilia.
1282 2609 1371 2644 Alia
1396 2621 1512 2644 manu
1536 2609 1708 2656 antiqua:
1737 2608 1940 2653 Quemad-

300 2675 465 2709 modum
480 2671 749 2719 gubernanda
770 2668 945 2704 Societas
974 2669 1015 2703 in
1051 2668 1294 2706 Germania.
1326 2669 1387 2703 De
1417 2673 1609 2714 tempore,
1636 2678 1714 2714 quo
1731 2668 1829 2703 haec
1846 2667 1939 2703 bina

300 2731 507 2769 instructio
524 2742 545 2766 a
569 2729 699 2765 Natali
727 2727 943 2774 composita
973 2727 1061 2771 fuit,
1093 2727 1189 2763 illud
1220 2726 1476 2774 proculdubio
1507 2726 1701 2762 affirmare
1733 2737 1938 2773 possumus

300 2798 388 2840 post
406 2791 508 2826 diem
527 2790 549 2824 6
569 2788 663 2835 Julii
680 2787 771 2824 anni
788 2786 879 2831 1566
896 2787 1001 2822 illam
1020 2788 1263 2822 lucubratam
1281 2785 1417 2823 fuisse.
1437 2785 1560 2833 quue
1585 2785 1781 2822 evincitur
1806 2797 1855 2820 ex
1873 2785 1934 2832 iis,

300 2862 400 2898 quae
418 2850 467 2885 de
485 2848 658 2885 adventu
675 2846 955 2893 archiepiscopi
979 2844 1189 2881 surrentini
1207 2845 1405 2890 Dilingam
1424 2844 1646 2891 supradicto
1663 2843 1727 2879 die
1744 2844 1939 2880 habentur

299 2911 340 2946 in
358 2910 486 2956 Epist.
508 2909 557 2945 P.
573 2906 724 2948 Nadal,
744 2905 808 2951 ΙΙΙ,
832 2912 915 2949 174.
940 2905 999 2939 De
1024 2905 1097 2939 hoc
1121 2910 1253 2939 autem
1277 2903 1450 2939 adventu
1473 2909 1670 2950 tamquam
1688 2902 1738 2938 de
1762 2914 1806 2938 re
1828 2913 1936 2949 prae·

298 2969 413 3006 terita
431 2968 471 3004 in
488 2969 560 3003 hac
578 2965 835 3002 instructione
853 2963 1025 3010 loquitur
1043 2964 1206 3009 Natalis,
1227 2964 1294 2999 ubi
1311 2963 1361 2999 de
1379 2963 1493 2998 domo
1517 2962 1768 3010 probationis
1783 2962 1823 2998 in
1841 2962 1938 2998 Ger-

300 3028 427 3063 mania
444 3025 640 3062 fundanda
654 3023 826 3060 disserit.
841 3023 951 3058 Prior
965 3028 1096 3058 autem
1114 3022 1229 3068 hujus
1245 3021 1377 3069 scripti
1398 3033 1485 3068 pars
1500 3015 1729 3068 imperfecta
1745 3026 1939 3063 remanet;

300 3099 372 3123 nec
391 3086 502 3122 ullibi
522 3085 626 3121 illam
645 3083 858 3131 perfectam
877 3083 1106 3127 reperimus.
