2098 3470
536 253 670 290 INDEX
695 260 995 298 Pensomumu,
1021 261 1165 289 numm
1190 263 1246 290 Ac
1271 263 1471 291 LOCORUM
1703 265 1770 302 911

225 353 527 401 conceptionem
561 352 848 389 immaculatam
888 352 960 388 de-

228 412 375 459 fendit,
401 413 489 459 690,
516 411 608 459 693,
634 412 724 457 699,
756 419 848 457 701,
872 419 958 457 720:

227 472 358 508 crucis
380 472 529 509 Christi
551 482 685 507 amans
708 476 749 506 et
774 476 959 515 sectator,

227 530 314 578 6913
339 538 384 568 ut
413 531 591 578 Ignatius
616 541 727 566 suam
753 530 873 566 vitam
899 530 960 566 lit-

224 591 320 627 teris
356 589 534 636 mandet,
570 591 825 625 vehementer
857 589 960 625 desi-

224 649 357 696 derat,
398 650 488 695 692:
527 660 737 696 germanos
772 648 959 695 peculiari

224 711 356 749 studio
385 711 648 760 prosequitur,
672 710 846 756 693-696,
871 709 958 756 698,

220 770 304 817 699,
329 771 414 817 716,
440 779 524 817 721,
545 779 631 816 7223
655 769 958 806 constitutiones

220 834 263 866 et
306 831 462 876 regulas
507 829 717 866 Societatis
762 829 958 865 illustrare

220 894 395 936 exoptat,
407 889 492 934 695:
508 889 650 936 Ignatii
664 888 815 924 obitum
828 887 957 935 Septi·

220 947 368 984 mancis
383 948 517 993 rescit,
534 949 619 995 697;
639 947 816 994 ejusdem
838 947 957 982 virtu·

219 1012 280 1043 tes
296 1006 441 1043 imitari
459 1007 606 1052 studet,
624 1006 709 1052 698,
727 1015 811 1052 7253
839 1016 956 1052 ange-

175 1076 178 1077 ’
218 1067 299 1102 lum
310 1066 515 1103 custodem
526 1066 737 1102 Societatis
745 1065 956 1112 propitium

219 1125 354 1169 habet,
381 1134 469 1172 7003
493 1124 743 1173 reliquiarum
772 1129 957 1160 contactu

217 1183 456 1228 consolatus,
481 1192 567 1228 7023
593 1183 727 1219 divino
751 1182 887 1218 favore
916 1181 956 1217 in

217 1241 425 1279 Societatis
455 1243 706 1279 tribulatione
739 1247 954 1285 recreatus,

215 1308 303 1347 704,
325 1309 410 1346 7103
435 1301 578 1337 summi
602 1301 798 1348 pontificis
823 1301 954 1336 obser-

218 1360 484 1406 vantissimus,
516 1369 602 1408 704,
635 1369 722 1406 7053
753 1360 840 1406 ejus
868 1359 954 1395 dies

214 1419 506 1464 genethliacus,
547 1428 638 1465 7173
672 1418 830 1465 collegii
863 1429 954 1454 con-

214 1477 372 1514 chensis
395 1478 632 1515 institutioni
657 1479 843 1523 interest,
867 1476 954 1522 735-

214 1533 300 1580 7373
323 1531 564 1572 Placentiam
590 1537 768 1582 veniens,
801 1535 954 1572 litteras

214 1595 320 1642 regis
338 1595 552 1643 Hispaniae
573 1595 729 1642 accipit,
754 1594 840 1640 738,
866 1593 952 1640 739,

215 1661 301 1699 754,
330 1655 415 1701 7603
443 1654 694 1701 Complutum
717 1665 762 1690 se
784 1654 951 1700 confert,

215 1712 425 1749 Araozium
449 1714 632 1760 consulit,
664 1724 734 1760 per
762 1725 853 1749 eum
883 1713 953 1749 So-

213 1771 397 1808 cietatem
427 1771 639 1808 defendere
672 1773 831 1818 satagit,
864 1771 953 1818 739-

211 1837 297 1877 74ος
314 1831 414 1878 regii
437 1831 591 1868 consilii
614 1831 886 1868 auctoritatem
912 1831 952 1868 in

213 1889 424 1926 Societatis
445 1890 637 1937 regimine
662 1896 833 1935 recusat,
864 1900 950 1936 741-

210 1956 295 1998 7443
314 1948 574 1996 provinciales
591 1955 782 1986 convocat
807 1955 849 1984 et
873 1951 950 1986 col-

212 2007 359 2054 legium
387 2010 658 2055 complutense
687 2008 837 2054 invisit,
864 2008 951 2054 743-

211 2073 295 2112 745;
314 2067 538 2113 provinciae
562 2068 758 2107 toletanae
784 2067 955 2114 collegia:

212 2126 366 2171 lustrat,
384 2126 567 2171 745·746;
587 2126 771 2161 Baeticae
797 2126 949 2172 provin·

210 2185 295 2221 ciae
321 2185 476 2220 Patrem
502 2186 618 2221 Plaza
644 2185 832 2232 praeficit,
863 2194 949 2234 7503

209 2254 298 2280 cum
318 2243 365 2280 P.
389 2244 559 2290 Aegidio
577 2244 776 2291 Gonzfflez
795 2245 946 2290 Davila,

208 2299 405 2339 Castellae
438 2303 607 2349 collegia
625 2303 780 2347 visitat,
799 2304 839 2339 in
858 2304 949 2340 Gal-

209 2360 300 2398 liam
329 2373 374 2398 se
403 2361 581 2398 conferre
616 2362 775 2408 statuit,
801 2371 893 2408 751;
928 2375 950 2398 a

213 2431 310 2467 rege
326 2421 506 2468 Philippo
522 2421 680 2467 jubetur
691 2422 824 2457 curiae
842 2433 885 2458 se
899 2422 949 2458 si-

212 2484 317 2515 stere
339 2486 380 2516 et
404 2480 612 2517 facultates
635 2481 838 2527 exhibere,
862 2490 950 2527 752-

210 2537 292 2585 753‚
325 2539 508 2584 756-757;
536 2539 585 2575 ad
609 2545 871 2586 augustanum
889 2552 949 2576 re-

210 2608 365 2633 cessum
378 2609 402 2633 a
419 2598 490 2634 Pio
507 2599 543 2633 V
561 2598 741 2642 mittitur,
762 2608 828 2644 771
839 2599 948 2644 -773,

210 2655 492 2691 haereticorum
522 2655 751 2692 insolentias
777 2663 946 2702 enarrat;

217 2712 388 2759 773-7773
403 2725 511 2750 suam
526 2726 595 2761 per
606 2715 772 2761 collegia
788 2716 948 2752 Germa-

210 2772 297 2808 niae
308 2773 598 2819 expeditionem
610 2774 787 2811 ordinate
798 2776 947 2821 scribit,

209 2831 392 2878 778·792.·,
426 2832 671 2868 Monaehium
702 2834 830 2878 venit,
862 2844 949 2880 777-

209 2890 291 2938 778‚
317 2890 403 2936 784;
430 2891 725 2938 Ingolstadium,
752 2893 837 2940 778,
864 2894 948 2943 784;

210 2951 448 2997 Augustam,
491 2951 680 2999 778·779;
727 2954 925 3000 Dilingam
940 2982 949 2999 ,

210 3009 392 3055 779-78o‚
418 3010 507 3056 7843
538 3011 824 3058 vindobonam,
858 3013 945 3058 780-

1078 352 1163 398 7823
1194 354 1365 400 Magium
1400 355 1584 392 Austriae
1604 357 1820 403 provincia·

1080 413 1156 448 lem
1175 415 1387 460 renuntiat,
1410 416 1598 463 Lanojum
1622 415 1819 464 Oenipon·

1080 477 1159 507 tem
1178 472 1311 519 mittit,
1331 475 1568 520 Tyrnaviarn
1592 482 1632 511 et
1658 474 1820 513 Olomu·

1081 531 1178 566 tium
1204 534 1324 578 venit,
1346 534 1519 580 pericula
1545 535 1585 571 in
1611 535 1819 571 itineribus

1078 590 1200 637 subit,
1218 590 1402 636 780-783‚
1431 593 1516 639 789,
1540 602 1623 640 7943
1651 594 1817 640 Pragam

1079 651 1265 693 excurrit,
1280 652 1488 697 collegium
1508 652 1657 698 invisit,
1676 664 1818 700 resque

1079 708 1184 744 illius
1209 710 1317 745 urbis
1345 718 1515 757 enarrat,
1532 712 1704 756 782-7843
1726 711 1817 747 inde

1077 765 1341 814 Oenipontem
1376 777 1416 804 et
1451 770 1717 817 Herbipolim,
1747 771 1817 806 hu-

1073 824 1216 873 jusque
1234 827 1392 874 collegii
1405 827 1673 865 fundationem
1691 836 1812 876 parat,

1076 885 1253 931 784·785;
1273 887 1321 922 ad
1339 889 1550 924 rhenanam
1574 889 1813 936 provinciam

1076 949 1118 979 et
1147 944 1367 981 Flandriam
1402 946 1615 994 accedens,
1648 948 1816 994 collegia

1075 1002 1229 1050 Spirae,
1249 1005 1487 1051 Moguutiae,
1506 1006 1708 1052 Coloniae,
1723 1007 1815 1043 Tre-

1075 1061 1261 1107 virorum,
1277 1062 1455 1109 Lovanii,
1474 1063 1625 1110 Leodii,
1644 1063 1816 1100 Dionan-

1075 1119 1128 1166 ti,
1159 1119 1236 1156 Sti.
1264 1120 1513 1167 Audomaris,
1535 1123 1717 1168 Tornaci,
1742 1123 1809 1159 Ca-

1075 1179 1220 1216 meraci
1250 1186 1289 1215 et
1315 1181 1438 1216 Duaci
1466 1183 1689 1228 perlustrat,
1715 1182 1816 1218 ordi-

1074 1244 1154 1282 nat,
1176 1238 1499 1275 instructionibus
1515 1246 1555 1275 et
1569 1241 1718 1286 regulis
1733 1253 1813 1276 mu-

1074 1295 1147 1340 nit,
1165 1295 1386 1332 dotationes
1405 1307 1598 1343 congruas
1616 1304 1814 1345 procurat,

1074 1355 1396 1403 temporibusque
1431 1356 1641 1392 subcisivis
1679 1364 1815 1393 contra

1074 1414 1292 1450 haereticos
1311 1416 1374 1450 vel
1393 1414 1442 1450 de
1460 1417 1578 1451 rebus
1602 1416 1813 1452 Societatis

1073 1474 1223 1521 scribit,
1254 1474 1439 1522 785-7923
1477 1477 1719 1523 Antuerpiae
1746 1476 1797 1512 do

1045 1532 1047 1534 ’
1073 1545 1180 1570 mum
1197 1534 1310 1569 novis
1324 1534 1510 1581 operariis
1524 1541 1565 1570 et
1581 1535 1812 1583 opportunis

1074 1593 1398 1630 instructionibus
1423 1593 1472 1629 ad
1502 1594 1696 1630 utiliorem
1722 1605 1811 1641 ope-

1072 1663 1154 1687 ram
1174 1652 1362 1699 proximis
1387 1652 1603 1687 navandam
1622 1652 1806 1700 disponit,

1071 1720 1156 1759 7923
1166 1724 1215 1747 ex
1227 1713 1257 1747 F
1261 1712 1409 1747 landria
1421 1713 1460 1747 in
1474 1712 1640 1748 Galliam
1658 1713 1808 1756 transit,

1072 1771 1220 1818 ibique,
1239 1771 1512 1817 parisiensium
1536 1773 1729 1807 sociorum
1753 1784 1811 1807 re-

1071 1831 1146 1866 bus
1171 1829 1372 1874 ordinatis,
1402 1829 1618 1865 Virdunum
1649 1842 1692 1866 se
1722 1842 1813 1866 con·

1071 1888 1160 1933 fert,
1178 1888 1269 1924 inde
1286 1888 1585 1924 Camberiacum
1600 1895 1641 1924 et
1655 1889 1810 1935 Lugdu—

1070 1960 1164 1984 num
1193 1949 1386 1994 excurrit,
1420 1957 1613 1994 792-795;
1648 1949 1810 1984 Romam

1070 2007 1296 2051 revertitur,
1313 2016 1398 2052 795;
1412 2007 1559 2053 gratias
1578 2008 1743 2054 principi
1762 2008 1812 2043 de

1070 2066 1183 2102 Eboli
1218 2078 1241 2101 a
1274 2066 1458 2113 pontifice
1491 2066 1686 2113 impetrat,
1724 2068 1809 2112 796-

1069 2135 1154 2172 7973
1173 2127 1290 2171 sociis
1309 2126 1504 2172 toletanis,
1526 2126 1565 2162 in
1583 2127 1708 2173 litigio
1722 2138 1810 2162 cum

1070 2185 1326 2221 dominicanis
1344 2184 1520 2220 Patribus
1536 2192 1685 2226 exorto,
1703 2197 1811 2231 prae-

1069 2245 1213 2280 claram
1240 2254 1397 2291 operam
1428 2243 1593 2288 confert,
1624 2243 1806 2289 797-813,

1062 2303 1153 2350 *8183
1171 2304 1326 2340 Patrem
1341 2303 1439 2350 Spes
1454 2302 1807 2348 Caesaraugustam

1071 2363 1203 2410 mittit,
1223 2371 1307 2410 7993
1328 2362 1367 2396 in
1386 2362 1558 2397 Siciliam
1584 2363 1633 2397 ab
1654 2363 1809 2407 Ignatio

1070 2422 1255 2467 mittitur,
1298 2419 1488 2466 874·877;
1531 2421 1807 2467 Aphrodisium

1069 2486 1158 2527 post
1171 2480 1415 2526 naufragium
1432 2481 1626 2526 pervenit,
1636 2479 1806 2524 877-878:

1068 2541 1251 2578 Carolum
1279 2541 1535 2576 Pharaonium
1567 2541 1605 2575 in
1638 2540 1808 2575 Societa-

1072 2606 1152 2636 tem
1169 2607 1341 2647 cooptat,
1360 2599 1546 2644 878-881.

1052 2685 1060 2694 .
1086 2657 1188 2703 Ejus
1201 2658 1365 2704 scripta.
1383 2658 1502 2692 Multa
1517 2668 1583 2703 pro
1599 2656 1807 2692 Societatis

1071 2716 1233 2752 historia
1259 2716 1371 2751 valde
1397 2715 1506 2750 utilia
1524 2716 1637 2751 nobis
1663 2716 1807 2761 scripta

1071 2776 1271 2823 relinquit,
1299 2784 1353 2819 v1,
1382 2783 1464 2819 vm,
1497 2783 1553 2810 x1:
1585 2774 1739 2809 Scholia
1767 2774 1806 2808 in

1071 2835 1384 2877 constitutiones,
1413 2842 1452 2879 v,
1481 2842 1522 2878 x,
1548 2842 1617 2874 xm
1647 2833 1806 2868 Medita-

1072 2893 1199 2930 tiones
1218 2893 1266 2928 de
1285 2894 1364 2928 vita
1389 2892 1547 2934 Christi,
1575 2901 1615 2936 v,
1635 2891 1804 2936 726·728:

1071 2952 1349 3000 Ephemerides
1381 2951 1589 2986 Societatis
1615 2953 1733 2996 Jesu,
1766 2960 1803 2988 V:

1072 3013 1304 3059 Apologiam
1348 3012 1621 3047 exercitiorum
1673 3018 1806 3045 contra
