2098 3470
766 251 1208 297 saramania-25

173 356 259 418 per
277 359 467 403 modum
487 355 785 408 laborantis»,
803 356 931 398 hunc
948 353 1037 399 feci
1051 352 1290 415 [laborare]
1309 363 1341 399 ².
1359 357 1534 402 Tamen
1550 357 1682 402 aliter
1701 355 1737 410 b,
1761 365 1809 401 et

110 457 114 459 ·
172 437 407 494 praeclare
421 434 624 491 quidem,
638 431 828 490 exponit
839 431 1088 488 Origene83
1105 445 1195 485 qua
1210 446 1300 489 ego
1313 434 1599 489 expositione
1614 434 1808 480 libenter

170 521 278 558 vtor
297 513 522 558 aduersus
541 495 889 554 lutheranorum
911 507 1151 561 insaniam3
1175 508 1240 552 ita
1260 510 1382 552 enim
1405 512 1700 555 vehementer
1721 513 1811 556 hoc

174 592 277 634 loco
290 590 420 634 Deus
435 587 717 646 pronuntiat,
726 594 779 630 vt
793 585 973 630 fortiter
987 592 1007 611 ‘²
1020 590 1131 632 239v
1140 586 1415 631 mortalibus
1431 590 1703 644 persuadeat
1718 604 1812 632 non

173 675 365 714 oesesat
384 666 424 710 si
443 665 548 722 quis
566 665 706 708 fidem
727 664 911 716 habeat,
934 663 1018 707 sed
1038 677 1176 719 opera
1198 678 1299 708 esse
1330 666 1585 709 necessaria
1613 668 1671 710 ad
1691 668 1814 710 salu-

178 752 288 790 tem:
311 759 407 788 non
427 731 555 787 enim*
570 741 798 786 nescierat
824 743 969 793 Deus,
994 748 1044 783 vt
1065 740 1390 797 interpretatur
1414 742 1659 799 Origenes,
1691 745 1816 800 quod

177 822 360 867 timeret
374 819 624 865 Dominum
644 807 879 863 Abraham
915 826 963 862 et
999 825 1111 861 tunc
1148 818 1345 874 primum
1383 819 1685 877 intelligebat3
1715 823 1815 874 sed,

178 899 308 956 quod
327 898 376 942 in
392 912 476 942 sua
492 896 763 942 aeternitate
777 903 1003 953 perpetuo
1018 896 1275 948 constabat,
1295 905 1516 940 monstrat
1532 898 1709 954 impleri
1726 914 1818 943 non

181 975 386 1035 potuisse
412 974 501 1018 nisi
527 973 744 1030 operibus
769 972 1056 1018 obedientiae
1083 972 1268 1016 diuinae
1296 973 1402 1016 fidei
1435 988 1546 1018 suae
1573 976 1820 1035 efficaciam

183 1053 419 1098 Abraham
445 1050 732 1095 exhibuisset
763 1052 793 1093 ¹.
824 1051 966 1094 Nunc.
996 1049 1113 1093 scito
1150 1064 1224 1092 me
1252 1050 1388 1092 fidem
1421 1060 1543 1094 tuam
1571 1054 1663 1095 hoc
1685 1067 1823 1109 opere

181 1143 543 1180 oonsummasse,
574 1135 625 1170 vt
646 1119 1026 1184 cooperatricem,
1064 1135 1111 1169 et
1147 1134 1194 1170 te
1215 1127 1514 1183 cognouisse,
1553 1136 1604 1171 vt
1640 1130 1824 1173 nouisse

184 1206 286 1251 vias
304 1205 327 1232 ‘¹
349 1204 441 1246 24⁰
461 1203 685 1248 iustorum
720 1203 960 1248 consueui.
999 1202 1286 1260 significatio
1323 1204 1451 1247 verbi
1485 1222 1593 1255 *rep-.-
1632 1206 1826 1263 simplex

162 1291 261 1328 *aet
285 1297 344 1326 ex
377 1284 452 1341 ξυμ,
481 1296 574 1325 non
602 1297 660 1326 ex
687 1285 835 1333 &wem
859 1288 910 1323 vt
930 1279 1160 1336 significet
1188 1280 1411 1324 actionem
1445 1283 1492 1324 in
1516 1282 1586 1337 3.⁸
1615 1298 1825 1339 persona,

187 1359 572 1416 quemadmodum
590 1373 648 1403 ex
663 1358 839 1414 psalmo
855 1370 933 1413 131
952 1358 1176 1402 docentur
1192 1359 1471 1412 sacerdotes,
1484 1367 1535 1402 vt
1551 1360 1741 1404 aliorum
1759 1376 1830 1405 sa-

193 1437 335 1480 lutem
359 1444 620 1493 procurent:
645 1451 722 1486 ve*
748 1438 881 1482 :⁹³:³78
899 1451 1025 1480 ³³:32³
1049 1435 1339 1479 «sacerdotes
1367 1436 1467 1480 eius
1493 1436 1679 1480 induam
1708 1439 1831 1481 salu-

190 1522 241 1559 te
259 1515 327 1567 ¹»;
357 1520 405 1557 et
425 1527 484 1556 ex
506 1513 552 1556 vi
587 1512 732 1564 verbi,
769 1512 834 1556 ita
853 1511 1059 1564 induam,
1088 1519 1140 1554 vt
1161 1511 1226 1554 illi
1254 1511 1366 1555 alios
1387 1513 1508 1556 illam
1532 1515 1738 1559 eamdem
1759 1515 1832 1558 in—

192 1592 339 1636 duere
359 1601 406 1634 et
427 1589 605 1647 possint
631 1597 678 1634 et
703 1589 919 1634 debeant.
954 1590 1060 1632 Non
1089 1596 1160 1633 est
1186 1590 1245 1632 ad
1275 1591 1400 1633 hunc
1427 1592 1611 1634 modurn
1640 1594 1837 1649 cognoui

196 1668 287 1711 hoc
305 1669 425 1711 loco.
445 1666 572 1723 Quid
584 1666 728 1723 igitur
746 1667 915 1709 damno
937 1666 1267 1722 expositionem
1281 1667 1540 1719 doctorum,
1566 1684 1623 1711 ex
1647 1669 1837 1714 veritate

194 1744 428 1796 hebraica,
454 1752 506 1786 ut
526 1745 676 1788 solent
696 1742 984 1800 grammatici
1011 1742 1307 1788 insolescere?
1323 1745 1428 1787 Non
1452 1746 1635 1797 damno,
1664 1750 1671 1799 1
1701 1748 1840 1790 Pater

194 1821 276 1874 mi,
305 1821 388 1866 sed
423 1821 583 1877 prob03
608 1828 747 1876 atque
768 1821 883 1865 adeo
904 1821 992 1863 hoc
1014 1819 1119 1864 vide
1144 1835 1280 1876 quam
1306 1836 1396 1878 ego
1418 1823 1588 1867 soleam
1610 1837 1711 1866 esse
1733 1823 1841 1866 alie-

197 1912 288 1941 nus
307 1913 335 1942 a
355 1897 756 1955 grammaticorum
777 1897 1020 1940 insolentia
1045 1911 1100 1941 ac
1123 1898 1394 1943 temeritate.
1419 1899 1498 1943 Sic
1514 1899 1632 1942 dico:
1658 1900 1842 1957 lingua-

199 1987 302 2020 rum
340 1975 547 2032 peritiam
584 1989 686 2018 esse
720 1974 904 2030 quidem
943 1974 992 2017 in
1027 1974 1222 2019 ecclesia
1258 1976 1484 2019 catholica
1521 1977 1840 2029 necessariam3

274 2092 295 2110 ι
342 2080 490 2118 Ch'arta
518 2086 740 2117 atramento
768 2091 951 2126 corrosa,
979 2090 1102 2116 unum
1130 2081 1196 2116 vel
1226 2082 1393 2117 alterum
1425 2084 1590 2118 verbum
1620 2083 1750 2130 periit.
1802 2105 1845 2109 —

200 2138 225 2170 ’b
248 2139 431 2179 obscure
447 2140 653 2187 scriptum.
702 2149 768 2167 -c
794 2139 873 2175 Hic
888 2138 1035 2175 desinit
1051 2139 1120 2176 fol.
1142 2149 1180 2186 5,
1200 2139 1340 2176 Codici
1366 2142 1492 2177 Vatic.
1518 2153 1543 2185 4
1570 2154 1773 2189 perperam
1793 2143 1849 2178 in·

203 2205 372 2246 sertum,
388 2198 493 2247 quod
518 2199 651 2244 potius
675 2199 716 2234 in
736 2198 836 2234 Coa.
869 2198 997 2234 Vatic.
1016 2208 1040 2234 2
1061 2205 1155 2235 ante
1169 2198 1309 2235 folium
1327 2199 1399 2245 239
1416 2200 1637 2236 addendum
1662 2208 1760 2245 erat,
1779 2203 1850 2237 ubi

206 2269 280 2295 nos
294 2256 393 2294 illud
408 2257 671 2305 reposuimus.
689 2257 805 2303 Quae
822 2256 988 2304 proinde
1010 2257 1075 2293 hic
1092 2264 1310 2305 sequuntur
1327 2259 1450 2295 habes
1481 2260 1520 2295 in
1540 2259 1636 2296 Cod.
1665 2261 1791 2297 Vatic.
1812 2271 1850 2305 2,

204 2317 278 2354 fol.
296 2315 414 2363 239v.
469 2317 536 2344 —d
568 2316 665 2351 Vias
682 2317 772 2351 vias
789 2327 864 2352 ms.

281 2413 293 2434 ¹
343 2412 403 2448 En
420 2412 543 2447 verba
559 2410 748 2458 Origenis
765 2411 807 2447 in
823 2412 928 2447 hunc
945 2411 1089 2447 locum:
1110 2412 1252 2448 «Nunc
1268 2414 1376 2448 enim
1392 2414 1562 2461 cognovi
1574 2416 1670 2460 quia
1680 2419 1724 2449 tu
1738 2416 1855 2451 times

212 2471 359 2508 Deum.
378 2471 424 2507 In
440 2471 516 2506 hoc
532 2481 630 2517 ergo
645 2481 829 2506 sermone
846 2471 950 2506 solet
966 2469 1086 2506 obiici
1104 2471 1235 2517 nobis,
1253 2471 1358 2519 quod
1383 2474 1491 2508 Deus
1516 2485 1619 2509 nunc
1644 2486 1688 2509 se
1710 2485 1855 2520 cogno-

209 2531 318 2568 uisse
334 2529 454 2574 dicat,
468 2530 562 2577 quia
580 2530 780 2566 Abraham
797 2529 937 2565 timeat
960 2530 1104 2576 Deum,
1123 2531 1238 2577 quasi
1260 2531 1328 2578 qui
1352 2538 1443 2567 ante
1468 2531 1722 2577 ignorauerit.
1750 2534 1855 2569 Scie-

211 2591 283 2627 bat
297 2590 422 2634 Deus,
440 2595 483 2626 et
499 2600 580 2625 non
596 2600 688 2624 eum
705 2589 871 2635 latebat,
888 2589 1036 2636 quippe
1053 2589 1122 2636 qui
1139 2589 1252 2625 nouit
1269 2591 1411 2635 omnia,
1429 2597 1638 2638 antequam
1656 2591 1764 2627 fiant:
1785 2593 1856 2628 sed

211 2654 373 2696 propter
388 2655 431 2685 te
458 2649 558 2684 haec
582 2648 731 2695 scripta
759 2654 867 2684 sunt:
897 2648 990 2696 quia
1021 2654 1063 2684 et
1080 2654 1124 2684 tu
1153 2648 1358 2685 credidisti
1387 2650 1545 2697 quidem
1577 2651 1675 2697 Deo,
1696 2651 1767 2687 sed
1781 2653 1859 2688 nisi

210 2719 334 2756 opera
347 2707 442 2745 fidei
457 2708 697 2755 expleueris,
717 2707 796 2743 nisi
813 2707 855 2743 in
873 2708 1059 2743 omnibus
1075 2709 1310 2755 praeceptis,
1339 2710 1459 2744 etiam
1482 2709 1770 2746 difficilioribus
1794 2722 1858 2757 pa-

216 2767 357 2814 rueris,
375 2767 454 2804 nisi
471 2766 708 2803 sacrificium
736 2766 945 2808 obtuleris,
964 2772 1006 2802 et
1028 2766 1250 2802 ostenderis
1280 2767 1372 2810 quia
1402 2779 1475 2803 nec
1499 2774 1665 2814 patrem,
1690 2780 1764 2805 nee
1783 2781 1861 2804 ma·

219 2833 335 2870 trem,
351 2837 427 2862 nec
440 2826 546 2862 filios
561 2825 763 2873 praeferas
780 2826 883 2871 Deo,
896 2837 976 2862 non
992 2825 1221 2871 agnosceris
1238 2827 1330 2874 quia
1348 2827 1488 2862 timeas
1503 2828 1647 2872 Deum,
1666 2839 1739 2863 nec
1757 2828 1862 2864 dice-

218 2886 346 2933 turde
361 2894 404 2922 te
419 2885 512 2934 quia
527 2897 634 2922 nunc
649 2885 820 2932 cognoui
836 2885 931 2933 quia
950 2885 1092 2920 timeas
1123 2891 1167 2921 tu
1185 2887 1354 2923 Deum.»
1373 2886 1578 2923 Omossms
1608 2888 1862 2923 Anniam-is

222 2945 410 2984 luem...
440 2945 487 2981 In
514 2955 603 2992 cap.
638 2944 755 2980 XXII
786 2944 1009 2989 Geueseos,
1032 2944 1172 2980 homil.
1209 2945 1317 2981 VIII.
1353 2946 1487 2992 Opera
1500 2975 1510 2989 ,
1541 2946 1718 2992 Parisiis,
1756 2948 1863 2992 1604,

224 3005 304 3042 vol.
333 3005 369 3049 1,
388 3003 447 3040 18.

292 3067 309 3086 ³
357 3063 428 3100 PS.
446 3062 628 3109 CXXXI,
650 3063 707 3099 16.
728 3062 900 3109 Vulgata
917 3063 1052 3113 habet:
1072 3063 1332 3100 «Sacerdotes
1349 3064 1435 3110 ejus
1450 3063 1607 3100 induam
1618 3064 1817 3100 salutari.»
