2098 3470
538 255 815 292 Momnnmra
839 254 1098 292 Gnnmmn
1123 248 1468 291 summamus—33
1706 253 1772 291 231

182 358 370 414 quando
390 364 543 402 autern
572 357 810 401 commode
836 362 987 413 potest
1013 355 1132 399 adiri·
1154 354 1415 413 episcopus,
1445 369 1554 409 non;
1586 356 1659 400 vel
1687 355 1824 399 relin-
1858 347 1870 358 “

182 441 351 492 quatur
371 433 540 478 iudicio
561 433 704 490 ipsius
726 433 929 477 rectoris.

273 510 539 568 Accipiatur
558 510 742 555 licentia
762 525 789 554 a
810 508 1022 567 parochis
1042 524 1126 566 pro
1146 507 1301 566 pueris
1321 508 1368 551 in
1391 515 1589 565 pascate‚
1622 517 1672 552 ut
1701 510 1823 566 apud

182 601 272 632 nos
293 587 602 632 comunicent.

268 663 618 709 Admoneantur
639 663 940 720 poenitentes,
962 670 1012 706 ut
1027 662 1285 720 largiantur
1299 661 1471 717 aliquid
1486 676 1817 718 nonnunquam

181 740 393 798 parochis
424 740 599 786 ratione
629 739 1033 784 administrationis
1069 746 1475 792 sacramentorum,
1510 738 1748 795 presertim
1781 738 1819 782 si

181 817 320 875 aliqui
339 833 366 862 a
387 816 597 874 parochis
617 824 748 862 erant
769 816 1004 873 accepturi
1025 823 1330 860 sacramenta.

271 894 588 939 Accomodent
608 909 659 938 se
691 907 850 938 omnes
881 894 1144 938 sacerdotes
1175 894 1233 936 ad
1265 892 1391 936 illum
1421 893 1607 936 modum
1640 892 1822 937 dicendi

180 986 378 1024 sacrum,
402 971 481 1027 qui
502 973 673 1015 Romae
694 957 924 1015 seruatur.

269 1051 490 1093 Parentes
521 1055 568 1093 et
596 1047 728 1091 amici
760 1062 851 1091 non
884 1046 1135 1104 recipiendi
1162 1047 1376 1104 hospitio,
1407 1047 1491 1091 sed
1518 1045 1705 1090 inuitari
1734 1047 1819 1090 ali·

138 1114 141 1117 ¹
180 1126 364 1183 quando
386 1126 444 1169 ad
465 1139 667 1169 mensam
688 1131 895 1181 possunt.

268 1204 580 1248 Personarum
596 1209 908 1258 exemptarum
930 1208 1000 1245 est
1016 1201 1274 1245 adhibenda
1289 1216 1344 1245 ea
1359 1200 1494 1254 ratio,
1514 1215 1652 1256 quam
1669 1201 1815 1258 exigit

179 1280 426 1337 exemptio;
451 1281 532 1324 sed
554 1280 609 1323 ad
634 1281 815 1323 Patrem
836 1279 1098 1335 generalem
1115 1278 1341 1322 scribatur
1357 1277 1553 1335 singulis
1569 1278 1819 1322 hebdoma-

175 1357 264 1411 dis,
288 1357 327 1401 si
348 1371 464 1414 opus
486 1356 560 1409 sit,
585 1370 677 1412 quo
697 1355 861 1415 [pacto]
884 1370 933 1399 se
954 1361 1135 1412 gerant.
1693 1400 1697 1407 ,

266 1434 360 1491 Qui
381 1434 550 1479 debent
579 1433 626 1476 in
655 1432 874 1476 societate
901 1432 1067 1488 aliqua,
1099 1446 1216 1488 quae
1244 1439 1575 1476 contraxerunt
1607 1441 1715 1476 ante
1743 1433 1815 1475 in-

175 1525 404 1568 gressum,
434 1510 471 1554 si
499 1511 671 1554 habent
698 1509 893 1566 propria,
917 1510 1114 1562 soluant;
1146 1509 1184 1552 si
1206 1524 1299 1552 non
1320 1510 1493 1563 habent
1514 1509 1714 1566 propria,
1740 1524 1816 1553 ro·

175 1595 289 1646 gent
309 1595 520 1645 parentes
542 1595 594 1631 ut
614 1588 811 1640 soluant;
838 1586 915 1642 qui
938 1587 976 1629 si
997 1586 1170 1640 nolent,
1195 1601 1287 1629 non
1310 1594 1525 1630 tenentur
1546 1587 1647 1643 ipsi.

266 1665 435 1722 Rogati
455 1673 508 1708 ut
528 1672 740 1708 mutuum
761 1665 939 1715 demus,
964 1663 1158 1707 dicatur:
1181 1678 1274 1707 non
1296 1665 1457 1707 damus
1485 1668 1667 1717 mutuo,
1688 1664 1813 1721 quia,

179 1739 299 1799 quae
328 1743 568 1794 habemus,
602 1741 650 1786 in
683 1756 793 1785 usus
822 1749 1002 1784 nostros
1030 1741 1162 1784 nobis
1191 1741 1297 1783 data
1324 1749 1448 1784 sunt:
1480 1749 1633 1798 potest
1662 1749 1813 1786 tamen

42 1799 45 1829 ἶ
107 1841 115 1847 ·
175 1819 419 1876 aliquando
439 1818 696 1876 bibliopolis
716 1819 790 1863 vel
812 1818 910 1862 aliis
933 1818 1065 1885 nobis
1086 1818 1398 1862 laborantibus
1414 1818 1511 1862 dari
1528 1818 1716 1874 aliquid,
1736 1819 1815 1862 vbi

176 1911 269 1940 non
293 1903 383 1940 tam
401 1904 612 1940 mutuum
635 1910 771 1951 quam
793 1894 1061 1952 praeuentio
1082 1902 1151 1938 est
1173 1894 1429 1938 solutionis.

262 1974 367 2018 Non
399 1960 577 2017 dandae
608 1971 870 2025 elemosine,
902 1971 989 2015 nisi
1017 1971 1307 2026 reliquiarum
1339 1972 1517 2029 prandii
1545 1980 1592 2016 et
1620 1987 1810 2025 coenae,

174 2064 292 2108 quae
322 2049 455 2094 facile
486 2064 578 2093 non
609 2057 718 2093 sunt
749 2049 850 2093 vsui
878 2049 1088 2106 collegio:
1121 2050 1345 2106 pecuniae
1376 2065 1468 2093 non
1497 2052 1693 2103 dandae,
1723 2051 1812 2094 nisi

172 2142 333 2184 parum
355 2127 598 2184 aliquando
619 2127 666 2170 in
688 2127 866 2172 itinere.

262 2204 504 2250 Mittantur
532 2205 692 2248 fratres
719 2205 957 2247 commode
983 2204 1136 2247 vestiti
1164 2219 1221 2248 ex
1250 2219 1340 2248 vno
1368 2205 1564 2262 collegio
1594 2206 1640 2248 in
1670 2206 1810 2258 aliud;

173 2283 296 2338 quod
317 2281 357 2326 si
378 2296 470 2325 non
493 2282 589 2334 fiat,
613 2290 780 2333 rector,
805 2282 863 2324 ad
885 2295 1020 2336 quem
1044 2281 1304 2335 mittuntur,
1329 2290 1596 2340 emat-quae
1625 2284 1809 2334 desunt,

173 2366 220 2404 et
238 2356 356 2402 solui
377 2366 506 2403 curet
528 2358 836 2415 prouincialis,
862 2358 939 2414 qui
961 2358 1097 2402 etiam
1119 2358 1337 2402 iudicabit
1360 2375 1418 2403 an
1440 2359 1499 2403 sit
1517 2361 1809 2405 soluendum.

261 2435 310 2481 Si
330 2435 536 2479 mittatur
557 2435 735 2492 aliquis,
760 2436 817 2479 de
838 2450 929 2492 quo
951 2450 1044 2479 non
1066 2443 1254 2479 curatur
1276 2451 1334 2479 an
1353 2438 1523 2489 redeat,
1550 2438 1674 2480 solus
1692 2437 1814 2479 mitti

173 2519 343 2570 potest3
366 2512 405 2555 si
427 2527 538 2559 uero
559 2519 761 2564 curatur,
786 2520 833 2556 et
854 2512 917 2555 illi
939 2513 1111 2565 fiditur,
1137 2513 1262 2556 solus
1284 2527 1465 2569 quoque
1493 2514 1610 2556 mitti
1639 2522 1808 2570 potest3

172 2588 212 2633 si
233 2603 328 2633 non
349 2589 520 2642 fiditur,
545 2590 738 2632 addatur
759 2589 929 2633 socius.

188 2720 191 2723 Ι
261 2667 366 2710 Non
387 2673 552 2709 exeant
573 2666 717 2709 nostri
738 2667 795 2709 ad
818 2666 1047 2719 conuiuia,
1081 2666 1167 2710 nisi
1195 2682 1491 2724 personarum
1520 2681 1810 2723 magnarum,

173 2749 221 2786 et
240 2743 328 2786 hoc
349 2757 450 2786 raro
471 2750 518 2786 et
539 2757 643 2786 cum
667 2743 982 2788 aedificatione
1003 2751 1050 2788 et
1073 2744 1243 2796 fructu,
1269 2755 1315 2787 et
1337 2744 1463 2787 socio
1487 2744 1802 2788 conuenienti.

262 2819 508 2864 Rarissime
539 2820 595 2862 ad
628 2834 830 2863 mensam
864 2827 1086 2864 vocentur
1117 2821 1309 2873 externi,
1345 2829 1389 2869 et
1422 2821 1570 2863 solum
1605 2820 1813 2864 homines

97 2943 101 2947 ⁴
173 2895 365 2940 alicuius
405 2895 720 2949 authoritatis,
763 2896 840 2939 ubi
877 2898 1055 2940 fructus
1097 2905 1365 2954 expectetur
1406 2905 1451 2941 et
1493 2897 1610 2940 absit
1652 2912 1812 2952 super-

103 3002 106 3003 ν
173 2972 400 3020 fluitas....

266 3050 470 3094 Primum
492 3065 671 3094 sacrum
695 3065 720 3093 a
743 3064 865 3093 nouo
885 3051 1124 3095 sacerdote
1147 3051 1320 3094 cantari
1338 3058 1504 3106 potest,
1527 3051 1604 3094 sed
1623 3065 1713 3093 non
1733 3065 1813 3093 vo-
