2098 3470
327 307 398 343 280
800 309 953 346 erms
980 311 1222 347 HissRoNYffl
1248 310 1398 347 NADAL

279 416 326 452 et
339 408 549 452 lusatiani
566 409 610 452 in
623 409 825 454 redditus
839 411 1167 455 ecclesiasticos
1185 419 1414 468 separatos
1431 419 1476 456 et
1493 411 1623 456 nobis
1640 412 1905 469 applicatOS.

279 486 384 528 Hoc
406 485 443 528 si
466 485 562 530 fieri
586 501 674 530 non
698 487 855 543 possit,
881 488 1176 544 expediantur
1199 488 1368 532 literae.

369 563 512 606 Curet
533 563 685 616 etiam,
711 571 760 606 ut
782 579 888 608 vasa
910 564 1002 607 vini
1030 579 1110 608 sex
1137 564 1329 608 certiora
1357 565 1445 608 sint
1474 565 1620 619 nobis3
1648 565 1770 609 omni
1797 580 1906 610 vero

278 639 429 683 studio
451 648 496 682 et
518 639 751 696 diligentia
774 642 1073 685 contendatur
1097 642 1216 697 apud
1238 655 1483 694 caesarem,
1510 656 1568 686 ne
1590 650 1770 685 careant
1793 657 1906 698 pau·

279 731 408 772 peres
429 718 523 760 suis
545 717 810 768 redditibus,
837 717 1016 761 aliunde
1040 717 1323 773 comparatis,
1349 732 1406 761 ne
1433 719 1551 761 hanc
1579 718 1802 774 patiamur
1823 733 1906 762 nos

275 793 716 849 calumniam‚-quasi
738 802 891 837 nostra
919 795 1151 837 voluntate
1183 793 1244 836 illi
1274 794 1362 836 sint
1391 802 1640 850 prouentus
1669 795 1800 838 nobis
1827 811 1904 852 ap-

275 870 446 926 plicati,
471 878 517 914 et
538 885 758 927 pauperes
780 886 861 914 sua
884 870 1154 915 eleemosina
1176 870 1350 926 priuati.

365 948 487 991 Cura
508 947 607 991 eius
629 948 734 991 huic
756 948 998 991 coniuncta
1021 947 1122 999 erit,
1156 954 1204 990 ut
1233 949 1394 991 domus
1422 962 1670 1004 pauperum
1698 948 1904 1009 Viennae

274 1025 514 1076 fundetur,
556 1031 601 1068 et
637 1026 803 1069 habeat
843 1026 1123 1068 commodam
1161 1025 1344 1067 domum
1382 1031 1428 1067 et
1470 1025 1694 1078 redditus,
1738 1025 1904 1081 quibus

274 1102 468 1144 idoneus
495 1101 657 1157 aliquis
684 1116 900 1146 numerus
929 1116 1174 1157 pauperum
1208 1115 1448 1157 puerorum
1479 1101 1536 1144 ali
1568 1109 1703 1157 atque
1730 1101 1904 1146 institui

274 1178 431 1234 possit.
862 1227 872 1236 ,

360 1257 492 1307 Item,
529 1270 608 1311 pro
640 1255 1016 1299 commensalibus
1049 1256 1270 1298 habeatur
1301 1256 1461 1298 domus
1493 1256 1742 1299 commoda:
1782 1255 1900 1300 idem

272 1340 404 1376 curet
428 1334 618 1389 Pragae.

363 1410 486 1451 Idem
509 1416 636 1452 curet
659 1409 931 1465 Tyrnauiae,
956 1409 993 1452 si
1016 1408 1111 1452 fieri
1133 1408 1287 1465 possit.

358 1486 407 1531 Si
444 1501 593 1530 nouae
629 1478 867 1529 occurrant
904 1486 1206 1538 fundationes,
1242 1486 1338 1529 siue
1371 1486 1695 1543 Vratislauiae,
1725 1485 1823 1529 siue
1854 1485 1900 1528 in

271 1563 475 1617 Polonia‚
500 1578 594 1608 rem
618 1570 811 1607 tractare
826 1563 1006 1619 poterit,
1032 1577 1124 1605 non
1146 1563 1435 1615 concludere;
1461 1563 1542 1607 sed
1558 1563 1702 1620 primo
1718 1577 1900 1618 quoque

266 1649 487 1697 tempore,
512 1654 616 1683 cum
639 1639 713 1696 agi
734 1640 968 1696 negotium
991 1639 1208 1696 coeperit,
1233 1639 1399 1683 scribet
1422 1639 1546 1683 Patri
1567 1639 1770 1696 generali
1792 1654 1899 1696 par·

267 1717 510 1761 ticulatim.

356 1794 460 1838 Alia
482 1794 566 1838 erit
588 1793 685 1838 eius
706 1808 816 1836 cura
838 1793 1163 1846 aedificiorum,
1188 1792 1234 1835 in
1258 1793 1422 1848 quibus
1445 1793 1491 1836 id
1514 1801 1746 1849 sequatur,
1777 1793 1899 1849 quod

262 1887 322 1915 ex
339 1886 410 1915 me
432 1871 652 1914 intellexit
673 1878 719 1914 et
741 1870 1005 1926 inscriptum
1028 1870 1196 1913 retulit.

355 1950 482 1994 Haec
505 1963 613 1992 cura
634 1948 700 1992 sic
722 1948 821 2000 erit,
849 1955 897 1990 ut
914 1947 1129 2003 juditium
1154 1947 1463 1992 aedificiorum
1485 1947 1544 1991 sit
1568 1947 1716 1991 Patris
1738 1947 1899 1992 Victo-

264 2025 358 2070 riae
379 2041 434 2069 ex
456 2032 612 2069 nostro
632 2025 923 2082 praescripto:
945 2040 1001 2067 an
1019 2039 1127 2068 vero
1143 2024 1203 2067 sit
1219 2024 1567 2079 aedificandum,
1587 2024 1671 2068 erit
1688 2023 1898 2067 iuditium

265 2102 569 2159 prouincialis‚
594 2102 632 2146 si
658 2116 715 2145 ex
741 2102 948 2158 pecunia,
981 2116 1097 2156 quae
1125 2101 1338 2158 prouenit
1366 2117 1422 2146 ex
1450 2101 1549 2145 iure
1582 2100 1895 2158 collegiorum,

264 2179 594 2223 aedificandum
626 2186 710 2233 est3
742 2178 809 2222 sin
833 2194 888 2222 ex
910 2178 994 2222 alia
1016 2178 1227 2234 pecunia,
1253 2193 1387 2233 quam
1413 2180 1464 2221 Ρ.
1493 2170 1704 2222 Victoria·
1715 2177 1898 2222 aliunde

263 2256 559 2312 conquisiuit,
590 2255 798 2299 iuditium
826 2255 910 2299 erit
938 2255 1079 2311 ipsius
1108 2258 1160 2300 P.
1193 2254 1426 2299 Victoriae
1460 2255 1642 2311 quando
1678 2254 1736 2298 sit
1772 2253 1896 2299 aedi-

265 2334 511 2377 ficandum.

355 2410 451 2453 Erit
473 2411 558 2454 alia
579 2410 677 2454 eius
698 2424 823 2463 cura,
854 2424 988 2464 quam
1018 2410 1131 2453 solet
1162 2411 1331 2453 habere
1358 2415 1639 2465 procurator:
1672 2409 1784 2452 haec
1812 2407 1897 2452 erit

263 2488 490 2543 bipartita.
517 2488 618 2530 Vna
640 2487 724 2531 erit
746 2486 889 2542 posita
907 2487 951 2528 in
975 2486 1129 2529 litibus
1152 2485 1510 2542 propugnandis,
1536 2485 1573 2528 si
1591 2499 1707 2541 quae
1724 2479 1895 2528 incide-

264 2564 371 2616 rint,
395 2572 440 2607 et
462 2566 622 2607 harum
645 2563 730 2607 erit
753 2570 845 2606 tota
873 2577 982 2605 cura
1013 2565 1065 2608 P.
1100 2562 1347 2606 Victoriae.
1382 2562 1486 2605 Alia
1507 2577 1611 2617 pars
1640 2560 1895 2605 uersabitur

262 2641 385 2684 circa
406 2641 688 2684 exactionem
710 2639 1019 2696 pecuniarum,
1041 2654 1232 2694 quarum
1256 2654 1380 2692 cura,
1406 2653 1463 2682 ne
1481 2638 1670 2681 nimium
1687 2637 1895 2681 facilibus

267 2719 406 2761 rebus
429 2725 648 2774 grauetur
669 2718 722 2760 P.
749 2716 964 2767 Victoria,
991 2716 1036 2758 in
1058 2718 1145 2758 hoc
1167 2715 1251 2759 erit
1272 2715 1434 2771 posita,
1464 2722 1527 2767 ut,
1554 2729 1670 2770 quae
1698 2729 1724 2756 a
1746 2721 1894 2758 recto-

267 2794 391 2837 ribus
410 2794 530 2850 exigi
554 2801 782 2850 poterunt,
802 2800 847 2835 et
864 2792 1080 2835 iudicabit
1104 2791 1384 2848 prouintialis
1400 2807 1425 2835 e
1447 2791 1698 2836 rectoribus
1715 2798 1894 2833 nostro·

261 2886 361 2914 rum
381 2871 676 2927 collegiorum
701 2870 772 2913 uel
790 2869 1158 2912 commensalium
1178 2870 1250 2913 uel
1267 2883 1516 2925 pauperum
1533 2858 1632 2912 esse
1649 2867 1889 2923 exigenda,

262 2950 423 2991 horum
448 2948 684 2992 exactione
706 2945 932 2990 leuabitur
956 2948 1008 2989 P.
1035 2945 1251 2989 Victoria.

348 3024 396 3068 Si
418 3039 507 3079 qua
529 3031 662 3068 erunt
683 3022 769 3067 alia
790 3021 941 3065 debita
962 3021 1227 3073 difficiliora,
1254 3022 1311 3064 ad
1333 3021 1566 3064 arbitrium
1589 3019 1888 3077 prouintialis,

257 3115 348 3143 non
381 3108 514 3144 erunt
546 3100 770 3156 exigenda
802 3114 827 3141 a
862 3098 1129 3150 rectoribus,
1165 3098 1244 3142 sed
1276 3112 1301 3140 a
1336 3099 1471 3141 Patre
1509 3097 1723 3141 Victoria.
1761 3098 1890 3152 Quas
