<?xml version="1.0" encoding="UTF-8"?>
<!DOCTYPE html PUBLIC "-//W3C//DTD XHTML 1.0 Transitional//EN"
    "http://www.w3.org/TR/xhtml1/DTD/xhtml1-transitional.dtd">
<html xmlns="http://www.w3.org/1999/xhtml" xml:lang="en" lang="en">
 <head>
  <title>
</title>
<meta http-equiv="Content-Type" content="text/html;charset=utf-8" />
  <meta name='ocr-system' content='tesseract 3.04.00' />
  <meta name='ocr-capabilities' content='ocr_page ocr_carea ocr_par ocr_line ocrx_word'/>
</head>
<body>
  <div class='ocr_page' id='page_1' title='image "./epistolaephieron04nadauoft_0668.png"; bbox 0 0 2098 3470; ppageno 0'>
   <div class='ocr_carea' id='block_1_1' title="bbox 347 245 1424 291">
    <p class='ocr_par' dir='ltr' id='par_1_1' title="bbox 347 245 1424 291">
     <span class='ocr_line' id='line_1_1' title="bbox 347 245 1424 291; baseline 0.001 -11"><span class='ocrx_word' id='word_1_1' title='bbox 347 245 417 291; x_wconf 87' lang='lat'>642</span> <span class='ocrx_word' id='word_1_2' title='bbox 821 246 977 283; x_wconf 78' lang='lat' dir='ltr'>PATms</span> <span class='ocrx_word' id='word_1_3' title='bbox 1003 247 1248 282; x_wconf 82' lang='lat' dir='ltr'>H1ERONYM1</span> <span class='ocrx_word' id='word_1_4' title='bbox 1274 246 1424 282; x_wconf 72' lang='lat' dir='ltr'>NADAL</span> 
     </span>
    </p>
   </div>
   <div class='ocr_carea' id='block_1_2' title="bbox 274 346 1977 3093">
    <p class='ocr_par' dir='ltr' id='par_1_2' title="bbox 285 346 1960 1864">
     <span class='ocr_line' id='line_1_2' title="bbox 302 346 1935 404; baseline 0.002 -14"><span class='ocrx_word' id='word_1_5' title='bbox 302 346 666 392; x_wconf 81' lang='lat' dir='ltr'>consideratione</span> <span class='ocrx_word' id='word_1_6' title='bbox 688 348 851 392; x_wconf 76' lang='lat' dir='ltr'>inferni</span> <span class='ocrx_word' id='word_1_7' title='bbox 887 348 1066 392; x_wconf 89' lang='lat' dir='ltr'>dicebat</span> <span class='ocrx_word' id='word_1_8' title='bbox 1104 362 1152 391; x_wconf 88' lang='lat' dir='ltr'>se</span> <span class='ocrx_word' id='word_1_9' title='bbox 1188 361 1405 404; x_wconf 85' lang='lat' dir='ltr'>magnum</span> <span class='ocrx_word' id='word_1_10' title='bbox 1438 362 1635 392; x_wconf 89' lang='lat' dir='ltr'>amorem</span> <span class='ocrx_word' id='word_1_11' title='bbox 1667 348 1844 401; x_wconf 80' lang='lat' dir='ltr'><strong>elicere,</strong></span> <span class='ocrx_word' id='word_1_12' title='bbox 1879 364 1935 393; x_wconf 87' lang='lat' dir='ltr'>ex</span> 
     </span>
     <span class='ocr_line' id='line_1_3' title="bbox 300 423 1934 481; baseline 0.002 -16"><span class='ocrx_word' id='word_1_13' title='bbox 300 424 513 480; x_wconf 79' lang='lat' dir='ltr'>paradiso</span> <span class='ocrx_word' id='word_1_14' title='bbox 539 423 760 468; x_wconf 88' lang='lat' dir='ltr'>timorem.</span> <span class='ocrx_word' id='word_1_15' title='bbox 788 426 940 469; x_wconf 82' lang='lat' dir='ltr'><strong>Debes</strong></span> <span class='ocrx_word' id='word_1_16' title='bbox 963 433 1112 468; x_wconf 84' lang='lat' dir='ltr'>autem</span> <span class='ocrx_word' id='word_1_17' title='bbox 1137 424 1422 467; x_wconf 89' lang='lat' dir='ltr'>considerare</span> <span class='ocrx_word' id='word_1_18' title='bbox 1452 431 1495 468; x_wconf 89' lang='lat' dir='ltr'>te</span> <span class='ocrx_word' id='word_1_19' title='bbox 1524 423 1743 468; x_wconf 90' lang='lat' dir='ltr'>meruisse</span> <span class='ocrx_word' id='word_1_20' title='bbox 1765 439 1934 481; x_wconf 89' lang='lat' dir='ltr'>poenas</span> 
     </span>
     <span class='ocr_line' id='line_1_4' title="bbox 298 500 1932 554; baseline 0.002 -12"><span class='ocrx_word' id='word_1_21' title='bbox 298 500 415 554; x_wconf 84' lang='lat' dir='ltr'>illas,</span> <span class='ocrx_word' id='word_1_22' title='bbox 439 507 485 543; x_wconf 91' lang='lat' dir='ltr'>et</span> <span class='ocrx_word' id='word_1_23' title='bbox 507 501 656 544; x_wconf 91' lang='lat' dir='ltr'>locum</span> <span class='ocrx_word' id='word_1_24' title='bbox 687 501 813 544; x_wconf 91' lang='lat' dir='ltr'>illum</span> <span class='ocrx_word' id='word_1_25' title='bbox 846 501 926 544; x_wconf 89' lang='lat' dir='ltr'>tibi</span> <span class='ocrx_word' id='word_1_26' title='bbox 955 500 1217 554; x_wconf 87' lang='lat' dir='ltr'>conuenire,</span> <span class='ocrx_word' id='word_1_27' title='bbox 1249 508 1294 545; x_wconf 94' lang='lat' dir='ltr'>et</span> <span class='ocrx_word' id='word_1_28' title='bbox 1322 501 1387 543; x_wconf 90' lang='lat' dir='ltr'>sic</span> <span class='ocrx_word' id='word_1_29' title='bbox 1416 507 1460 545; x_wconf 92' lang='lat' dir='ltr'>te</span> <span class='ocrx_word' id='word_1_30' title='bbox 1487 500 1533 543; x_wconf 90' lang='lat' dir='ltr'>in</span> <span class='ocrx_word' id='word_1_31' title='bbox 1562 500 1638 543; x_wconf 92' lang='lat' dir='ltr'>illo</span> <span class='ocrx_word' id='word_1_32' title='bbox 1666 502 1932 546; x_wconf 91' lang='lat' dir='ltr'>collocando</span> 
     </span>
     <span class='ocr_line' id='line_1_5' title="bbox 300 577 1933 633; baseline 0.001 -13"><span class='ocrx_word' id='word_1_33' title='bbox 300 577 619 633; x_wconf 85' lang='lat' dir='ltr'><strong>(consideratio</strong></span> <span class='ocrx_word' id='word_1_34' title='bbox 647 577 767 622; x_wconf 90' lang='lat' dir='ltr'>enim</span> <span class='ocrx_word' id='word_1_35' title='bbox 800 578 940 621; x_wconf 82' lang='lat' dir='ltr'>nostri</span> <span class='ocrx_word' id='word_1_36' title='bbox 970 578 1077 620; x_wconf 88' lang='lat' dir='ltr'>illuc</span> <span class='ocrx_word' id='word_1_37' title='bbox 1105 592 1189 620; x_wconf 93' lang='lat' dir='ltr'>nos</span> <span class='ocrx_word' id='word_1_38' title='bbox 1216 578 1351 622; x_wconf 91' lang='lat' dir='ltr'>debet</span> <span class='ocrx_word' id='word_1_39' title='bbox 1373 577 1567 633; x_wconf 88' lang='lat' dir='ltr'>mittere)</span> <span class='ocrx_word' id='word_1_40' title='bbox 1591 578 1933 622; x_wconf 87' lang='lat' dir='ltr'>conseruaberis</span> 
     </span>
     <span class='ocr_line' id='line_1_6' title="bbox 299 654 1932 713; baseline 0.001 -17"><span class='ocrx_word' id='word_1_41' title='bbox 299 655 343 697; x_wconf 90' lang='lat' dir='ltr'>in</span> <span class='ocrx_word' id='word_1_42' title='bbox 374 654 644 707; x_wconf 89' lang='lat' dir='ltr'>humilitate,</span> <span class='ocrx_word' id='word_1_43' title='bbox 677 655 892 712; x_wconf 89' lang='lat' dir='ltr'>patientia</span> <span class='ocrx_word' id='word_1_44' title='bbox 920 662 965 698; x_wconf 92' lang='lat' dir='ltr'>et</span> <span class='ocrx_word' id='word_1_45' title='bbox 993 669 1162 707; x_wconf 91' lang='lat' dir='ltr'>amore;</span> <span class='ocrx_word' id='word_1_46' title='bbox 1195 655 1476 710; x_wconf 77' lang='lat' dir='ltr'>comparabis</span> <span class='ocrx_word' id='word_1_47' title='bbox 1505 663 1549 700; x_wconf 90' lang='lat' dir='ltr'>te</span> <span class='ocrx_word' id='word_1_48' title='bbox 1577 669 1681 698; x_wconf 88' lang='lat' dir='ltr'>cum</span> <span class='ocrx_word' id='word_1_49' title='bbox 1712 655 1850 713; x_wconf 88' lang='lat' dir='ltr'>Juda,</span> <span class='ocrx_word' id='word_1_50' title='bbox 1886 662 1932 700; x_wconf 91' lang='lat' dir='ltr'>et</span> 
     </span>
     <span class='ocr_line' id='line_1_7' title="bbox 300 730 1931 788; baseline 0.001 -15"><span class='ocrx_word' id='word_1_51' title='bbox 300 731 475 774; x_wconf 87' lang='lat' dir='ltr'>uidebis</span> <span class='ocrx_word' id='word_1_52' title='bbox 499 738 544 775; x_wconf 84' lang='lat' dir='ltr'>te</span> <span class='ocrx_word' id='word_1_53' title='bbox 567 731 781 775; x_wconf 90' lang='lat' dir='ltr'>maiorem</span> <span class='ocrx_word' id='word_1_54' title='bbox 807 739 1105 788; x_wconf 88' lang='lat' dir='ltr'>peccatorem:</span> <span class='ocrx_word' id='word_1_55' title='bbox 1132 730 1206 774; x_wconf 92' lang='lat' dir='ltr'>ille</span> <span class='ocrx_word' id='word_1_56' title='bbox 1235 731 1468 774; x_wconf 89' lang='lat' dir='ltr'>mortalem</span> <span class='ocrx_word' id='word_1_57' title='bbox 1492 731 1741 785; x_wconf 86' lang='lat' dir='ltr'>Christum,</span> <span class='ocrx_word' id='word_1_58' title='bbox 1767 738 1812 775; x_wconf 89' lang='lat' dir='ltr'>et</span> <span class='ocrx_word' id='word_1_59' title='bbox 1833 747 1931 775; x_wconf 91' lang='lat' dir='ltr'>ma-</span> 
     </span>
     <span class='ocr_line' id='line_1_8' title="bbox 298 807 1960 865; baseline 0.001 -15"><span class='ocrx_word' id='word_1_60' title='bbox 298 808 418 851; x_wconf 88' lang='lat' dir='ltr'>xima</span> <span class='ocrx_word' id='word_1_61' title='bbox 441 808 690 852; x_wconf 88' lang='lat' dir='ltr'>tentatione</span> <span class='ocrx_word' id='word_1_62' title='bbox 713 808 950 865; x_wconf 88' lang='lat' dir='ltr'>impulsus,</span> <span class='ocrx_word' id='word_1_63' title='bbox 975 815 1021 851; x_wconf 89' lang='lat' dir='ltr'>et</span> <span class='ocrx_word' id='word_1_64' title='bbox 1053 807 1239 864; x_wconf 86' lang='lat' dir='ltr'>triginta</span> <span class='ocrx_word' id='word_1_65' title='bbox 1267 808 1480 860; x_wconf 87' lang='lat' dir='ltr'>nummis,</span> <span class='ocrx_word' id='word_1_66' title='bbox 1506 815 1554 851; x_wconf 90' lang='lat' dir='ltr'>tu</span> <span class='ocrx_word' id='word_1_67' title='bbox 1577 822 1690 853; x_wconf 91' lang='lat' dir='ltr'>uero</span> <span class='ocrx_word' id='word_1_68' title='bbox 1712 819 1818 853; x_wconf 87' lang='lat' dir='ltr'>eum</span> <span class='ocrx_word' id='word_1_69' title='bbox 1846 809 1929 852; x_wconf 92' lang='lat' dir='ltr'>im-</span> <span class='ocrx_word' id='word_1_70' title='bbox 1956 829 1960 833; x_wconf 65' lang='lat'><strong><em>¹</em></strong></span> 
     </span>
     <span class='ocr_line' id='line_1_9' title="bbox 298 869 1928 942; baseline 0.001 -15"><span class='ocrx_word' id='word_1_71' title='bbox 298 886 532 928; x_wconf 84' lang='lat' dir='ltr'>mortalem</span> <span class='ocrx_word' id='word_1_72' title='bbox 555 885 723 942; x_wconf 89' lang='lat' dir='ltr'>pluries</span> <span class='ocrx_word' id='word_1_73' title='bbox 743 869 834 942; x_wconf 25' lang='lat' dir='ltr'>&#39;pro</span> <span class='ocrx_word' id='word_1_74' title='bbox 863 884 1048 927; x_wconf 92' lang='lat' dir='ltr'>minimo</span> <span class='ocrx_word' id='word_1_75' title='bbox 1079 884 1239 928; x_wconf 91' lang='lat' dir='ltr'>uendis</span> <span class='ocrx_word' id='word_1_76' title='bbox 1267 891 1312 929; x_wconf 87' lang='lat' dir='ltr'>et</span> <span class='ocrx_word' id='word_1_77' title='bbox 1340 885 1586 941; x_wconf 85' lang='lat' dir='ltr'>crucifigis.</span> <span class='ocrx_word' id='word_1_78' title='bbox 1625 886 1758 930; x_wconf 93' lang='lat' dir='ltr'>Vnde</span> <span class='ocrx_word' id='word_1_79' title='bbox 1779 885 1928 929; x_wconf 90' lang='lat' dir='ltr'>consi-</span> 
     </span>
     <span class='ocr_line' id='line_1_10' title="bbox 296 961 1928 1019; baseline 0.001 -15"><span class='ocrx_word' id='word_1_80' title='bbox 296 963 497 1006; x_wconf 89' lang='lat' dir='ltr'>derando</span> <span class='ocrx_word' id='word_1_81' title='bbox 521 970 565 1007; x_wconf 91' lang='lat' dir='ltr'>te</span> <span class='ocrx_word' id='word_1_82' title='bbox 587 977 679 1006; x_wconf 90' lang='lat' dir='ltr'>non</span> <span class='ocrx_word' id='word_1_83' title='bbox 701 978 800 1006; x_wconf 90' lang='lat' dir='ltr'>esse</span> <span class='ocrx_word' id='word_1_84' title='bbox 831 962 878 1004; x_wconf 92' lang='lat' dir='ltr'>in</span> <span class='ocrx_word' id='word_1_85' title='bbox 907 962 994 1004; x_wconf 91' lang='lat' dir='ltr'>illis</span> <span class='ocrx_word' id='word_1_86' title='bbox 1023 961 1196 1018; x_wconf 91' lang='lat' dir='ltr'>poenis,</span> <span class='ocrx_word' id='word_1_87' title='bbox 1229 962 1403 1006; x_wconf 90' lang='lat' dir='ltr'>videbis</span> <span class='ocrx_word' id='word_1_88' title='bbox 1429 976 1641 1019; x_wconf 84' lang='lat' dir='ltr'>magnam</span> <span class='ocrx_word' id='word_1_89' title='bbox 1672 962 1928 1007; x_wconf 86' lang='lat' dir='ltr'>misericor-</span> 
     </span>
     <span class='ocr_line' id='line_1_11' title="bbox 296 1038 1926 1095; baseline 0.001 -13"><span class='ocrx_word' id='word_1_90' title='bbox 296 1039 414 1082; x_wconf 89' lang='lat' dir='ltr'>diam</span> <span class='ocrx_word' id='word_1_91' title='bbox 453 1039 558 1092; x_wconf 85' lang='lat' dir='ltr'>Dei,</span> <span class='ocrx_word' id='word_1_92' title='bbox 596 1047 642 1083; x_wconf 92' lang='lat' dir='ltr'>et</span> <span class='ocrx_word' id='word_1_93' title='bbox 680 1054 995 1095; x_wconf 89' lang='lat' dir='ltr'>quaecumque</span> <span class='ocrx_word' id='word_1_94' title='bbox 1032 1038 1198 1095; x_wconf 89' lang='lat' dir='ltr'>pateris</span> <span class='ocrx_word' id='word_1_95' title='bbox 1236 1038 1346 1082; x_wconf 89' lang='lat' dir='ltr'>nihil</span> <span class='ocrx_word' id='word_1_96' title='bbox 1383 1053 1505 1091; x_wconf 91' lang='lat' dir='ltr'>esse,</span> <span class='ocrx_word' id='word_1_97' title='bbox 1545 1039 1926 1083; x_wconf 89' lang='lat' dir='ltr'>verecundaberis</span> 
     </span>
     <span class='ocr_line' id='line_1_12' title="bbox 295 1107 1926 1174; baseline 0.001 -16"><span class='ocrx_word' id='word_1_98' title='bbox 295 1129 449 1159; x_wconf 91' lang='lat' dir='ltr'>coram</span> <span class='ocrx_word' id='word_1_99' title='bbox 465 1117 585 1174; x_wconf 79' lang='lat' dir='ltr'>Juda</span> <span class='ocrx_word' id='word_1_100' title='bbox 608 1124 653 1160; x_wconf 90' lang='lat' dir='ltr'>et</span> <span class='ocrx_word' id='word_1_101' title='bbox 675 1116 906 1166; x_wconf 88' lang='lat' dir='ltr'>Lucifero,</span> <span class='ocrx_word' id='word_1_102' title='bbox 931 1116 1099 1159; x_wconf 90' lang='lat' dir='ltr'>nedum</span> <span class='ocrx_word' id='word_1_103' title='bbox 1133 1107 1284 1158; x_wconf 89' lang='lat' dir='ltr'>coram</span> <span class='ocrx_word' id='word_1_104' title='bbox 1317 1115 1545 1158; x_wconf 86' lang='lat' dir='ltr'>fratribus.</span> <span class='ocrx_word' id='word_1_105' title='bbox 1582 1116 1715 1159; x_wconf 90' lang='lat' dir='ltr'>Vnde</span> <span class='ocrx_word' id='word_1_106' title='bbox 1743 1115 1926 1171; x_wconf 88' lang='lat' dir='ltr'>quidam</span> 
     </span>
     <span class='ocr_line' id='line_1_13' title="bbox 294 1191 1926 1244; baseline 0 -9"><span class='ocrx_word' id='word_1_107' title='bbox 294 1195 379 1236; x_wconf 89' lang='lat' dir='ltr'>hac</span> <span class='ocrx_word' id='word_1_108' title='bbox 402 1192 771 1236; x_wconf 85' lang='lat' dir='ltr'>consideratione</span> <span class='ocrx_word' id='word_1_109' title='bbox 793 1192 854 1235; x_wconf 90' lang='lat' dir='ltr'>ita</span> <span class='ocrx_word' id='word_1_110' title='bbox 877 1198 1131 1235; x_wconf 89' lang='lat' dir='ltr'>commotus</span> <span class='ocrx_word' id='word_1_111' title='bbox 1163 1191 1264 1244; x_wconf 84' lang='lat' dir='ltr'>fuit,</span> <span class='ocrx_word' id='word_1_112' title='bbox 1297 1199 1362 1244; x_wconf 91' lang='lat' dir='ltr'>ut,</span> <span class='ocrx_word' id='word_1_113' title='bbox 1395 1192 1512 1237; x_wconf 77' lang='lat' dir='ltr'><strong>263v</strong></span> <span class='ocrx_word' id='word_1_114' title='bbox 1541 1206 1646 1235; x_wconf 88' lang='lat' dir='ltr'>cum</span> <span class='ocrx_word' id='word_1_115' title='bbox 1673 1199 1794 1236; x_wconf 87' lang='lat' dir='ltr'>esset</span> <span class='ocrx_word' id='word_1_116' title='bbox 1822 1206 1926 1236; x_wconf 90' lang='lat' dir='ltr'>cum</span> 
     </span>
     <span class='ocr_line' id='line_1_14' title="bbox 289 1268 1925 1326; baseline 0.001 -13"><span class='ocrx_word' id='word_1_117' title='bbox 289 1269 388 1313; x_wconf 87' lang='lat' dir='ltr'>aliis</span> <span class='ocrx_word' id='word_1_118' title='bbox 411 1269 714 1326; x_wconf 84' lang='lat' dir='ltr'>pauperculis,</span> <span class='ocrx_word' id='word_1_119' title='bbox 740 1284 832 1312; x_wconf 93' lang='lat' dir='ltr'>non</span> <span class='ocrx_word' id='word_1_120' title='bbox 854 1270 1051 1313; x_wconf 85' lang='lat' dir='ltr'>audebat</span> <span class='ocrx_word' id='word_1_121' title='bbox 1068 1283 1220 1312; x_wconf 90' lang='lat' dir='ltr'>coram</span> <span class='ocrx_word' id='word_1_122' title='bbox 1237 1268 1324 1312; x_wconf 90' lang='lat' dir='ltr'>illis</span> <span class='ocrx_word' id='word_1_123' title='bbox 1340 1283 1557 1325; x_wconf 90' lang='lat' dir='ltr'>apparere</span> <span class='ocrx_word' id='word_1_124' title='bbox 1573 1276 1619 1313; x_wconf 89' lang='lat' dir='ltr'>et</span> <span class='ocrx_word' id='word_1_125' title='bbox 1635 1268 1701 1312; x_wconf 91' lang='lat' dir='ltr'>sic</span> <span class='ocrx_word' id='word_1_126' title='bbox 1718 1269 1925 1314; x_wconf 90' lang='lat' dir='ltr'>innume-</span> 
     </span>
     <span class='ocr_line' id='line_1_15' title="bbox 291 1345 1924 1401; baseline 0.001 -12"><span class='ocrx_word' id='word_1_127' title='bbox 291 1361 440 1389; x_wconf 90' lang='lat' dir='ltr'>meros</span> <span class='ocrx_word' id='word_1_128' title='bbox 459 1348 636 1389; x_wconf 88' lang='lat' dir='ltr'>fructus</span> <span class='ocrx_word' id='word_1_129' title='bbox 652 1361 707 1390; x_wconf 88' lang='lat' dir='ltr'>ex</span> <span class='ocrx_word' id='word_1_130' title='bbox 724 1348 809 1389; x_wconf 93' lang='lat' dir='ltr'>hac</span> <span class='ocrx_word' id='word_1_131' title='bbox 827 1345 1191 1390; x_wconf 88' lang='lat' dir='ltr'>consideratione</span> <span class='ocrx_word' id='word_1_132' title='bbox 1208 1345 1379 1401; x_wconf 87' lang='lat' dir='ltr'>poteris</span> <span class='ocrx_word' id='word_1_133' title='bbox 1395 1345 1576 1398; x_wconf 89' lang='lat' dir='ltr'>elicere,</span> <span class='ocrx_word' id='word_1_134' title='bbox 1595 1345 1632 1389; x_wconf 93' lang='lat' dir='ltr'>si</span> <span class='ocrx_word' id='word_1_135' title='bbox 1649 1346 1924 1390; x_wconf 89' lang='lat' dir='ltr'>exercitatus</span> 
     </span>
     <span class='ocr_line' id='line_1_16' title="bbox 289 1422 1924 1479; baseline -0.001 -13"><span class='ocrx_word' id='word_1_136' title='bbox 289 1424 334 1466; x_wconf 93' lang='lat' dir='ltr'>in</span> <span class='ocrx_word' id='word_1_137' title='bbox 357 1438 410 1468; x_wconf 93' lang='lat' dir='ltr'>ea</span> <span class='ocrx_word' id='word_1_138' title='bbox 434 1423 589 1467; x_wconf 86' lang='lat' dir='ltr'>fueris.</span> <span class='ocrx_word' id='word_1_139' title='bbox 615 1424 707 1468; x_wconf 90' lang='lat' dir='ltr'>Sed</span> <span class='ocrx_word' id='word_1_140' title='bbox 729 1423 1011 1466; x_wconf 87' lang='lat' dir='ltr'>continuatio</span> <span class='ocrx_word' id='word_1_141' title='bbox 1033 1430 1102 1466; x_wconf 91' lang='lat' dir='ltr'>est</span> <span class='ocrx_word' id='word_1_142' title='bbox 1122 1422 1213 1476; x_wconf 90' lang='lat' dir='ltr'>illa,</span> <span class='ocrx_word' id='word_1_143' title='bbox 1239 1437 1356 1478; x_wconf 89' lang='lat' dir='ltr'>quae</span> <span class='ocrx_word' id='word_1_144' title='bbox 1377 1424 1454 1465; x_wconf 89' lang='lat' dir='ltr'>dat</span> <span class='ocrx_word' id='word_1_145' title='bbox 1474 1430 1661 1479; x_wconf 82' lang='lat' dir='ltr'>gustum</span> <span class='ocrx_word' id='word_1_146' title='bbox 1680 1423 1725 1466; x_wconf 89' lang='lat' dir='ltr'>in</span> <span class='ocrx_word' id='word_1_147' title='bbox 1747 1423 1924 1467; x_wconf 85' lang='lat' dir='ltr'>exerci-</span> 
     </span>
     <span class='ocr_line' id='line_1_17' title="bbox 289 1499 1922 1556; baseline 0 -13"><span class='ocrx_word' id='word_1_148' title='bbox 289 1500 362 1543; x_wconf 89' lang='lat' dir='ltr'>tiis</span> <span class='ocrx_word' id='word_1_149' title='bbox 385 1500 711 1556; x_wconf 87' lang='lat' dir='ltr'>spiritualibus.</span> <span class='ocrx_word' id='word_1_150' title='bbox 737 1500 875 1543; x_wconf 86' lang='lat' dir='ltr'>Dabit</span> <span class='ocrx_word' id='word_1_151' title='bbox 899 1499 978 1542; x_wconf 91' lang='lat' dir='ltr'>tibi</span> <span class='ocrx_word' id='word_1_152' title='bbox 1002 1499 1234 1552; x_wconf 89' lang='lat' dir='ltr'>laetitiam,</span> <span class='ocrx_word' id='word_1_153' title='bbox 1255 1499 1360 1555; x_wconf 91' lang='lat' dir='ltr'>quia</span> <span class='ocrx_word' id='word_1_154' title='bbox 1377 1499 1684 1543; x_wconf 88' lang='lat' dir='ltr'>considerabis</span> <span class='ocrx_word' id='word_1_155' title='bbox 1707 1508 1751 1543; x_wconf 92' lang='lat' dir='ltr'>te</span> <span class='ocrx_word' id='word_1_156' title='bbox 1774 1514 1922 1543; x_wconf 91' lang='lat' dir='ltr'>meru-</span> 
     </span>
     <span class='ocr_line' id='line_1_18' title="bbox 285 1576 1922 1634; baseline 0.001 -14"><span class='ocrx_word' id='word_1_157' title='bbox 285 1578 374 1622; x_wconf 88' lang='lat' dir='ltr'>isse</span> <span class='ocrx_word' id='word_1_158' title='bbox 395 1592 584 1634; x_wconf 88' lang='lat' dir='ltr'>poenas‚</span> <span class='ocrx_word' id='word_1_159' title='bbox 610 1591 726 1632; x_wconf 89' lang='lat' dir='ltr'>quae</span> <span class='ocrx_word' id='word_1_160' title='bbox 748 1585 963 1633; x_wconf 86' lang='lat' dir='ltr'>superant</span> <span class='ocrx_word' id='word_1_161' title='bbox 986 1591 1166 1619; x_wconf 86' lang='lat' dir='ltr'>omnem</span> <span class='ocrx_word' id='word_1_162' title='bbox 1195 1591 1378 1621; x_wconf 83' lang='lat' dir='ltr'>sensum</span> <span class='ocrx_word' id='word_1_163' title='bbox 1400 1583 1447 1620; x_wconf 92' lang='lat' dir='ltr'>et</span> <span class='ocrx_word' id='word_1_164' title='bbox 1479 1584 1678 1620; x_wconf 89' lang='lat' dir='ltr'>nostram</span> <span class='ocrx_word' id='word_1_165' title='bbox 1711 1576 1922 1622; x_wconf 83' lang='lat' dir='ltr'>conside-</span> 
     </span>
     <span class='ocr_line' id='line_1_19' title="bbox 287 1653 1921 1710; baseline 0.001 -13"><span class='ocrx_word' id='word_1_166' title='bbox 287 1654 526 1707; x_wconf 89' lang='lat' dir='ltr'>rationem,</span> <span class='ocrx_word' id='word_1_167' title='bbox 557 1661 603 1698; x_wconf 93' lang='lat' dir='ltr'>et</span> <span class='ocrx_word' id='word_1_168' title='bbox 633 1654 754 1709; x_wconf 92' lang='lat' dir='ltr'>quod</span> <span class='ocrx_word' id='word_1_169' title='bbox 786 1653 1008 1696; x_wconf 90' lang='lat' dir='ltr'>Dominus</span> <span class='ocrx_word' id='word_1_170' title='bbox 1045 1654 1122 1696; x_wconf 90' lang='lat' dir='ltr'>det</span> <span class='ocrx_word' id='word_1_171' title='bbox 1158 1653 1239 1696; x_wconf 88' lang='lat' dir='ltr'>tibi</span> <span class='ocrx_word' id='word_1_172' title='bbox 1276 1660 1365 1695; x_wconf 89' lang='lat' dir='ltr'>tam</span> <span class='ocrx_word' id='word_1_173' title='bbox 1403 1654 1545 1696; x_wconf 89' lang='lat' dir='ltr'>multa</span> <span class='ocrx_word' id='word_1_174' title='bbox 1581 1654 1716 1705; x_wconf 91' lang='lat' dir='ltr'>bona,</span> <span class='ocrx_word' id='word_1_175' title='bbox 1757 1667 1921 1710; x_wconf 92' lang='lat' dir='ltr'>nempe</span> 
     </span>
     <span class='ocr_line' id='line_1_20' title="bbox 286 1729 1921 1787; baseline 0.001 -14"><span class='ocrx_word' id='word_1_176' title='bbox 286 1733 452 1783; x_wconf 86' lang='lat' dir='ltr'>lucem,</span> <span class='ocrx_word' id='word_1_177' title='bbox 479 1731 646 1783; x_wconf 90' lang='lat' dir='ltr'>cibum,</span> <span class='ocrx_word' id='word_1_178' title='bbox 673 1738 782 1784; x_wconf 82' lang='lat' dir='ltr'>etc.,</span> <span class='ocrx_word' id='word_1_179' title='bbox 808 1745 911 1774; x_wconf 92' lang='lat' dir='ltr'>cum</span> <span class='ocrx_word' id='word_1_180' title='bbox 935 1730 1008 1775; x_wconf 91' lang='lat' dir='ltr'>ille</span> <span class='ocrx_word' id='word_1_181' title='bbox 1032 1731 1179 1787; x_wconf 87' lang='lat' dir='ltr'>Epulo</span> <span class='ocrx_word' id='word_1_182' title='bbox 1208 1731 1352 1774; x_wconf 89' lang='lat' dir='ltr'>solum</span> <span class='ocrx_word' id='word_1_183' title='bbox 1376 1737 1554 1786; x_wconf 83' lang='lat' dir='ltr'>guttam</span> <span class='ocrx_word' id='word_1_184' title='bbox 1577 1744 1722 1785; x_wconf 92' lang='lat' dir='ltr'>aquae</span> <span class='ocrx_word' id='word_1_185' title='bbox 1742 1729 1921 1774; x_wconf 89' lang='lat' dir='ltr'>deside-</span> 
     </span>
     <span class='ocr_line' id='line_1_21' title="bbox 286 1808 1183 1864; baseline -0.001 -14"><span class='ocrx_word' id='word_1_186' title='bbox 286 1808 402 1851; x_wconf 87' lang='lat' dir='ltr'>ravit</span> <span class='ocrx_word' id='word_1_187' title='bbox 424 1816 470 1852; x_wconf 90' lang='lat' dir='ltr'>et</span> <span class='ocrx_word' id='word_1_188' title='bbox 492 1822 583 1850; x_wconf 91' lang='lat' dir='ltr'>non</span> <span class='ocrx_word' id='word_1_189' title='bbox 607 1808 754 1864; x_wconf 91' lang='lat' dir='ltr'>potuit</span> <span class='ocrx_word' id='word_1_190' title='bbox 776 1808 996 1852; x_wconf 90' lang='lat' dir='ltr'>obtinere.</span> <span class='ocrx_word' id='word_1_191' title='bbox 1181 1861 1183 1863; x_wconf 14' lang='lat' dir='ltr'>q</span> 
     </span>
    </p>

    <p class='ocr_par' dir='ltr' id='par_1_3' title="bbox 283 1882 1920 2160">
     <span class='ocr_line' id='line_1_22' title="bbox 375 1882 1916 1939; baseline -0.001 -11"><span class='ocrx_word' id='word_1_192' title='bbox 375 1886 576 1929; x_wconf 90' lang='lat' dir='ltr'>Deberet</span> <span class='ocrx_word' id='word_1_193' title='bbox 598 1885 735 1927; x_wconf 89' lang='lat' dir='ltr'>homo</span> <span class='ocrx_word' id='word_1_194' title='bbox 758 1884 893 1928; x_wconf 89' lang='lat' dir='ltr'>etiam</span> <span class='ocrx_word' id='word_1_195' title='bbox 916 1899 964 1927; x_wconf 93' lang='lat' dir='ltr'>se</span> <span class='ocrx_word' id='word_1_196' title='bbox 987 1897 1200 1928; x_wconf 84' lang='lat' dir='ltr'>exercere</span> <span class='ocrx_word' id='word_1_197' title='bbox 1222 1882 1268 1926; x_wconf 92' lang='lat' dir='ltr'>in</span> <span class='ocrx_word' id='word_1_198' title='bbox 1297 1883 1504 1927; x_wconf 90' lang='lat' dir='ltr'>habenda</span> <span class='ocrx_word' id='word_1_199' title='bbox 1533 1883 1787 1939; x_wconf 90' lang='lat' dir='ltr'>praesentia</span> <span class='ocrx_word' id='word_1_200' title='bbox 1814 1883 1916 1936; x_wconf 89' lang='lat' dir='ltr'>Dei,</span> 
     </span>
     <span class='ocr_line' id='line_1_23' title="bbox 285 1960 1920 2018; baseline -0.001 -13"><span class='ocrx_word' id='word_1_201' title='bbox 285 1970 331 2006; x_wconf 88' lang='lat' dir='ltr'>et</span> <span class='ocrx_word' id='word_1_202' title='bbox 352 1962 415 2004; x_wconf 91' lang='lat' dir='ltr'>ita</span> <span class='ocrx_word' id='word_1_203' title='bbox 437 1977 486 2005; x_wconf 90' lang='lat' dir='ltr'>se</span> <span class='ocrx_word' id='word_1_204' title='bbox 509 1961 764 2015; x_wconf 83' lang='lat' dir='ltr'>habituare,</span> <span class='ocrx_word' id='word_1_205' title='bbox 793 1969 842 2004; x_wconf 91' lang='lat' dir='ltr'>ut</span> <span class='ocrx_word' id='word_1_206' title='bbox 864 1961 1014 2004; x_wconf 89' lang='lat' dir='ltr'>animo</span> <span class='ocrx_word' id='word_1_207' title='bbox 1036 1960 1144 2003; x_wconf 92' lang='lat' dir='ltr'>illuc</span> <span class='ocrx_word' id='word_1_208' title='bbox 1165 1960 1318 2003; x_wconf 91' lang='lat' dir='ltr'>statim</span> <span class='ocrx_word' id='word_1_209' title='bbox 1341 1961 1527 2012; x_wconf 87' lang='lat' dir='ltr'>feratur,</span> <span class='ocrx_word' id='word_1_210' title='bbox 1553 1960 1671 2003; x_wconf 93' lang='lat' dir='ltr'>sicut</span> <span class='ocrx_word' id='word_1_211' title='bbox 1692 1960 1920 2018; x_wconf 85' lang='lat' dir='ltr'>contingit</span> 
     </span>
     <span class='ocr_line' id='line_1_24' title="bbox 286 2036 1919 2094; baseline 0 -14"><span class='ocrx_word' id='word_1_212' title='bbox 286 2038 375 2091; x_wconf 89' lang='lat' dir='ltr'>his,</span> <span class='ocrx_word' id='word_1_213' title='bbox 417 2039 510 2094; x_wconf 92' lang='lat' dir='ltr'>qui,</span> <span class='ocrx_word' id='word_1_214' title='bbox 550 2038 775 2082; x_wconf 87' lang='lat' dir='ltr'>habituati</span> <span class='ocrx_word' id='word_1_215' title='bbox 813 2038 857 2080; x_wconf 92' lang='lat' dir='ltr'>in</span> <span class='ocrx_word' id='word_1_216' title='bbox 895 2038 1064 2093; x_wconf 90' lang='lat' dir='ltr'>aliquo,</span> <span class='ocrx_word' id='word_1_217' title='bbox 1106 2037 1182 2094; x_wconf 91' lang='lat' dir='ltr'>qui</span> <span class='ocrx_word' id='word_1_218' title='bbox 1218 2037 1353 2080; x_wconf 91' lang='lat' dir='ltr'>etiam</span> <span class='ocrx_word' id='word_1_219' title='bbox 1390 2051 1483 2080; x_wconf 92' lang='lat' dir='ltr'>non</span> <span class='ocrx_word' id='word_1_220' title='bbox 1519 2036 1775 2093; x_wconf 87' lang='lat' dir='ltr'>cogitantes</span> <span class='ocrx_word' id='word_1_221' title='bbox 1811 2037 1919 2080; x_wconf 93' lang='lat' dir='ltr'>illuc</span> 
     </span>
     <span class='ocr_line' id='line_1_25' title="bbox 283 2117 495 2160; baseline 0 -2"><span class='ocrx_word' id='word_1_222' title='bbox 283 2117 495 2160; x_wconf 87' lang='lat' dir='ltr'>tendunt.</span> 
     </span>
    </p>

    <p class='ocr_par' dir='ltr' id='par_1_4' title="bbox 280 2190 1918 2402">
     <span class='ocr_line' id='line_1_26' title="bbox 372 2190 1918 2247; baseline -0.002 -12"><span class='ocrx_word' id='word_1_223' title='bbox 372 2194 422 2235; x_wconf 92' lang='lat' dir='ltr'>In</span> <span class='ocrx_word' id='word_1_224' title='bbox 446 2192 811 2239; x_wconf 87' lang='lat' dir='ltr'>consideratione</span> <span class='ocrx_word' id='word_1_225' title='bbox 835 2192 1000 2236; x_wconf 89' lang='lat' dir='ltr'>inferni</span> <span class='ocrx_word' id='word_1_226' title='bbox 1022 2193 1162 2235; x_wconf 90' lang='lat' dir='ltr'>debes</span> <span class='ocrx_word' id='word_1_227' title='bbox 1185 2192 1334 2242; x_wconf 87' lang='lat' dir='ltr'>facere</span> <span class='ocrx_word' id='word_1_228' title='bbox 1365 2190 1762 2247; x_wconf 86' lang='lat' dir='ltr'>comparationem,</span> <span class='ocrx_word' id='word_1_229' title='bbox 1793 2190 1831 2232; x_wconf 88' lang='lat' dir='ltr'>si</span> <span class='ocrx_word' id='word_1_230' title='bbox 1854 2190 1918 2233; x_wconf 91' lang='lat' dir='ltr'>illi</span> 
     </span>
     <span class='ocr_line' id='line_1_27' title="bbox 282 2266 1916 2324; baseline -0.002 -12"><span class='ocrx_word' id='word_1_231' title='bbox 282 2271 372 2312; x_wconf 90' lang='lat' dir='ltr'>hoc</span> <span class='ocrx_word' id='word_1_232' title='bbox 395 2271 566 2312; x_wconf 89' lang='lat' dir='ltr'>bonum</span> <span class='ocrx_word' id='word_1_233' title='bbox 600 2270 673 2312; x_wconf 91' lang='lat' dir='ltr'>uel</span> <span class='ocrx_word' id='word_1_234' title='bbox 699 2268 811 2311; x_wconf 92' lang='lat' dir='ltr'>illud</span> <span class='ocrx_word' id='word_1_235' title='bbox 839 2270 1075 2321; x_wconf 89' lang='lat' dir='ltr'>haberent,</span> <span class='ocrx_word' id='word_1_236' title='bbox 1105 2268 1141 2312; x_wconf 93' lang='lat' dir='ltr'>si</span> <span class='ocrx_word' id='word_1_237' title='bbox 1177 2283 1348 2324; x_wconf 89' lang='lat' dir='ltr'>poenas</span> <span class='ocrx_word' id='word_1_238' title='bbox 1380 2267 1478 2312; x_wconf 90' lang='lat' dir='ltr'>illas</span> <span class='ocrx_word' id='word_1_239' title='bbox 1511 2274 1841 2312; x_wconf 89' lang='lat' dir='ltr'>commutarent</span> <span class='ocrx_word' id='word_1_240' title='bbox 1870 2266 1916 2310; x_wconf 91' lang='lat' dir='ltr'>in</span> 
     </span>
     <span class='ocr_line' id='line_1_28' title="bbox 280 2345 1394 2402; baseline -0.002 -13"><span class='ocrx_word' id='word_1_241' title='bbox 280 2349 398 2390; x_wconf 90' lang='lat' dir='ltr'>hanc</span> <span class='ocrx_word' id='word_1_242' title='bbox 421 2361 624 2402; x_wconf 90' lang='lat' dir='ltr'>paruam,</span> <span class='ocrx_word' id='word_1_243' title='bbox 649 2360 785 2401; x_wconf 85' lang='lat' dir='ltr'>quarn</span> <span class='ocrx_word' id='word_1_244' title='bbox 809 2345 969 2400; x_wconf 90' lang='lat' dir='ltr'>patior,</span> <span class='ocrx_word' id='word_1_245' title='bbox 996 2345 1154 2400; x_wconf 91' lang='lat' dir='ltr'>quanti</span> <span class='ocrx_word' id='word_1_246' title='bbox 1179 2345 1394 2388; x_wconf 88' lang='lat' dir='ltr'>facerent.</span> 
     </span>
    </p>

    <p class='ocr_par' dir='ltr' id='par_1_5' title="bbox 279 2420 1916 2711">
     <span class='ocr_line' id='line_1_29' title="bbox 371 2420 1916 2475; baseline -0.003 -8"><span class='ocrx_word' id='word_1_247' title='bbox 371 2426 437 2467; x_wconf 85' lang='lat' dir='ltr'>Ex</span> <span class='ocrx_word' id='word_1_248' title='bbox 469 2422 751 2467; x_wconf 88' lang='lat' dir='ltr'>aestimatiua</span> <span class='ocrx_word' id='word_1_249' title='bbox 786 2422 986 2465; x_wconf 89' lang='lat' dir='ltr'>nascitur</span> <span class='ocrx_word' id='word_1_250' title='bbox 1019 2437 1158 2465; x_wconf 91' lang='lat' dir='ltr'>amor.</span> <span class='ocrx_word' id='word_1_251' title='bbox 1190 2421 1238 2467; x_wconf 90' lang='lat' dir='ltr'>Si</span> <span class='ocrx_word' id='word_1_252' title='bbox 1269 2436 1352 2464; x_wconf 93' lang='lat' dir='ltr'>nos</span> <span class='ocrx_word' id='word_1_253' title='bbox 1381 2420 1671 2464; x_wconf 85' lang='lat' dir='ltr'>aestimamus</span> <span class='ocrx_word' id='word_1_254' title='bbox 1699 2434 1769 2474; x_wconf 89' lang='lat' dir='ltr'>ea,</span> <span class='ocrx_word' id='word_1_255' title='bbox 1799 2434 1916 2475; x_wconf 88' lang='lat' dir='ltr'>quae</span> 
     </span>
     <span class='ocr_line' id='line_1_30' title="bbox 279 2495 1915 2556; baseline -0.003 -12"><span class='ocrx_word' id='word_1_256' title='bbox 279 2501 506 2544; x_wconf 87' lang='lat' dir='ltr'>Dominus</span> <span class='ocrx_word' id='word_1_257' title='bbox 528 2514 609 2556; x_wconf 89' lang='lat' dir='ltr'>pro</span> <span class='ocrx_word' id='word_1_258' title='bbox 631 2499 762 2542; x_wconf 92' lang='lat' dir='ltr'>nobis</span> <span class='ocrx_word' id='word_1_259' title='bbox 784 2499 908 2550; x_wconf 86' lang='lat' dir='ltr'>facit,</span> <span class='ocrx_word' id='word_1_260' title='bbox 935 2499 1187 2542; x_wconf 88' lang='lat' dir='ltr'>amabimus</span> <span class='ocrx_word' id='word_1_261' title='bbox 1207 2512 1328 2541; x_wconf 91' lang='lat' dir='ltr'>eum.</span> <span class='ocrx_word' id='word_1_262' title='bbox 1355 2499 1459 2541; x_wconf 92' lang='lat' dir='ltr'>Non</span> <span class='ocrx_word' id='word_1_263' title='bbox 1476 2496 1783 2550; x_wconf 87' lang='lat' dir='ltr'>aestimamus,</span> <span class='ocrx_word' id='word_1_264' title='bbox 1808 2495 1915 2552; x_wconf 90' lang='lat' dir='ltr'>quia</span> 
     </span>
     <span class='ocr_line' id='line_1_31' title="bbox 280 2573 1914 2635; baseline -0.004 -14"><span class='ocrx_word' id='word_1_265' title='bbox 280 2594 373 2621; x_wconf 92' lang='lat' dir='ltr'>non</span> <span class='ocrx_word' id='word_1_266' title='bbox 395 2577 716 2635; x_wconf 83' lang='lat' dir='ltr'>cognoscimus</span> <span class='ocrx_word' id='word_1_267' title='bbox 738 2590 836 2628; x_wconf 90' lang='lat' dir='ltr'>nos,</span> <span class='ocrx_word' id='word_1_268' title='bbox 862 2583 907 2620; x_wconf 87' lang='lat' dir='ltr'>et</span> <span class='ocrx_word' id='word_1_269' title='bbox 930 2591 1021 2619; x_wconf 89' lang='lat' dir='ltr'>non</span> <span class='ocrx_word' id='word_1_270' title='bbox 1045 2575 1299 2618; x_wconf 89' lang='lat' dir='ltr'>iudicamus</span> <span class='ocrx_word' id='word_1_271' title='bbox 1320 2589 1406 2617; x_wconf 91' lang='lat' dir='ltr'>nos</span> <span class='ocrx_word' id='word_1_272' title='bbox 1427 2575 1550 2630; x_wconf 85' lang='lat' dir='ltr'>ipsos</span> <span class='ocrx_word' id='word_1_273' title='bbox 1578 2574 1743 2631; x_wconf 86' lang='lat' dir='ltr'>dignos</span> <span class='ocrx_word' id='word_1_274' title='bbox 1773 2573 1914 2616; x_wconf 88' lang='lat' dir='ltr'>infer—</span> 
     </span>
     <span class='ocr_line' id='line_1_32' title="bbox 279 2651 1909 2711; baseline -0.002 -14"><span class='ocrx_word' id='word_1_275' title='bbox 279 2669 355 2707; x_wconf 89' lang='lat' dir='ltr'>no,</span> <span class='ocrx_word' id='word_1_276' title='bbox 380 2670 486 2699; x_wconf 89' lang='lat' dir='ltr'>nam</span> <span class='ocrx_word' id='word_1_277' title='bbox 509 2662 605 2697; x_wconf 90' lang='lat' dir='ltr'>tum</span> <span class='ocrx_word' id='word_1_278' title='bbox 629 2653 783 2711; x_wconf 84' lang='lat' dir='ltr'>magni</span> <span class='ocrx_word' id='word_1_279' title='bbox 805 2653 1150 2697; x_wconf 88' lang='lat' dir='ltr'>aestimaremus</span> <span class='ocrx_word' id='word_1_280' title='bbox 1171 2667 1241 2706; x_wconf 90' lang='lat' dir='ltr'>ea,</span> <span class='ocrx_word' id='word_1_281' title='bbox 1263 2667 1380 2708; x_wconf 90' lang='lat' dir='ltr'>quae</span> <span class='ocrx_word' id='word_1_282' title='bbox 1398 2651 1638 2708; x_wconf 88' lang='lat' dir='ltr'>recipimus</span> <span class='ocrx_word' id='word_1_283' title='bbox 1653 2666 1680 2695; x_wconf 90' lang='lat' dir='ltr'>a</span> <span class='ocrx_word' id='word_1_284' title='bbox 1697 2651 1909 2695; x_wconf 87' lang='lat' dir='ltr'>Domino.</span> 
     </span>
    </p>

    <p class='ocr_par' dir='ltr' id='par_1_6' title="bbox 274 2726 1977 3093">
     <span class='ocr_line' id='line_1_33' title="bbox 368 2726 1914 2781; baseline -0.004 -7"><span class='ocrx_word' id='word_1_285' title='bbox 368 2733 436 2774; x_wconf 86' lang='lat' dir='ltr'>Ex</span> <span class='ocrx_word' id='word_1_286' title='bbox 457 2734 543 2775; x_wconf 92' lang='lat' dir='ltr'>hac</span> <span class='ocrx_word' id='word_1_287' title='bbox 566 2729 927 2775; x_wconf 88' lang='lat' dir='ltr'>consideratione</span> <span class='ocrx_word' id='word_1_288' title='bbox 944 2729 1256 2773; x_wconf 88' lang='lat' dir='ltr'>humiliabitur</span> <span class='ocrx_word' id='word_1_289' title='bbox 1273 2731 1426 2781; x_wconf 90' lang='lat' dir='ltr'>homo,</span> <span class='ocrx_word' id='word_1_290' title='bbox 1446 2736 1497 2771; x_wconf 93' lang='lat' dir='ltr'>ut</span> <span class='ocrx_word' id='word_1_291' title='bbox 1513 2727 1649 2772; x_wconf 88' lang='lat' dir='ltr'>etiam</span> <span class='ocrx_word' id='word_1_292' title='bbox 1665 2726 1914 2771; x_wconf 89' lang='lat' dir='ltr'>admiretur</span> 
     </span>
     <span class='ocr_line' id='line_1_34' title="bbox 277 2798 1912 2865; baseline -0.004 -13"><span class='ocrx_word' id='word_1_293' title='bbox 277 2810 400 2865; x_wconf 91' lang='lat' dir='ltr'>quod</span> <span class='ocrx_word' id='word_1_294' title='bbox 421 2811 549 2853; x_wconf 88' lang='lat' dir='ltr'>Deus</span> <span class='ocrx_word' id='word_1_295' title='bbox 571 2809 649 2851; x_wconf 92' lang='lat' dir='ltr'>det</span> <span class='ocrx_word' id='word_1_296' title='bbox 670 2807 710 2851; x_wconf 91' lang='lat' dir='ltr'>ei</span> <span class='ocrx_word' id='word_1_297' title='bbox 732 2809 897 2850; x_wconf 90' lang='lat' dir='ltr'>bonam</span> <span class='ocrx_word' id='word_1_298' title='bbox 922 2807 1262 2863; x_wconf 84' lang='lat' dir='ltr'>cogitationem3</span> <span class='ocrx_word' id='word_1_299' title='bbox 1287 2806 1325 2850; x_wconf 91' lang='lat' dir='ltr'>si</span> <span class='ocrx_word' id='word_1_300' title='bbox 1347 2798 1577 2849; x_wconf 86' lang='lat' dir='ltr'>desolatus</span> <span class='ocrx_word' id='word_1_301' title='bbox 1594 2811 1680 2857; x_wconf 90' lang='lat' dir='ltr'>est,</span> <span class='ocrx_word' id='word_1_302' title='bbox 1703 2804 1912 2847; x_wconf 91' lang='lat' dir='ltr'>consola-</span> 
     </span>
     <span class='ocr_line' id='line_1_35' title="bbox 277 2881 1908 2940; baseline -0.003 -12"><span class='ocrx_word' id='word_1_303' title='bbox 277 2886 414 2939; x_wconf 90' lang='lat' dir='ltr'>bitur,</span> <span class='ocrx_word' id='word_1_304' title='bbox 450 2886 648 2929; x_wconf 90' lang='lat' dir='ltr'>uidendo</span> <span class='ocrx_word' id='word_1_305' title='bbox 681 2885 803 2940; x_wconf 89' lang='lat' dir='ltr'>quod</span> <span class='ocrx_word' id='word_1_306' title='bbox 834 2898 926 2926; x_wconf 90' lang='lat' dir='ltr'>non</span> <span class='ocrx_word' id='word_1_307' title='bbox 958 2885 1098 2928; x_wconf 91' lang='lat' dir='ltr'>habet</span> <span class='ocrx_word' id='word_1_308' title='bbox 1134 2882 1375 2926; x_wconf 85' lang='lat' dir='ltr'>maximam</span> <span class='ocrx_word' id='word_1_309' title='bbox 1406 2882 1525 2926; x_wconf 91' lang='lat' dir='ltr'>illam</span> <span class='ocrx_word' id='word_1_310' title='bbox 1564 2881 1908 2932; x_wconf 87' lang='lat' dir='ltr'>desolationem,</span> 
     </span>
     <span class='ocr_line' id='line_1_36' title="bbox 274 2958 1977 3019; baseline -0.002 -13"><span class='ocrx_word' id='word_1_311' title='bbox 274 2979 411 3019; x_wconf 88' lang='lat' dir='ltr'>quam</span> <span class='ocrx_word' id='word_1_312' title='bbox 434 2971 648 3006; x_wconf 90' lang='lat' dir='ltr'>meretur.</span> <span class='ocrx_word' id='word_1_313' title='bbox 675 2962 724 3006; x_wconf 89' lang='lat' dir='ltr'>Si</span> <span class='ocrx_word' id='word_1_314' title='bbox 746 2961 793 3003; x_wconf 93' lang='lat' dir='ltr'>in</span> <span class='ocrx_word' id='word_1_315' title='bbox 815 2960 965 3016; x_wconf 83' lang='lat' dir='ltr'>aliqua</span> <span class='ocrx_word' id='word_1_316' title='bbox 987 2960 1190 3004; x_wconf 90' lang='lat' dir='ltr'>siccitate</span> <span class='ocrx_word' id='word_1_317' title='bbox 1212 2967 1297 3013; x_wconf 90' lang='lat' dir='ltr'>est,</span> <span class='ocrx_word' id='word_1_318' title='bbox 1330 2959 1591 3003; x_wconf 91' lang='lat' dir='ltr'>consoletur</span> <span class='ocrx_word' id='word_1_319' title='bbox 1618 2958 1771 3011; x_wconf 91' lang='lat' dir='ltr'>etiam,</span> <span class='ocrx_word' id='word_1_320' title='bbox 1803 2972 1910 3011; x_wconf 88' lang='lat' dir='ltr'>con·</span> <span class='ocrx_word' id='word_1_321' title='bbox 1974 2999 1977 3002; x_wconf 17' lang='grc' dir='ltr'><em>Α</em></span> 
     </span>
     <span class='ocr_line' id='line_1_37' title="bbox 275 3035 1910 3093; baseline -0.003 -10"><span class='ocrx_word' id='word_1_322' title='bbox 275 3041 533 3093; x_wconf 84' lang='lat' dir='ltr'>siderando,</span> <span class='ocrx_word' id='word_1_323' title='bbox 559 3054 608 3084; x_wconf 91' lang='lat' dir='ltr'>se</span> <span class='ocrx_word' id='word_1_324' title='bbox 631 3053 721 3082; x_wconf 91' lang='lat' dir='ltr'>non</span> <span class='ocrx_word' id='word_1_325' title='bbox 744 3038 912 3082; x_wconf 87' lang='lat' dir='ltr'>habere</span> <span class='ocrx_word' id='word_1_326' title='bbox 935 3037 1055 3080; x_wconf 90' lang='lat' dir='ltr'>illam</span> <span class='ocrx_word' id='word_1_327' title='bbox 1079 3037 1321 3080; x_wconf 88' lang='lat' dir='ltr'>maximam</span> <span class='ocrx_word' id='word_1_328' title='bbox 1344 3035 1612 3080; x_wconf 84' lang='lat' dir='ltr'>siccitatem.</span> <span class='ocrx_word' id='word_1_329' title='bbox 1632 3036 1682 3079; x_wconf 92' lang='lat' dir='ltr'>In</span> <span class='ocrx_word' id='word_1_330' title='bbox 1699 3035 1787 3079; x_wconf 90' lang='lat' dir='ltr'>hae</span> <span class='ocrx_word' id='word_1_331' title='bbox 1803 3049 1910 3078; x_wconf 91' lang='lat' dir='ltr'>con-</span> 
     </span>
    </p>
   </div>
   <div class='ocr_carea' id='block_1_3' title="bbox 1993 2037 2098 3470">
    <p class='ocr_par' dir='ltr' id='par_1_7' title="bbox 1993 2037 2098 3470">
     <span class='ocr_line' id='line_1_38' title="bbox 1993 2037 2098 3470; baseline 0 0"><span class='ocrx_word' id='word_1_332' title='bbox 1993 2037 2098 3470; x_wconf 95' lang='lat' dir='ltr'> </span> 
     </span>
    </p>
   </div>
  </div>
 </body>
</html>
