2098 3470
614 251 890 288 Monuussuu
915 257 1173 286 pnovmcmss
1197 247 1537 293 Rammius-53
1778 246 1849 283 323

251 361 348 407 tur,
367 353 630 410 praesertim
648 366 730 410 pro
746 352 850 404 illis,
866 351 944 407 qui
959 350 1218 395 seruierunt
1236 349 1417 394 interim
1440 349 1664 407 collegiis;
1682 350 1794 394 satis
1811 365 1895 394 au-

213 453 217 456 ·
254 437 348 474 tem
368 430 454 474 erit
474 429 512 473 si
534 431 697 474 fratres
717 427 854 473 iidem
877 434 1035 485 postea
1055 427 1296 472 mittantur
1317 427 1604 483 Herbipolim
1627 441 1733 470 curn
1752 427 1893 471 vesti-

254 507 358 560 bus,
383 521 499 563 quas
521 522 579 552 ex
600 507 726 551 Vrbe
748 506 968 558 tulerunt,
1000 505 1075 549 uel
1101 505 1407 550 mediocribus
1434 504 1550 558 aliis,
1582 504 1628 547 in
1659 505 1827 560 quibus
1854 505 1892 547 si

254 592 377 629 esset
399 591 643 641 grauatum
659 582 926 640 collegium,
958 583 1171 626 refundet
1198 581 1368 637 aliquid
1393 596 1477 638 pro
1509 581 1597 625 illis
1629 581 1889 638 sumptibus

254 660 502 718 collegium
525 660 845 717 herbipolense
878 662 907 702 ¹.

343 739 501 795 Agere
522 745 672 794 potest
691 735 986 793 prouincialis
1006 751 1111 779 cum
1133 735 1439 788 confessariis,
1469 742 1517 779 ut
1539 750 1597 779 ne
1621 743 1791 780 temere
1817 737 1890 780 di-

248 822 470 872 spensent
498 829 604 858 cum
635 813 803 857 nostris
829 812 1060 865 fratribus,
1084 812 1162 868 qui
1184 812 1376 869 cupiun‘t
1391 812 1572 857 liberari
1601 827 1627 855 a
1655 813 1889 856 recitando

250 891 404 936 officio
424 893 586 935 beatae
607 890 829 948 Virginis.
853 891 993 946 Quod
1014 890 1052 933 si
1074 889 1276 933 iudicant
1305 903 1401 942 eos,
1426 889 1504 945 qui
1526 898 1705 946 petunt,
1733 890 1891 933 utilius

244 968 297 1012 in
329 968 627 1014 meditatione
661 967 882 1025 spirituali
919 969 1007 1011 hoc
1044 974 1223 1023 tempus
1259 967 1481 1010 recitandi
1524 967 1660 1011 officii
1696 982 1884 1024 ponere,

248 1053 467 1102 poterunt
494 1046 677 1101 quidem
699 1045 978 1102 dispensare,
1003 1046 1084 1089 sed
1111 1045 1371 1088 consultum
1399 1052 1520 1088 esset
1552 1044 1705 1097 etiam,
1733 1052 1783 1088 ut
1819 1046 1886 1088 al-

209 1142 219 1153 ·
247 1122 391 1166 ternis
410 1122 574 1167 diebus
601 1130 782 1166 orarent
803 1121 1000 1165 officium
1024 1122 1196 1165 dictum
1224 1122 1459 1174 vocaliter,
1483 1129 1529 1165 et
1556 1121 1655 1165 aliis
1692 1122 1885 1166 medita-

243 1207 421 1254 rentur,
446 1207 497 1242 ut
518 1199 582 1242 ita
602 1214 695 1243 non
715 1199 901 1242 omnino
921 1200 1193 1243 desuescant
1214 1196 1360 1243 vocali
1382 1199 1587 1243 oratione
1610 1200 1694 1242 uti.
1715 1201 1821 1255 Qua
1838 1199 1883 1242 in

244 1291 297 1321 re
318 1277 529 1320 habenda
549 1276 635 1319 erit
659 1276 774 1320 ratio
794 1275 991 1333 diligens
1018 1291 1332 1332 personarum,
1363 1290 1469 1319 cum
1497 1276 1666 1331 quibus
1695 1276 1885 1332 dispen-

241 1359 390 1397 satur.
804 1405 806 1407 ,

333 1429 384 1477 Si
410 1431 639 1475 Monachii
667 1432 830 1474 domus
860 1430 1180 1474 conuictorum
1217 1431 1387 1475 nostris
1417 1432 1658 1475 offerretur
1695 1431 1878 1476 nomine

242 1506 476 1565 principis,
501 1515 552 1551 ut
573 1522 730 1551 curam
753 1499 854 1552 eius
874 1508 1227 1564 susciperemus,
1253 1509 1600 1565 respondeatur,
1626 1523 1722 1553 rem
1751 1508 1880 1564 prius

237 1583 300 1627 ad
320 1585 579 1641 generalem
603 1585 887 1629 referendam
910 1599 1027 1636 esse,
1051 1592 1098 1628 et
1118 1585 1345 1628 scribatur
1366 1585 1425 1638 ei,
1450 1600 1508 1628 an
1527 1585 1586 1628 sit
1602 1585 1766 1642 aliquis
1782 1585 1879 1628 ido-

242 1675 356 1705 neus
377 1676 403 1705 e
430 1661 615 1711 nostris,
641 1661 719 1718 qui
748 1661 937 1718 praefici
965 1661 1124 1718 possit,
1155 1661 1255 1718 ipso
1291 1662 1623 1706 consentiente.
1658 1662 1880 1706 Difficiles

235 1736 408 1793 alioqui
425 1753 509 1782 nos
530 1739 751 1795 praebere
771 1740 992 1784 debemus
1013 1739 1059 1782 in
1082 1740 1176 1782 hoc
1196 1753 1322 1782 nouo
1345 1754 1486 1784 onere
1507 1739 1815 1796 suscipiendo.
1930 1729 1936 1733 ¹

327 1815 583 1860 Absoluere
599 1816 744 1859 nostri
762 1824 954 1872 possunt
975 1815 1247 1860 simoniacos
1264 1817 1321 1859 ab
1338 1816 1782 1870 excomunicatione;
1797 1819 1878 1862 sed

234 1893 361 1948 quod
381 1893 439 1935 ad
465 1891 799 1938 restitutionem
828 1893 1007 1945 attinet,
1033 1893 1246 1937 monendi
1274 1901 1383 1937 sunt
1410 1893 1490 1947 illi,
1517 1901 1567 1937 ut
1595 1893 1876 1937 satisfaciant

239 1969 390 2013 bullae
424 1969 675 2026 pontificis,
706 1970 884 2014 etiarnsi
913 1985 1032 2026 opus
1067 1977 1188 2015 esset
1224 1971 1388 2015 cedere
1425 1971 1641 2015 benefitio
1674 1979 1707 2014 ³.
1743 1973 1877 2015 Adde

234 2045 361 2101 quod
381 2045 551 2090 debent
571 2045 704 2102 periti
726 2062 826 2091 esse
848 2048 905 2090 ad
928 2046 1188 2091 faciendum
1206 2048 1328 2103 quod
1350 2048 1520 2091 debent
1542 2047 1576 2091 b.

325 2123 431 2166 Non
450 2137 566 2180 opus
588 2122 674 2166 erit
696 2131 974 2180 praesenteS‚
1000 2123 1078 2180 qui
1106 2123 1195 2167 iam
1223 2124 1320 2168 noti
1348 2133 1473 2177 sunt,
1498 2126 1802 2170 confessarios
1827 2136 1873 2170 et

233 2199 581 2244 concionatores
611 2201 670 2245 de
700 2215 824 2244 nouo
853 2201 1130 2254 examinare,
1154 2202 1237 2246 sed
1267 2210 1471 2254 curetur,
1504 2210 1553 2245 ut
1585 2204 1868 2255 sacerdotes,

235 2275 317 2332 qui
337 2284 546 2333 possunt,
570 2276 775 2332 quotidie
802 2280 961 2321 horam
985 2294 1121 2322 vnam
1153 2279 1311 2336 legant
1339 2281 1396 2322 de
1423 2280 1606 2323 casibus
1635 2280 1871 2323 conscien—

234 2353 341 2406 tiae,
369 2359 509 2409 utque
537 2354 595 2398 de
630 2353 718 2397 illis
753 2354 907 2408 etiam,
937 2355 1014 2399 ubi
1043 2355 1141 2399 fieri
1169 2357 1407 2400 commode
1435 2364 1603 2412 potest,
1630 2356 1870 2401 lectionem

231 2429 438 2482 audiant,
457 2438 504 2473 et
526 2430 644 2474 inter
665 2446 715 2476 se
737 2432 974 2476 conferant
990 2439 1071 2475 aut
1092 2432 1328 2489 disputent
1345 2434 1599 2477 commode.

322 2506 565 2563 Augustae
590 2507 743 2551 videat
779 2508 1074 2564 prouincialis
1102 2517 1330 2565 quatenus
1358 2511 1571 2566 expediat
1602 2511 1868 2566 dispensare

229 2596 338 2626 cum
359 2583 541 2636 nostris,
569 2590 619 2628 ut
641 2584 887 2641 aliquando
908 2585 993 2628 soli
1017 2587 1236 2642 templum
1260 2588 1444 2638 adeant,
1470 2587 1508 2629 si
1531 2587 1768 2630 commode
1792 2601 1869 2629 so-

230 2651 355 2703 cium
378 2661 548 2705 habere
569 2675 662 2704 non
685 2669 893 2717 possunt.

319 2737 555 2781 Scribatur
583 2739 773 2781 Romam
811 2739 868 2782 ad
897 2739 1052 2799 P.[N.]
1080 2739 1228 2796 primo
1258 2755 1440 2796 quoque
1481 2749 1700 2796 tempore,
1728 2755 1785 2782 an
1815 2740 1867 2782 li-

299 2857 318 2875 a
365 2848 408 2884 In
423 2849 612 2896 margine,
629 2849 789 2886 Polanci
804 2862 935 2887 manu:
960 2852 1128 2887 Videtur
1137 2855 1251 2899 posse
1261 2853 1438 2899 proponi
1446 2852 1645 2899 pontifici.
1661 2853 1697 2886 F
1698 2852 1768 2887 iat.
1819 2874 1864 2878 —

228 2907 249 2933 b
274 2906 384 2958 Haec
402 2918 544 2943 novem
563 2909 685 2944 verba
701 2909 833 2945 addita
850 2917 942 2946 sunt
960 2911 1121 2947 Polanci
1136 2922 1255 2956 *manu
1274 2912 1322 2946 ad
1346 2911 1463 2946 finem
1489 2911 1733 2958 paragraphi.

298 3001 310 3022 ¹
361 3001 463 3038 Vide
486 3003 615 3039 socios
642 3003 823 3040 Romaiu
842 3005 1095 3041 Germaniam
1122 3006 1263 3042 missos
1295 3006 1334 3041 in
1367 3006 1495 3052 Epist.
1532 3007 1579 3041 P.
1610 3006 1759 3050 Nadal‚
1788 3007 1861 3053 ΙΙΙ,

228 3068 312 3107 224,
333 3069 418 3106 225.
