2098 3470
43 508 54 537 ψ·
39 419 61 472 ’ὴν
45 375 62 413 «a».
60 363 64 366 ,
36 323 62 329 ζ

846 271 1279 310 merlonus—61
1761 279 1833 317 45⁷

242 378 592 436 progrederetur
615 383 665 419 vt
686 381 912 432 repeteret
931 373 1008 418 illa
1028 372 1223 418 venialia
1244 379 1447 429 peccata,
1472 379 1623 429 potest
1644 373 1880 417 confessa-

242 455 338 498 rius
357 461 496 510 atque
517 454 632 499 adeo
658 453 811 506 debet,
843 466 936 495 non
963 450 1023 494 ob
1054 464 1210 494 casum
1239 449 1436 505 aliquem
1460 457 1758 503 reseruatum,
1795 450 1878 495 sed

243 539 459 588 tanquam
482 531 560 586 qui
584 545 672 573 non
694 529 916 587 proficiat,
940 527 1171 572 remittere
1191 527 1249 571 ad
1270 526 1566 583 superiorem,
1590 526 1669 582 qui
1685 526 1727 570 ei
1744 535 1879 583 pote-

242 607 302 651 rit
327 609 436 652 dare
463 607 601 664 alium
629 606 955 651 confessarium
982 604 1136 649 audita
1165 603 1264 649 eius
1296 603 1583 647 confessione
1615 605 1644 655 ¹,
1679 618 1764 648 nec
1792 603 1878 647 erit

240 686 363 742 quod
382 684 577 741 amplius
598 684 719 727 illius
740 683 896 728 audiat
916 681 1270 727 confessionem.
1293 682 1400 736 Quo
1422 679 1627 723 subsidio
1650 680 1713 722 vti
1744 680 1878 724 liceat

240 760 545 814 confessariis,
578 760 655 803 vbi
687 759 855 816 alioqui
885 757 973 802 illis
1003 757 1246 802 obueniret
1276 757 1520 800 difficultas
1552 756 1702 812 aliqua
1730 758 1803 801 vel
1830 756 1876 799 in

239 837 542 890 absolutione,
568 838 641 880 vel
661 836 710 879 in
738 834 1019 880 conscientia
1045 838 1130 881 ²6⁰
1156 833 1438 886 confitentis,
1469 833 1555 878 etsi
1584 833 1707 876 nulla
1734 833 1877 877 inter-

238 913 416 958 ueniret
436 928 570 957 casus
591 913 811 957 reseruati
833 913 906 957 vel
926 911 1080 968 opinio
1101 912 1174 954 vel
1195 911 1388 967 species.

564 1037 940 1069 ANNOTATIONES
976 1037 1026 1067 IN
1053 1036 1204 1068 CASUS
1228 1036 1543 1067 RESERUATOS

977 1119 1027 1161 In
1055 1126 1132 1161 2.¹¹¹

325 1220 407 1264 Rei
428 1220 564 1265 etiam
587 1219 797 1263 minimae
818 1219 1050 1276 vsurpatio
1072 1226 1118 1262 et
1145 1218 1465 1275 appropriatio,
1497 1218 1535 1262 si
1557 1218 1758 1262 formalis
1781 1225 1869 1270 est,

235 1306 447 1342 censetur
470 1297 707 1350 reseruari;
733 1312 824 1340 non
846 1297 983 1341 etiam
1003 1296 1041 1340 si
1064 1295 1306 1340 materialis
1329 1303 1506 1339 tantum
1534 1303 1622 1341 est.
1646 1296 1726 1339 Illa
1747 1296 1869 1340 enim

233 1382 447 1419 censetur
469 1388 571 1418 esse
597 1382 755 1417 contra
792 1383 965 1426 votum,
990 1374 1114 1429 quod
1144 1372 1269 1416 omni
1290 1372 1564 1430 proprietate
1585 1373 1752 1429 priuat,
1778 1387 1871 1416 non

235 1457 411 1494 tantum
433 1465 628 1508 magnae
649 1451 713 1494 rei
746 1451 817 1494 vel
839 1450 1093 1503 mediocris,
1132 1450 1284 1506 aliqua
1314 1457 1466 1494 tamen
1493 1450 1870 1507 interpretatione

235 1528 309 1572 vel
328 1527 550 1584 epieikeia
571 1536 590 1554 ²
610 1528 676 1570 vti
699 1528 864 1584 poterit
893 1527 1214 1580 confessarius,
1238 1527 1277 1570 si
1298 1541 1390 1570 non
1412 1526 1471 1570 sit
1493 1527 1733 1583 repetitum
1758 1541 1870 1584 pec-

234 1610 405 1657 catum,
430 1612 480 1647 vt
501 1605 643 1661 possit
663 1606 919 1657 absoluere,
944 1604 982 1647 si
1004 1603 1246 1661 repetitum
1268 1604 1328 1647 sit
1348 1619 1440 1647 non
1468 1603 1577 1647 item
1600 1605 1634 1647 ².

970 1725 1020 1766 In
1051 1731 1128 1778 3.¹¹¹

322 1819 610 1893 Quacunque
645 1835 819 1881 scilicet
848 1835 1000 1893 specie
1037 1835 1212 1894 peccati
1249 1836 1467 1891 mortalis,
1508 1837 1631 1892 quod
1666 1836 1869 1880 exterius

232 1912 328 1965 fiat,
351 1913 487 1957 etiam
511 1913 549 1957 si
570 1912 630 1956 sit
645 1913 1015 1957 secretissimum.

970 2033 1019 2075 In
1049 2040 1127 2086 4¹¹¹

319 2145 491 2190 Saltem
512 2145 551 2187 si
587 2144 762 2202 obliget
796 2144 921 2188 illum
961 2145 1017 2189 ad
1055 2152 1292 2201 peccatum
1322 2145 1512 2189 mortale
1539 2146 1761 2202 superior,
1794 2147 1867 2189 vel

215 2219 402 2276 -alioqui
425 2221 462 2264 si
484 2235 644 2266 reuera
664 2221 723 2265 sit
744 2229 903 2265 contra
923 2229 1082 2265 votum
1104 2222 1406 2267 obedientiae.

317 2343 388 2385 261
971 2341 1020 2383 In
1051 2349 1123 2395 53²¹

317 2451 367 2497 Si
389 2452 584 2509 attingat
605 2452 823 2496 rationem
844 2453 1020 2510 peccati
1043 2453 1244 2498 mortalis
1264 2469 1322 2498 ex
1344 2454 1515 2510 regulis
1538 2468 1683 2496 comm
1693 2454 1860 2496 unibus

215 2543 221 2546 ·
231 2529 488 2586 theologiae
494 2563 503 2571 .

300 2676 320 2694 a
343 2665 490 2712 epiicfit
507 2677 583 2702 ms.

302 2785 312 2806 ¹
363 2785 464 2821 Vide
483 2796 572 2833 pag.
589 2794 676 2832 402,
694 2791 826 2823 annot.
849 2794 883 2822 1.
906 2783 913 2791 ’

295 2846 311 2866 ²
360 2845 406 2880 In
423 2846 495 2881 hac
512 2846 752 2892 paragrapho
771 2845 922 2881 Natalis
939 2845 1128 2881 accedere
1146 2845 1302 2881 videtur
1331 2845 1504 2891 opinioni
1523 2845 1691 2891 illorum,
1711 2845 1778 2891 qui
1804 2850 1861 2880 te-

230 2903 377 2939 nebant
393 2904 670 2950 proprietatem
687 2904 728 2940 in
744 2915 989 2952 quacumque
1007 2904 1184 2950 materia,
1215 2904 1334 2939 etiam
1364 2903 1538 2949 minima,
1569 2909 1705 2939 contra
1723 2909 1859 2939 votum

229 2963 485 3009 paupertatis.
503 2974 592 2999 esse
610 2969 815 3011 peecatum
840 2965 1016 3000 mortale.
1042 2964 1155 2999 Hanc
1182 2963 1407 3011 opinionem
1434 2962 1580 2998 refellit
1610 2962 1772 3009 Suarez,
1799 2963 1860 2999 De

225 3024 335 3056 statu
351 3022 556 3070 religioso,
575 3023 644 3059 lib.
663 3023 771 3070 VIII,
789 3023 838 3059 de
856 3029 1100 3070 paupertate,
1113 3035 1199 3070 cap.
1215 3032 1272 3067 vl,
1291 3035 1330 3060 n.
1361 3033 1383 3067 4
1402 3029 1441 3058 et
1459 3034 1584 3070 seqq.,
1606 3029 1645 3058 et
1666 3028 1707 3058 ut
1722 3022 1858 3058 falsam

229 3081 488 3117 communiter
504 3081 684 3118 doctores
702 3082 884 3128 rejiciunt
895 3109 904 3118 .
