2098 3470
4 1171 7 1174 .
0 871 10 1141 'vv-v-v--v--·,v-·
0 832 6 844 -
0 726 14 812 '‘⁷¹.·.‘*
0 665 2 672 -

12 955 17 958 v
14 887 21 892 η

787 215 1220 253 ΙΝετΗυοτιοΝεε-ὁῐ
1705 226 1774 263 545

193 319 316 362 mino
336 319 615 375 iudicaretur
633 318 756 374 quod
777 325 966 375 egerent
988 317 1250 369 maioribus,
1276 325 1459 362 curetur
1481 332 1583 364 cum
1606 319 1819 363 aedifica-

194 395 316 440 tione
336 404 388 439 vt
415 411 507 439 non
534 395 744 440 amittant
771 394 980 439 meritum
1015 402 1062 438 et
1094 395 1293 437 fructum
1325 394 1602 450 spiritualem
1636 404 1819 451 propter

192 488 292 518 eam
319 473 456 517 animi
486 472 795 518 remissionem
822 479 868 516 et
897 472 1157 527 neglectum
1187 471 1601 525 mortificationum,
1626 473 1704 516 sed
1734 473 1819 515 illis

191 550 480 594 mortificatio
501 550 739 594 commode
760 557 828 594 est
850 549 1135 606 imponenda.

279 629 316 670 F
318 627 646 684 lagellationes,
670 641 784 682 quas
805 625 999 669 dicimus
1021 625 1116 670 48⁴
1131 624 1407 682 disciplinas,
1427 640 1543 680 quae
1561 626 1656 670 fieri
1674 628 1820 669 solent

191 703 239 747 in
270 703 531 756 refectorio,
563 711 608 748 et
635 703 681 746 in
708 710 916 746 votorum
947 701 1242 753 renouatione
1270 716 1374 744 cum
1401 701 1500 745 aliis
1532 703 1744 746 fratribus
1776 711 1820 748 et

192 780 428 833 Patribus,
462 781 572 824 fiant
604 794 742 836 super
771 780 972 831 dorsum,
1006 793 1090 822 nec
1122 779 1286 822 durent
1316 779 1432 821 vltra
1463 779 1686 835 psalmum
1724 782 1819 825 ¹«De

191 857 472 914 profundis».
490 857 791 901 particulares
807 863 958 900 autem
976 864 1020 900 et
1031 863 1249 907 secretae,
1264 855 1507 911 praecipue
1524 870 1625 899 cum
1642 857 1820 913 longio-

192 933 253 979 ris
274 934 490 990 temporis
510 948 644 989 quarn
669 933 801 977 vnius
826 935 923 977 «De
943 932 1205 989 profundis»
1233 932 1417 986 fuerint,
1442 933 1539 976 fieri
1561 942 1751 989 possunt
1774 934 1818 976 in

190 1010 480 1054 inferioribus
497 1011 716 1068 partibus3
736 1012 996 1066 frequentes
1013 1009 1131 1054 enim
1149 1017 1195 1053 et
1212 1010 1491 1065 prolixiores,
1508 1010 1545 1053 si
1563 1011 1617 1053 ad
1636 1011 1819 1054 dorsum

189 1087 318 1140 fiant,
341 1088 490 1131 solent
509 1087 760 1132 valetudini
782 1088 958 1132 obesse.

279 1163 351 1210 Sit
370 1164 417 1207 in
438 1172 566 1221 parte
587 1164 738 1220 aliqua
759 1163 988 1208 secretiori
1010 1163 1192 1220 collegii
1214 1164 1474 1207 cubiculum
1497 1179 1637 1206 vnum
1662 1164 1818 1207 morti·

190 1241 478 1296 ficationibus
514 1241 808 1294 destinatum,
840 1241 916 1284 vbi
952 1240 1216 1298 disciplinae
1253 1241 1430 1297 aliquae
1467 1243 1739 1294 habeantur,
1774 1252 1818 1286 et

189 1320 384 1364 deuotae
405 1318 630 1375 imagines
651 1318 873 1375 passionis
894 1318 1084 1373 Christi,
1108 1318 1258 1374 sitque
1279 1318 1610 1371 huiuscemodi,
1632 1327 1679 1361 vt
1696 1320 1817 1362 clau-

190 1396 237 1440 di
251 1395 395 1453 possit
411 1397 468 1438 ab
485 1395 686 1440 interiori
709 1404 852 1451 parte,
874 1403 922 1438 vt
944 1397 1102 1439 Patres
1119 1409 1172 1438 ac
1197 1396 1356 1440 fratres
1373 1403 1548 1440 secrete
1564 1411 1702 1452 agere
1719 1411 1819 1452 pos-

189 1472 282 1516 sint
301 1471 563 1529 disciplinas
584 1487 706 1516 suas.
732 1471 891 1515 Cilicia
912 1487 1005 1514 non
1027 1471 1116 1515 illic
1137 1479 1288 1524 erunt,
1320 1472 1399 1515 sed
1428 1487 1482 1516 ea
1511 1473 1712 1516 seruabit
1739 1488 1817 1516 su-

188 1548 339 1606 perior
358 1556 438 1593 aut
459 1548 621 1605 aliquis
642 1564 699 1593 ex
722 1548 1025 1593 confessariis.
1050 1550 1190 1604 Quod
1211 1549 1249 1592 si
1268 1549 1392 1592 nulla
1408 1549 1499 1592 sint
1516 1550 1637 1593 domi
1655 1550 1815 1602 cilicia,

189 1625 431 1670 iubeantur
462 1625 559 1670 fieri
580 1625 731 1681 aliqua
761 1640 936 1681 aspera,
971 1625 1057 1669 alia
1087 1625 1230 1679 leuia;
1264 1625 1355 1669 sint
1386 1626 1523 1670 etiam
1554 1627 1818 1684 disciplinae

189 1702 289 1749 siue
314 1703 495 1760 flagella
526 1717 582 1747 eo
611 1717 817 1756 numero,
842 1710 891 1744 vt
923 1702 1091 1759 singuli
1115 1704 1275 1746 Patres
1306 1711 1352 1747 et
1374 1705 1536 1748 fratres
1563 1704 1657 1749 485
1691 1720 1817 1748 suam

189 1775 404 1825 habeant.
431 1779 584 1823 Huius
605 1779 803 1823 cubiculi
825 1781 1000 1824 clauem
1024 1780 1210 1823 habebit
1233 1789 1380 1824 rector
1401 1782 1474 1825 vel
1495 1782 1814 1826 confessarius.

189 1856 321 1902 Sacci
342 1865 576 1914 praeterea
597 1856 784 1914 parandi
807 1871 862 1900 ex
886 1858 974 1900 tela
1005 1857 1153 1914 nigra,
1178 1859 1235 1900 ad
1265 1859 1450 1901 dorsum
1482 1858 1544 1902 ita
1576 1859 1734 1915 aperti,
1770 1869 1818 1901 vt

189 1934 331 1980 libere
352 1934 495 1991 possit
516 1934 716 1979 exerceri
738 1934 999 1991 flagellatio,
1025 1934 1100 1977 vbi
1122 1935 1303 1990 publice
1324 1935 1406 1978 fit:

811 2069 872 2098 DE
896 2068 1040 2098 OBEDI
1048 2069 1193 2099 ENTIA

277 2167 398 2214 Vnio
420 2176 466 2210 et
487 2167 637 2210 vnitas
658 2167 942 2210 obedientiae
963 2176 1010 2210 et
1037 2167 1350 2212 subordinatio
1378 2170 1681 2214 obseruentur
1712 2186 1816 2214 exa-

189 2245 406 2291 ctissime.
439 2245 655 2290 Referant
687 2252 886 2288 rectores
914 2258 1072 2287 omnes
1101 2244 1147 2286 in
1175 2245 1339 2288 librum
1372 2245 1567 2301 aliquem
1600 2247 1817 2290 obedien-

189 2323 291 2375 tia8‚
314 2337 432 2378 quae
452 2322 803 2378 proficiscuntur
825 2336 850 2364 a
871 2321 1072 2378 generali
1095 2322 1351 2378 praeposito
1373 2324 1445 2367 vel
1468 2338 1493 2366 a
1511 2324 1818 2366 commissario

188 2399 262 2443 vel
283 2414 311 2443 a
331 2398 616 2455 prouinciali,
640 2405 686 2441 et
708 2398 885 2441 illarum
908 2397 1120 2455 exigatur
1142 2397 1256 2441 ratio
1278 2400 1322 2441 in
1346 2399 1695 2442 visitationibus.

277 2476 492 2527 Referent
513 2475 620 2518 item
643 2475 750 2519 suas
770 2474 817 2517 in
845 2489 979 2518 suum
1011 2474 1175 2518 librum
1204 2475 1503 2531 prouinciales
1532 2484 1577 2519 et
1609 2477 1816 2519 commis-

189 2552 310 2606 sarii3
335 2567 440 2596 nam
467 2560 513 2596 et
539 2551 588 2594 hi
616 2550 835 2596 reddituri
857 2558 965 2594 sunt
986 2551 1206 2596 rationem
1230 2553 1302 2595 vel
1331 2553 1532 2609 generali
1562 2554 1818 2608 praeposito

190 2629 262 2674 vel
283 2628 606 2673 commissario.

277 2705 368 2751 Vbi
388 2705 491 2762 quis
512 2706 569 2749 ad
591 2705 846 2762 superiores
867 2705 1185 2749 subordinatos
1207 2707 1382 2749 accedit
1406 2706 1554 2761 aliqua
1575 2708 1631 2750 de
1655 2721 1717 2757 re,
1751 2707 1816 2748 in-

189 2789 447 2840 terrogetur
482 2782 573 2827 486
611 2797 670 2826 an
707 2781 832 2839 prius
868 2782 926 2825 ad
962 2782 1153 2826 alterum
1190 2782 1432 2826 accesserit
1464 2784 1619 2825 eadem
1657 2783 1714 2825 de
1746 2798 1812 2834 re,

189 2858 365 2903 etiamsi
381 2859 439 2902 ad
454 2873 715 2916 supremum
735 2859 939 2910 accedat,
959 2866 1005 2902 et
1026 2858 1139 2902 sciat
1160 2859 1269 2914 quid
1291 2859 1353 2901 illi
1378 2874 1640 2914 responsum
1663 2859 1735 2902 sit:
1756 2859 1818 2901 ita

190 2935 270 2980 fiet
298 2942 348 2977 vt
378 2935 540 2979 melius
572 2936 709 2980 rebus
737 2934 931 2992 'agendis
958 2936 1221 2979 consulatur
1252 2943 1296 2979 et
1330 2935 1622 2990 collegiorum
1646 2937 1816 2991 guber-

190 3010 378 3060 nationi.

366 3087 480 3116 Ernst.
504 3087 544 3116 P.
567 3087 703 3122 ΝΑυΑι,
722 3095 799 3116 τοι.
819 3086 881 3116 IV.
1606 3088 1642 3115 36
