2098 3470
317 261 384 306 146
783 262 937 298 Purus
963 262 1205 298 HmRONYMl
1231 261 1381 298 NADAL

266 363 573 406 emendandas
595 362 944 406 constitutiones
966 362 1012 405 in
1036 362 1397 419 congregatione
1419 364 1644 419 generali?
1661 365 1899 408 Annotant

267 440 426 482 Patres
442 438 642 494 quidem,
663 440 1043 494 quemadmodum
1062 439 1210 496 attigi,
1229 438 1277 482 in
1294 439 1713 493 constitutionibus,
1734 440 1771 485 si
1789 441 1898 496 quid

269 515 452 559 uidetur
480 516 822 572 proponendum
851 516 1214 573 congregationi3
1246 523 1292 558 et
1320 516 1395 572 qui
1429 517 1610 562 tandem
1647 519 1781 562 debet
1813 517 1899 561 sibi

267 593 542 648 persuadere
569 607 675 636 suas
697 593 1015 637 annotationes
1038 609 1063 635 a
1086 593 1445 649 congregatione
1466 608 1566 638 esse
1597 594 1899 651 recipiendas?

266 670 389 724 quod
415 668 453 712 si
483 670 572 712 hoc
600 670 789 722 nesciat,
823 674 863 712 et
893 671 1064 726 alioqui
1100 684 1204 712 cum
1242 670 1407 714 debeat
1433 669 1541 713 boni
1580 672 1816 715 consulere
1846 685 1900 714 ac

267 747 476 802 probare,
509 761 626 802 quae
657 746 905 799 constituta
933 754 1039 790 sunt
1068 762 1093 789 a
1127 749 1179 790 P.
1215 746 1392 803 Ignatio
1429 754 1475 791 et
1511 747 1755 801 Societate‚
1791 747 1899 803 quid

267 838 436 879 quaeso
459 832 529 868 est
550 824 748 877 alienum
770 824 1118 868 constitutiones
1140 815 1322 869 aedere?
1343 831 1388 867 et
1406 826 1494 867 hoc
1509 824 1691 879 quidem
1708 824 1754 867 in
1777 825 1896 878 loco,

267 916 362 945 non
385 901 538 953 miror,
565 902 689 957 quod
711 916 795 944 nos
812 901 1037 957 simplices
1055 901 1128 944 uel
1145 902 1308 944 stultos
1326 908 1474 944 uocet:
1501 901 1612 944 illud
1633 901 1827 946 demiror
1847 915 1899 945 ac

268 979 399 1021 doleo
422 979 736 1030 uehementer,
761 978 883 1033 quod
906 993 997 1020 non
1013 977 1071 1020 sit
1090 978 1262 1022 ueritus
1279 977 1576 1034 simplicitatis
1594 977 1901 1023 uel'stultitiae

269 1062 421 1109 notam
443 1055 625 1099 inurere
648 1055 772 1098 Patri
794 1055 988 1111 Ignatio,
1013 1063 1208 1098 mortuo.
1233 1056 1365 1107 Nam,
1391 1054 1567 1098 etiamsi
1588 1055 1661 1098 ille
1689 1069 1793 1098 cum
1814 1055 1899 1099 So-

268 1131 433 1175 cietate
455 1131 803 1176 constitutiones
825 1131 1060 1185 aediderit‚
1092 1132 1212 1175 illius
1240 1139 1390 1176 tamen
1420 1131 1598 1175 aedicto
1626 1139 1762 1188 atque
1789 1133 1900 1176 obe-

270 1208 439 1252 dientia
461 1208 717 1265 publicatae
739 1217 846 1251 sunt
869 1208 1231 1252 constitutiones.

350 1288 468 1343 Jam,
495 1287 617 1341 quod
639 1286 749 1329 dicit
770 1285 823 1329 P.
852 1289 934 1330 Bo.
960 1301 1043 1329 vae
1066 1285 1199 1329 nobis
1217 1286 1311 1329 fore
1327 1287 1366 1330 si
1383 1286 1608 1331 inmanus
1624 1300 1900 1342 persequen-

270 1363 381 1406 tium
404 1363 607 1406 incidant
628 1363 991 1417 constitutiones3
1017 1378 1101 1406 vae
1122 1363 1273 1419 potius
1295 1363 1397 1416 illis,
1423 1363 1500 1419 qui
1522 1378 1607 1406 nos
1630 1363 1704 1406 uel
1726 1363 1901 1418 consti-

265 1440 466 1498 tutiones
484 1447 661 1483 nostras
688 1447 1034 1496 persequentur;
1056 1455 1176 1493 nam,
1197 1439 1274 1495 qui
1296 1455 1377 1496 pro
1400 1441 1593 1484 ueritate
1610 1446 1900 1496 propugnan-
1935 1473 1939 1476 .

266 1517 324 1559 da
342 1516 704 1573 persecutionem
740 1517 990 1573 patiuntur,
1030 1517 1062 1559 ii
1098 1517 1144 1559 in
1167 1516 1448 1559 beatitudine
1472 1524 1735 1569 uersantur,
1763 1523 1901 1572 atque

268 1608 402 1636 omne
423 1591 643 1650 gaudium
665 1593 923 1638 existimant
946 1607 995 1636 se
1018 1601 1304 1646 consecutos,
1331 1608 1435 1636 cum
1452 1593 1499 1636 in
1517 1593 1666 1636 varias
1684 1593 1902 1638 tentatio-

269 1685 351 1715 nes
372 1669 632 1713 inciderint.
664 1670 750 1714 X.⁰
773 1670 963 1726 gratiae,
989 1670 1111 1726 quod
1128 1670 1440 1714 sanctissimus
1463 1685 1515 1713 ac
1537 1670 1901 1727 sapientissimus

268 1747 479 1790 dominus
502 1754 657 1790 noster
674 1749 847 1790 Paulus
864 1749 978 1790 1111.·
1003 1762 1087 1791 nos
1104 1755 1150 1791 et
1167 1755 1346 1791 nostras
1368 1746 1718 1791 constitutiones
1740 1746 1900 1791 iuuare

268 1823 521 1878 constituit,
546 1834 600 1867 ac
618 1839 927 1881 propugnare:
955 1826 1043 1868 hoc
1067 1833 1256 1880 patrono
1277 1824 1324 1866 in
1352 1824 1440 1868 X.⁰
1456 1826 1584 1882 Jesu,
1617 1823 1748 1867 cuius
1776 1824 1902 1867 vica-

268 1901 362 1944 rius
383 1908 453 1945 est
480 1915 685 1944 summus
708 1901 751 1943 in
783 1902 929 1954 terris,
962 1902 1112 1945 nullos
1140 1901 1424 1945 aduersarios
1455 1901 1613 1945 timere
1638 1915 1898 1956 possumus.

357 1980 405 2021 In
431 1978 632 2033 reliquis,
672 1993 788 2033 quae
822 1979 878 2021 ad
908 1979 1045 2021 finem
1083 1993 1228 2034 usque
1255 1978 1548 2034 prosequitur
1572 1979 1674 2030 Βο.,
1700 1977 1813 2020 nihil
1834 1984 1903 2021 est

270 2040 391 2110 quod
413 2055 718 2108 immoremur3
750 2069 872 2107 nam,
902 2069 1020 2110 quae
1048 2055 1121 2097 ille
1150 2055 1328 2111 repetit,
1355 2056 1567 2098 nolumus
1599 2069 1681 2097 nos
1709 2053 1903 2110 repetito

269 2131 464 2184 diluere,
511 2146 627 2187 quae
663 2132 874 2184 consulit,
916 2146 972 2175 ex
1010 2131 1095 2184 his,
1135 2146 1253 2188 quae
1289 2132 1507 2185 diximus,
1548 2145 1787 2176 necessum
1807 2148 1814 2155 ·
1833 2137 1904 2175 est

272 2209 472 2265 rejicere3
499 2210 556 2253 ad
577 2210 670 2252 duo
706 2209 863 2265 igitur,
889 2209 927 2252 si
965 2209 1093 2252 breui
1131 2210 1501 2266 respondeamus,
1536 2207 1651 2251 nihil
1687 2207 1900 2259 arbitror,

272 2287 389 2342 quod
410 2287 709 2329 desideretur.

363 2364 565 2407 Primum
586 2363 727 2420 igitur
754 2371 822 2407 est
851 2365 907 2406 de
935 2364 1184 2408 ministerio
1214 2363 1361 2407 Patris
1392 2362 1598 2415 Polanci,
1629 2362 1754 2418 quod
1781 2361 1905 2405 Patri

273 2440 455 2497 Ignatio
478 2440 702 2496 praestitit
722 2440 770 2483 in
791 2441 1041 2484 condendis
1070 2440 1489 2484 constitutionibus:
1523 2454 1612 2496 ego
1642 2453 1821 2495 semper
1843 2438 1905 2482 ita

275 2518 607 2570 intellexeram,
633 2517 982 2562 constitutiones
1004 2517 1188 2572 quidem
1209 2532 1290 2574 per
1311 2518 1456 2560 multa
1477 2516 1714 2570 sacrificia,
1734 2515 1907 2559 oratio-

277 2611 359 2640 nes
380 2603 426 2638 et
448 2596 671 2650 lacrymas
693 2603 739 2639 et
753 2595 1022 2639 deuotiones
1038 2595 1150 2638 alias
1167 2602 1414 2651 praeterea,
1437 2596 1490 2637 P.
1512 2593 1692 2650 Ignatio
1717 2591 1904 2636 familia-

275 2688 365 2724 res,
391 2673 448 2716 ab
472 2673 569 2728 ipso
593 2672 739 2716 fuisse
754 2679 799 2714 et
821 2672 971 2714 animo
993 2679 1236 2727 conceptas
1259 2678 1306 2714 et
1327 2671 1590 2727 explicatas3
1611 2670 1748 2726 quod,
1769 2668 1807 2712 si
1828 2668 1905 2711 ali-

273 2764 366 2805 qua
394 2749 576 2805 scripsit
606 2752 658 2792 P.
692 2750 935 2801 Polancus‚
975 2749 1087 2791 nihil
1126 2750 1306 2814 eleuare
1343 2755 1490 2804 potest
1527 2745 1905 2790 constitutionum

274 2827 615 2879 authoritatem3
635 2841 727 2869 non
743 2825 863 2869 enirn
883 2825 1067 2869 minoris
1084 2825 1371 2868 authoritatis
1387 2832 1457 2868 est
1475 2826 1663 2868 fratrum
1681 2823 1906 2866 minorum

277 2904 453 2960 regula,
485 2905 610 2959 quod
638 2904 758 2946 illam
787 2902 922 2946 diuus
950 2903 1219 2946 Franciscus
1241 2917 1332 2945 non
1355 2901 1599 2958 scripserit,
1625 2901 1706 2945 sed
1727 2899 1907 2943 iusserit

278 2981 581 3033 scribendam,
607 2982 727 3036 quod
750 2980 849 3036 ipse
868 2980 914 3022 in
937 2995 1020 3023 suo
1038 2987 1311 3024 testamento
1329 2983 1533 3022 testatur.
1706 3040 1710 3043 Π

369 3059 509 3101 Aliud
530 3066 614 3110 est,
640 3059 761 3114 quod
778 3059 961 3100 modum
984 3057 1270 3114 gubernandi
1292 3056 1566 3101 Societatem
1594 3057 1682 3099 hoc
1703 3062 1907 3111 tempore
