2098 3470
304 287 376 324 500
777 282 932 320 PArms
958 285 1202 321 Humonnu
1227 285 1378 321 NADAL

345 381 635 427 Adhibeatur
650 382 901 441 diligentia,
922 393 971 428 vt
989 385 1151 429 medici
1170 394 1332 431 curent
1350 393 1544 439 nostros,
1565 401 1658 430 non
1677 394 1890 443 tanquam

253 457 421 503 diuites
437 460 510 503 vel
527 461 786 516 opulentos,
808 476 898 518 quo
917 462 1121 506 fortassis
1139 462 1439 515 inclinabunt,
1459 469 1556 506 tum
1574 478 1629 507 ex
1645 470 1774 519 parte
1791 478 1889 518 sua,

255 542 350 578 tum
374 536 449 579 vbi
471 535 693 582 videbunt
712 552 812 582 esse
833 539 1022 583 fundata
1043 549 1088 582 et
1110 540 1264 582 dotata
1292 538 1500 596 collegia;
1532 540 1613 583 sed
1640 546 1689 582 vt
1718 554 1890 597 paupe-

253 625 341 664 res,
362 612 425 655 ita
443 619 610 666 tamen,
629 622 679 656 vt
695 613 807 658 nihil
829 614 1072 659 necessarii
1089 614 1176 658 illis
1193 615 1308 659 desit
1324 629 1406 671 pro
1423 615 1628 660 sanitatis
1646 629 1892 672 recupera-

253 688 376 733 tione
400 690 471 734 vel
493 691 840 737 conseruatione
862 706 967 735 cum
991 691 1076 736 Dei
1098 692 1262 748 gratia,
1287 693 1438 750 quoad
1459 692 1558 737 eius
1581 692 1677 736 fieri
1707 692 1885 749 poterit.

341 766 458 810 Illud
481 782 662 824 quoque
683 775 754 812 est
775 770 1042 822 curandum,
1068 783 1126 812 ne
1148 768 1195 812 in
1217 770 1398 814 delectu
1415 769 1502 814 383
1519 769 1726 813 ciborum
1743 770 1889 814 medi-

251 857 334 887 cus
356 843 594 901 indulgeat
616 844 748 890 facile
769 848 950 898 nostris,
977 852 1021 890 et
1043 847 1130 889 hoc
1153 845 1429 889 familiariter
1450 846 1680 902 agendum
1698 853 1767 890 est
1785 859 1888 890 cum

252 920 445 974 medico,
477 921 739 977 praesertim
768 922 806 965 si
834 923 910 978 qui
938 921 1105 977 alioqui
1133 937 1225 965 non
1256 922 1366 965 satis
1397 921 1574 979 probati
1605 929 1768 979 petunt
1799 922 1886 966 sibi

251 997 374 1040 aliud
390 997 564 1052 vinum,
584 999 657 1044 vel
672 998 811 1042 aliurn
828 999 981 1042 cibum
998 998 1180 1055 apponi,
1202 1000 1323 1055 quod
1339 999 1493 1042 dicant
1511 994 1675 1044 nocere
1692 999 1778 1042 sibi
1795 999 1884 1042 vsi-

252 1080 412 1118 tatum.
439 1076 540 1119 Hac
563 1075 703 1132 igitur
724 1076 782 1119 de
803 1091 853 1120 re
874 1075 1043 1120 iudicet
1066 1075 1249 1131 quidem
1271 1075 1492 1129 medicus;
1524 1082 1708 1119 censeat
1735 1082 1888 1120 autem

250 1151 473 1207 superior,
497 1167 555 1196 an
577 1152 654 1196 illa
673 1153 731 1196 sit
753 1153 915 1197 medici
936 1152 1222 1209 indulgentia
1239 1167 1331 1195 non
1354 1152 1623 1206 necessaria3
1650 1159 1696 1196 et
1713 1166 1807 1196 rem
1824 1152 1888 1197 ita

251 1243 356 1272 cum
378 1229 554 1273 medico
577 1230 815 1287 transigat,
839 1237 887 1272 vt
909 1229 973 1273 sic
996 1229 1110 1272 ratio
1139 1230 1362 1274 habeatur
1389 1228 1594 1273 sanitatis
1622 1229 1882 1286 corporalis,

249 1314 298 1350 vt
319 1321 411 1350 non
434 1306 699 1363 negligatur
720 1306 957 1363 disciplina
977 1306 1242 1363 spiritualis.

892 1441 954 1470 DE
977 1440 1251 1470 IENTACULO

339 1541 664 1596 Praeceptores
685 1546 730 1584 et
751 1539 981 1592 officiales,
1013 1537 1090 1595 qui
1116 1538 1340 1582 ordinarie
1368 1537 1415 1581 in
1443 1537 1603 1581 officiis
1631 1537 1726 1581 suis
1756 1538 1886 1581 labo-

249 1616 366 1670 rant,
392 1624 438 1660 et
466 1617 780 1661 adolescentes
799 1631 943 1671 Vsque
965 1617 1022 1659 ad
1049 1617 1098 1659 18
1122 1630 1307 1669 annum,
1332 1622 1378 1659 et
1399 1615 1715 1659 valetudinarii
1737 1621 1783 1658 et
1804 1616 1886 1659 de-

247 1694 362 1738 biles
377 1701 569 1751 possunt
589 1693 866 1737 ientaculum
885 1707 1064 1737 sumere
1082 1700 1179 1736 toto
1196 1707 1336 1747 anno,
1356 1691 1442 1735 nisi
1459 1692 1518 1735 sit
1534 1691 1769 1736 ieiunium.
1793 1691 1884 1736 Alii

247 1778 419 1816 aestate
439 1777 631 1828 possunt
653 1770 798 1813 tribus
821 1778 901 1813 aut
922 1783 950 1824 4
967 1770 1216 1822 mensibus,
1237 1770 1324 1812 alio
1343 1777 1543 1825 tempore
1560 1784 1653 1812 non
1674 1768 1883 1811 sinantur

246 1863 443 1912 sumere,
468 1848 586 1891 sicut
607 1848 659 1890 fit
680 1847 728 1896 in
749 1847 942 1904 collegio
966 1862 1168 1890 romano.
1195 1846 1474 1890 Ientaculum
1502 1853 1654 1890 autem
1677 1859 1880 1888 commu-

247 1925 364 1970 niter
386 1932 456 1970 est
478 1924 705 1968 modicum
725 1924 856 1981 panis
878 1931 924 1968 et
951 1924 1063 1969 vini.

333 2002 424 2051 384
445 2002 635 2054 Diebus,
661 2001 828 2056 quibus
850 2001 1010 2044 fratres
1033 2000 1386 2052 communicant,
1418 1998 1504 2042 nisi
1532 1998 1780 2043 necessitas
1806 2012 1882 2040 vr-

246 2086 369 2136 geat,
395 2094 487 2122 non
509 2080 624 2122 solet
645 2078 742 2122 dari
763 2077 1058 2122 ientaculum.
1664 2134 1667 2137 y

334 2158 433 2201 Nec
461 2155 676 2200 merenda
703 2155 819 2198 solet
846 2153 891 2196 in
920 2154 1149 2199 Societate
1176 2168 1375 2210 vnquam
1397 2152 1511 2206 dari,
1543 2152 1630 2196 nisi
1663 2151 1881 2196 fratribus

244 2233 399 2286 fabris,
424 2234 497 2278 vel
524 2230 749 2284 murariis,
781 2231 852 2274 vel
882 2230 1104 2287 lignariis,
1136 2230 1213 2273 vbi
1242 2236 1388 2273 totum
1419 2229 1538 2274 diem
1560 2235 1800 2273 versantur
1834 2228 1880 2273 in

244 2310 417 2354 labore.

703 2435 766 2473 DE
789 2434 1021 2464 BONORUM
1045 2433 1427 2464 DISTRIBUTIONE

335 2542 429 2599 Qui
450 2543 571 2585 bona
592 2541 779 2592 habent,
811 2547 856 2583 et
884 2538 1134 2594 ingressuri
1163 2545 1269 2581 sunt
1298 2537 1589 2591 Societatem,
1616 2545 1694 2580 aut
1723 2537 1877 2594 dispo-

243 2629 360 2664 nunt
389 2621 446 2664 de
474 2618 545 2661 his
572 2625 815 2671 antequam
845 2615 1057 2670 cuiquam
1085 2615 1331 2670 loquantur
1361 2615 1418 2658 de
1439 2614 1668 2670 ingressu,
1701 2621 1746 2657 et
1769 2621 1878 2657 tunc

242 2697 355 2740 nihil
386 2703 455 2740 est
488 2695 609 2751 quod
646 2691 885 2750 prouidere
917 2691 1157 2747 possimus;
1194 2699 1273 2734 aut
1306 2691 1429 2747 prius
1451 2699 1612 2747 petunt
1649 2706 1699 2735 se
1738 2691 1876 2747 recipi

242 2789 377 2831 quam
408 2769 729 2829 disposuerint,
763 2776 810 2812 et
843 2777 951 2810 tunc
984 2767 1215 2811 admoneri
1247 2768 1415 2812 debent
1446 2768 1790 2823 circumspecte,
1827 2774 1876 2809 vt

241 2851 603 2895 animaduertant
624 2863 683 2891 an
704 2845 946 2889 conueniat
968 2846 1088 2887 bona
1116 2859 1198 2887 sua
1227 2844 1498 2887 distribuere
1527 2851 1771 2899 antequam
1803 2843 1875 2886 in-

239 2927 521 2985 grediantur,
555 2940 614 2969 ne
641 2923 855 2977 deinceps
883 2921 1056 2977 seipsos
1083 2920 1296 2965 fefellisse
1325 2921 1527 2965 doleant.
1555 2920 1730 2964 Poterit
1753 2920 1871 2963 enim

240 3004 354 3057 fieri,
378 3010 425 3046 vt
448 3017 539 3045 non
560 3005 853 3058 perseuerent
876 2998 920 3040 in
944 2997 1187 3050 Societate,
1208 3005 1287 3040 aut
1310 3004 1358 3039 vt
1379 2997 1584 3041 Societas
1601 2997 1701 3040 illos
1718 2997 1871 3039 dimit-

242 3090 321 3125 tat.
345 3080 482 3138 Quod
499 3078 537 3122 si
553 3076 772 3129 eueniret,
794 3082 889 3117 turn
907 3076 1089 3118 demum
1108 3074 1313 3117 fortassis
1329 3073 1449 3130 ipsos
1471 3074 1578 3117 facti
1602 3074 1871 3129 poeniteret.
