2098 3470
319 275 389 312 454
790 268 944 305 PArms
969 269 1212 306 Hmnoxvru
1239 268 1389 305 NADAL

275 375 465 425 guntur,
510 382 564 412 ea
602 368 751 412 officia
787 369 874 413 illis
910 368 1190 426 temporibus
1232 369 1331 412 aliis
1367 369 1724 423 committantur,
1764 370 1902 415 etiam

276 443 575 499 scholasticis,
598 452 645 488 et
666 444 836 490 eisdem
856 445 965 502 ipsis
986 461 1065 502 per
1086 460 1192 489 suas
1214 444 1351 489 vices.

366 519 627 578 Intelligant
659 521 980 579 separticipes
1011 522 1213 565 omnium
1251 521 1524 574 orationum,
1560 523 1905 576 sacrificiorum,

276 599 502 641 bonorum
527 612 732 654 operum,
757 613 874 655 quae
895 599 1011 642 fiunt
1032 598 1077 641 in
1099 597 1344 659 Societate,
1376 607 1509 655 prout
1531 599 1770 643 Societatis
1796 614 1902 657 pro·

278 675 402 719 fessi.

367 753 574 808 Ipsorum
596 758 764 796 statum
786 752 871 796 sibi
898 753 1202 809 persuadeant
1232 752 1561 808 perfectissimo
1592 755 1757 809 cuique
1782 754 1906 799 desi-

279 828 525 872 derabilem
549 843 666 882 esse,
690 830 824 873 modo
846 844 926 886 per
947 828 1248 873 obedientiam
1276 828 1425 882 liceat3
1456 843 1541 873 nec
1563 829 1908 876 desiderabilem-

279 906 442 958 solum,
464 906 544 949 sed
561 904 866 950 desideratum
884 906 1018 950 etiam
1036 919 1136 948 esse
1153 903 1256 948 cum
1275 919 1442 962 magna
1458 905 1643 962 spiritus
1658 906 1901 952 suauitate.
1930 947 1932 949 ,

369 986 456 1028 220
478 983 627 1026 Detur
648 996 757 1026 eura
784 982 1119 1039 probatioribus
1150 982 1362 1026 Patribus
1389 990 1435 1026 et
1462 983 1693 1036 fratribUS,
1723 990 1772 1027 vt
1799 998 1904 1027 curn

284 1058 626 1103 coadiutoribus
655 1060 852 1104 habeant
885 1059 1261 1103 consuetudinem
1298 1059 1345 1102 in
1373 1059 1729 1103 recreationibus
1755 1060 1911 1116 quoti-

283 1135 445 1188 dianis,
471 1142 516 1178 et
538 1135 663 1189 alias,
689 1135 727 1178 si
749 1134 984 1180 necessum
1003 1136 1077 1188 sit,
1098 1149 1188 1191 quo
1205 1135 1267 1178 illi
1285 1136 1510 1179 contineri
1531 1135 1577 1178 in
1595 1137 1743 1179 officio
1760 1144 1805 1181 et
1826 1137 1910 1182 de-

285 1213 472 1257 uotione
494 1212 684 1268 possint.

353 1346 356 1353 .
375 1289 654 1334 Prouideant
674 1289 947 1345 superiores,
973 1297 1021 1332 vt
1044 1303 1134 1344 quo
1157 1296 1356 1346 tempore
1379 1303 1471 1332 non
1499 1297 1605 1332 sunt
1634 1289 1842 1346 occupati
1864 1289 1912 1332 in·

286 1366 382 1409 suis
403 1365 665 1411 ministeriis
684 1365 983 1418 coadiutores,
1009 1373 1056 1408 vt
1077 1365 1153 1408 illo
1174 1373 1377 1422 tempore
1403 1365 1543 1409 ociosi
1571 1380 1664 1409 non
1690 1365 1797 1420 sint;
1828 1367 1909 1410 sed

284 1444 358 1486 vel
380 1442 550 1498 aliquid
571 1443 743 1499 legant,
762 1444 835 1486 vel
851 1442 1052 1495 audiant,
1076 1444 1146 1487 vel
1168 1442 1367 1495 omnino,
1387 1442 1425 1485 si
1441 1443 1677 1498 quiescant
1690 1450 1743 1486 et
1760 1442 1912 1486 ocium

285 1528 443 1576 agant,
468 1519 640 1562 sciatur
661 1534 796 1575 quam
818 1519 987 1563 Vtiliter
1009 1520 1119 1563 illud
1140 1527 1279 1577 agant
1301 1519 1450 1563 ocium
1479 1522 1506 1563 ¹.

284 1636 371 1679 254
393 1645 544 1676 cASUs
578 1645 779 1684 QUORUM
811 1646 1082 1676 ABSOLUTIO
1116 1646 1399 1676 RESERUATA
1424 1646 1512 1676 EST
1543 1646 1800 1676 SUPERIORI
1825 1646 1919 1677 Do·—

375 1723 472 1754 MUS
496 1723 588 1753 VEL
612 1722 855 1761 COLLEGII,
882 1723 941 1752 ET
965 1723 1026 1753 AB
1055 1723 1184 1761 Amo,
1209 1723 1305 1753 NISI
1340 1723 1402 1754 DE
1431 1723 1541 1753 Ems
1565 1723 1806 1754 EXPRESSA
1842 1724 1917 1754 LI-

375 1784 570 1840 carim,
596 1799 800 1830 ABSOLUI
824 1800 1086 1837 NEQUEUNT
1109 1794 1127 1811 ²
1501 1776 1503 1778 ¹

384 1919 423 1949 1.
489 1905 695 1961 Quaeuis
716 1912 903 1961 peccata
925 1904 1146 1957 mortalia,
1179 1919 1294 1960 quae
1321 1905 1544 1961 prodeunt
1572 1905 1618 1946 in
1648 1903 1916 1958 exteriorem

289 1990 458 2035 actum3
485 1982 604 2025 inter
626 1996 742 2038 quae
763 1988 1006 2025 censentur
1029 1995 1146 2037 quae
1167 1989 1437 2037 sequuntur.

378 2072 421 2103 2.
487 2061 679 2102 Furtum
708 2059 780 2103 vel
816 2058 1049 2115 vsurpatio
1081 2066 1127 2101 et
1159 2057 1464 2115 appropriatio
1495 2062 1578 2105 255
1609 2057 1802 2102 alicuius
1834 2057 1916 2111 rei,

293 2135 561 2194 praesertim
584 2135 623 2179 si
644 2136 847 2180 iteretur.

381 2227 423 2268 3.
489 2214 667 2269 Lapsus
689 2212 853 2255 carnis.

379 2303 424 2345 4.
489 2289 800 2334 lnobedientia
829 2304 1056 2345 expressa,
1088 2304 1177 2345 qua
1205 2287 1307 2344 quis
1333 2287 1492 2332 asserit
1519 2303 1569 2332 se
1597 2287 1717 2332 nolle
1743 2301 1917 2344 parere.

382 2378 423 2423 5.
491 2365 791 2411 Murmuratio
813 2367 885 2411 vel
914 2366 1092 2420 seditio,
1121 2367 1194 2411 vel
1216 2371 1539 2410 nocumentum
1568 2365 1614 2408 in
1645 2364 1922 2421 superiorem

292 2446 365 2488 vel
388 2444 679 2490 Societatem.

363 2604 380 2621 a
418 2575 476 2628 'In
496 2592 685 2638 margine:
706 2592 774 2628 R.⁰
791 2590 841 2626 N.
862 2591 911 2627 Ρ.
935 2591 1101 2637 Laynez.

368 2719 377 2739 ¹
430 2716 617 2764 Sequitur
639 2716 680 2751 in
702 2714 852 2759 codice,
871 2726 986 2761 pagg.
1010 2713 1180 2761 221-232‚
1208 2714 1441 2750 «Instructio
1466 2713 1619 2759 breuis,
1631 2724 1797 2761 quanam
1822 2711 1930 2748 scili·

292 2782 357 2812 cet
377 2776 528 2811 ratione
552 2775 602 2811 de
625 2775 743 2811 rebus
766 2774 997 2820 theologicis
1022 2774 1083 2809 his
1108 2773 1348 2821 temporibus
1371 2773 1607 2821 loquendum
1631 2772 1722 2811 sit.»
1748 2771 1862 2808 Edita
1886 2771 1926 2807 in

294 2835 476 2881 Monam.
504 2835 704 2882 Paedag.‚
733 2844 827 2880 pag.
865 2832 944 2870 123.
977 2833 1155 2868 Alterum
1181 2833 1404 2879 exemplum
1433 2831 1634 2879 hispanice
1663 2830 1927 2877 conscriptum

293 2895 416 2929 habes
434 2893 475 2930 in
493 2893 579 2931 cod.
596 2893 736 2929 Natal.
751 2893 868 2930 instr.
886 2892 1029 2934 Lus-it„
1049 2903 1071 2927 a
1085 2891 1152 2927 fol.
1170 2900 1253 2937 109,
1270 2900 1341 2928 Lae
1359 2891 1601 2936 sen—Item,
1619 2901 1736 2937 pagg.
1757 2888 1930 2935 232-245,
1971 2931 1974 2934 Δ
2028 2932 2031 2934 .

295 2958 357 2988 est
376 2951 609 2988 «Instructio
626 2963 696 2999 pro
713 2950 911 2998 praefecto
935 2950 1192 2989 studiorum.»
1217 2950 1321 2986 edita
1344 2949 1491 2986 ibidem
1513 2950 1549 2995 a}
1562 2960 1650 2995 pag.
1683 2948 1926 2993 128.—-Item,

294 3022 412 3057 pagg.
433 3011 601 3057 246-254‚
619 3012 812 3047 habentur
826 3010 1022 3055 «Regulae
1038 3021 1106 3056 pro
1120 3008 1362 3045 scholaribus
1377 3008 1626 3045 Societatis.»
1642 3007 1746 3054 typis
1760 3017 1931 3043 excusae

294 3070 460 3116 ibidem,
479 3083 500 3106 a
518 3082 608 3117 pag.
633 3069 713 3116 135.
