2098 3470
613 0 674 10 -r--u
682 0 712 19 ἔτι,

772 242 1214 280 Suppmussmtm-zz
1693 246 1763 292 817

146 399 150 402 .
177 357 281 388 curn
303 344 513 389 audirent
534 345 832 388 Xanthenum
854 343 901 387 in
924 343 1132 388 Prusiam
1162 358 1319 399 parare
1349 346 1692 400 profectionem,
1718 363 1810 391 non

177 420 428 465 dubitarint
456 436 633 465 omnem
664 420 748 478 piis
770 419 970 477 polliceri
1007 435 1208 476 operam,
1239 428 1288 463 vt
1320 423 1582 467 mandatum
1611 426 1698 467 hoc
1722 426 1808 468 Pa-

177 504 298 542 trum
325 499 386 542 ob
413 498 630 556 temporis
657 506 704 542 et
731 497 819 541 loci
847 497 1068 540 rationem
1102 506 1358 542 reuocetur.
1396 501 1519 544 Ante
1556 516 1699 544 annos
1729 501 1806 545 ali-

177 582 289 632 quot
310 590 338 620 a
355 575 674 632 nouimagensi
711 582 875 619 senatu
903 588 1037 618 nemo
1065 576 1151 617 hoc
1173 582 1474 630 expectasset.
1501 577 1642 620 Nouit
1666 579 1719 621 R.
1749 580 1803 623 P.

177 653 446 698 Leonardus
486 655 516 705 ¹,
555 651 828 697 coloniensis
863 651 1045 708 collegii
1083 659 1255 705 rector,
1296 652 1405 708 quid
1442 653 1503 695 illi
1543 655 1808 711 contigerit.

177 727 325 786 Quid?
355 728 394 772 si
426 743 564 782 nunc,
600 729 699 774 eius
725 728 929 772 criminis
961 727 1236 784 poenitentia
1269 729 1411 782 ducti,
1444 731 1561 773 vltro
1593 732 1807 785 offerunt,

176 807 301 861 quod
330 813 454 859 tunc,
475 805 642 861 rogati,
667 805 855 862 indigne
885 812 1172 862 respuerunt,
1197 805 1410 848 audiendi
1432 802 1528 849 vnon
1559 810 1686 850 sunt?
1709 810 1809 852 Au-

177 882 377 936 diamur,
402 897 589 939 quaeso,
614 882 691 938 qui
714 897 838 926 nunc
861 882 998 926 vitam
1020 896 1103 938 pro
1125 881 1215 925 aris
1236 890 1282 926 et
1312 883 1423 926 focis
1452 893 1702 940 exponunt,
1729 900 1809 941 pro

177 974 289 1018 rege
310 967 359 1004 et
378 959 618 1017 religione,
642 968 688 1004 et
709 961 1015 1016 gubernatore
1044 960 1226 1003 Albano
1254 961 1287 1016 ²,
1314 975 1456 1015 vsque
1489 963 1545 1004 ad
1575 962 1811 1018 sanguinis

176 1036 444 1100 effusionem
462 1038 711 1082 decertant.
733 1036 996 1094 Recipiatur
1012 1044 1059 1082 et
1075 1051 1174 1080 mea
1191 1051 1272 1093 pro
1292 1038 1345 1080 Ρ.
1367 1039 1627 1091 Xantheno,
1649 1054 1783 1094 quam
1796 1064 1810 1070 -

180 1113 249 1158 uis
275 1115 403 1158 nullo
439 1114 651 1159 beneficii
673 1129 844 1172 genere
872 1129 974 1158 sum
1004 1114 1294 1171 promeritus,
1321 1116 1607 1171 supplicatio.
1647 1118 1812 1160 Vtatur

178 1190 300 1234 illius
322 1205 459 1248 opera
481 1184 907 1236 Reuerendissimus
929 1191 975 1234 in
998 1191 1291 1235 restituendis
1312 1191 1431 1234 viui>-
1463 1193 1656 1248 templis,
1682 1193 1813 1236 cuius

176 1283 259 1325 per
289 1275 429 1312 totam
459 1270 555 1313 fere
581 1268 798 1313 diocesim
827 1276 874 1312 et
911 1269 1079 1325 templa
1107 1267 1283 1325 direpta
1312 1278 1441 1321 sunt,
1477 1278 1522 1313 et
1550 1279 1813 1318 ornamenta

177 1332 287 1402 igne
323 1346 578 1398 combusta,
611 1354 656 1388 et
685 1346 894 1390 homines
916 1345 1079 1389 misere
1106 1345 1300 1389 seducti.
1341 1347 1663 1390 Ruremundae
1691 1347 1812 1403 plus-

177 1435 313 1478 quam
345 1422 518 1465 turcica
546 1422 753 1466 barbarie
781 1422 1007 1466 saeuitum
1029 1430 1100 1466 est
1128 1422 1174 1466 in
1203 1430 1347 1465 totum
1372 1424 1559 1475 clerum,
1591 1423 1636 1466 in
1665 1425 1811 1468 eccle-

176 1488 269 1543 sias
289 1506 337 1542 et
358 1499 650 1544 monasteria.
685 1511 735 1553 17
759 1499 1036 1543 carthusiani
1062 1499 1217 1556 gladio
1246 1500 1384 1543 occisi
1413 1509 1535 1543 sunt.
1568 1502 1690 1544 Inter
1717 1515 1813 1544 car-

177 1574 414 1620 thusianos
434 1583 554 1620 vn'us
582 1591 639 1621 ex
666 1576 867 1633 episcopi
895 1577 1132 1620 sacellanis
1155 1577 1335 1630 cecidit,
1362 1578 1475 1620 alter
1502 1578 1573 1621 bis
1601 1578 1814 1621 astrictus

175 1653 341 1709 laqueo
369 1665 451 1696 100
472 1653 639 1696 daleris
660 1667 709 1697 se
726 1653 934 1699 redemit.
953 1653 1164 1711 Episcopi
1183 1654 1346 1698 domus
1365 1662 1458 1698 tota
1476 1657 1708 1699 confracta
1725 1663 1810 1699 est.

174 1729 226 1772 In
249 1729 374 1772 hisce
397 1729 528 1773 malis
549 1731 715 1774 habeat
737 1738 927 1774 sanctus
947 1730 1189 1787 episcopus
1221 1733 1308 1774 hoc
1338 1747 1364 1775 a
1392 1732 1622 1776 Societate
1650 1747 1814 1775 conso-

171 1803 371 1859 lationis,
390 1812 441 1848 vt
461 1805 532 1849 vir
553 1805 627 1849 ille
649 1821 741 1849 non
764 1807 1019 1862 denegetur
1042 1808 1091 1851 S.
1124 1807 1258 1860 Κέω,
1284 1822 1418 1864 quem
1449 1809 1574 1864 cupit
1605 1808 1812 1851 nouima-

172 1881 383 1938 gensium
405 1890 451 1927 et
473 1884 640 1935 clerus,
666 1891 712 1926 et
735 1884 879 1939 plebs,
904 1891 950 1928 et
971 1892 1172 1928 senatus.
1202 1886 1347 1928 Erunt
1371 1884 1462 1937 alii,
1488 1885 1565 1941 qui
1595 1886 1652 1928 ad
1678 1887 1812 1928 Prus-

173 1958 287 2002 siam
309 1959 564 2004 mittantur.
587 1960 800 2005 Perficiat
824 1975 941 2017 opus
958 1963 1047 2004 hoc
1063 1961 1263 2018 pietatis,
1283 1963 1362 2017 qui
1380 1962 1564 2018 incepit.
1584 1963 1679 2006 Suo
1698 1970 1812 2005 tem-

174 2049 285 2091 pore
313 2035 467 2080 licebit
501 2038 799 2082 Xanthenum
829 2037 917 2081 alio
945 2039 1176 2095 ablegare,
1207 2046 1256 2083 vt
1293 2040 1475 2091 evellat,
1510 2047 1556 2082 et
1588 2040 1810 2093 destruat,

172 2111 382 2157 aedificet
402 2121 448 2158 et
469 2114 660 2170 plantet.
687 2116 815 2159 Deus
833 2115 945 2172 Opt.
971 2117 1093 2160 Max.
1120 2117 1174 2159 T.
1202 2117 1255 2160 R.
1283 2116 1502 2160 ecclesiae
1520 2131 1629 2159 suae
1652 2125 1696 2161 et
1720 2118 1808 2161 So-

172 2188 325 2234 cietati
346 2189 426 2234 diu
456 2198 612 2235 seruet
638 2191 928 2236 incolumem.
963 2192 1183 2236 Miserum
1211 2200 1381 2236 statum
1414 2193 1638 2237 inferioris
1675 2194 1811 2236 huius

172 2266 436 2322 prouinciae
458 2268 513 2310 T.
541 2269 595 2311 R.
621 2267 667 2311 in
690 2268 905 2323 precibus
934 2277 981 2312 et
1009 2269 1286 2324 quotidianis
1315 2270 1549 2312 sacrificiis
1578 2284 1811 2314 commen-

172 2343 333 2387 datum
352 2344 523 2389 habere
539 2344 665 2391 velit.

262 2420 477 2473 Xanthis,
501 2436 531 2478 9
551 2422 834 2478 Septembris
856 2438 977 2466 anno
996 2423 1164 2481 [15]72.

215 2528 218 2531 Δ
262 2496 463 2541 Τ.Β.ᾱ“
485 2498 678 2542 seruitor
694 2499 1142 2555 obsequiosissimus,

1033 2578 1303 2622 GERARDUS
1328 2582 1568 2623 Bcssncs.

1244 2657 1330 2698 Th.
1426 2656 1492 2699 Li.

264 2727 524 2784 Inscriplio.
550 2730 812 2773 Admodum
836 2731 951 2774 Rdo.
979 2731 1024 2773 in
1049 2732 1234 2776 Christo
1257 2733 1310 2775 P.
1336 2732 1615 2787 Hieronymo
1638 2732 1805 2783 Natali,

120 2836 125 2839 Α
174 2803 392 2860 theologo
407 2811 454 2849 et
474 2805 646 2848 vicario
666 2806 910 2852 Societatis
926 2809 1050 2865 Jesu.
1072 2810 1262 2854 Romae.
1286 2810 1432 2852 Adest
1454 2808 1667 2864 sigillum.

245 2926 256 2948 ¹
307 2928 513 2965 KesSelius
527 2930 716 2974 (Kessel).

241 2988 257 3008 ³
307 2986 577 3024 Ferdinandus
592 2989 762 3025 Alvarez
774 2989 824 3025 de
842 2990 1004 3037 Toledo,
1023 2991 1103 3026 dux
1122 2991 1314 3037 Albanus,
1335 2991 1383 3025 de
1402 3001 1479 3036 quo
1498 2990 1652 3036 saepius
1672 2991 1709 3025 in
1731 2997 1810 3025 ter-

172 3043 230 3080 tio
246 3045 446 3083 volumine
464 3047 716 3096 epistolarum
735 3048 889 3084 Natalis
902 3049 1052 3085 dictum
1070 3056 1146 3085 est.

350 3110 467 3140 ssnu.
486 3111 530 3139 P.
553 3111 690 3147 Nilum..
709 3120 787 3142 rou.
808 3112 869 3142 1v.
1597 3114 1633 3141 53
