2098 3470
842 222 1277 266 namneticum-61
1427 277 1431 281 ‚
1759 223 1831 270 533

241 341 332 385 tur,
363 339 549 376 vtantur
573 346 718 389 paruo
745 330 1017 374 tintinabulo
1043 329 1092 372 in
1119 327 1310 385 priuatis
1346 327 1442 371 suis
1477 327 1720 381 exercitiis,
1753 327 1877 384 quod

239 423 379 454 manu
408 410 629 466 pulsetur.
661 410 778 453 Nam
804 406 1123 452 communibus
1144 405 1189 448 in
1218 406 1356 450 rebus
1384 405 1568 460 signum
1594 404 1723 448 dabit
1744 419 1876 448 com-

242 486 392 531 munis
414 486 600 543 collegii
621 499 858 543 campana.

329 563 503 607 Nouitii
522 563 763 620 separatim
785 561 990 605 habitent
1010 560 1057 603 in
1078 559 1272 614 collegio
1293 559 1366 604 vel
1387 560 1548 615 domo„
1565 567 1611 603 et
1632 559 1874 602 comedant

237 640 287 684 in
308 640 537 684 communi
554 642 745 683 fratrum
760 637 1016 691 refectorio,
1037 651 1125 680 vna
1141 650 1246 679 cum
1263 635 1484 692 magistro
1501 650 1586 679 suo
1602 635 1648 678 in
1666 642 1873 692 separata

236 731 396 761 mensa
416 725 448 760 ².
474 719 635 774 Longe
656 723 808 760 tamen
828 714 982 758 vtilius
1002 722 1139 766 esset,
1162 720 1349 770 propter
1378 714 1498 770 [pag.
1528 712 1631 770 468]
1655 713 1871 757 maiorem

236 793 521 851 disciplinam
543 801 589 838 et
609 794 837 838 delectum
853 806 1028 843 eorum,
1048 805 1164 847 quae
1188 798 1296 834 sunt
1316 790 1513 846 legenda
1534 789 1582 832 in
1603 804 1777 842 mensa,
1802 787 1870 847 [ut

236 870 731 928 proprium‘haberent
766 867 1071 926 refectorium]
1101 867 1121 893 '⁰
1148 867 1251 923 (nisi
1278 867 1486 924 paucitas
1514 880 1671 911 eorum
1701 866 1747 909 id
1778 881 1870 910 non

234 949 499 1004 pateretur);
524 954 570 991 et
592 954 703 990 tunc
725 945 907 1002 quidem
930 945 1210 1001 parabuntur
1230 957 1388 987 eorum
1417 943 1508 987 cibi
1529 943 1576 986 in
1597 943 1749 988 culina
1771 944 1869 987 col-.

233 1022 342 1080 legii
364 1023 436 1067 vel
457 1024 636 1075 domus,
660 1030 706 1067 et
732 1024 844 1065 hora
864 1020 1040 1083 prandii
1066 1027 1113 1065 et
1139 1034 1309 1064 coenae
1330 1020 1476 1064 ferent
1496 1019 1598 1063 illos
1619 1019 1782 1062 nouitii
1810 1021 1868 1063 ad

234 1100 419 1144 domum
450 1114 603 1153 suam,
634 1100 707 1144 vel
733 1112 989 1150 secessum,
1022 1097 1097 1140 vbi
1124 1097 1210 1142 erit
1238 1108 1421 1154 paratus
1453 1096 1590 1154 ignis,
1622 1111 1713 1152 quo
1743 1097 1868 1140 calor

230 1177 436 1221 ciborum
464 1184 781 1229 conseruetur3
819 1175 896 1219 vbi
922 1164 1140 1233 magister
1166 1174 1442 1219 nouitiorum
1471 1174 1607 1219 etiam
1644 1174 1866 1218 inseruiet

232 1267 416 1298 mensae
438 1254 718 1297 nouitiorum
742 1253 984 1310 aliquando
1006 1267 1062 1297 ex
1083 1251 1424 1296 constitutione.

323 1332 483 1375 Patres
504 1339 550 1374 et
572 1332 735 1374 fratres
757 1345 848 1373 non
870 1337 1084 1386 poterunt
1105 1329 1276 1373 intrare
1296 1330 1482 1373 domum
1499 1329 1572 1372 vel
1593 1329 1743 1373 locum
1762 1344 1865 1386 pro-

228 1406 426 1451 bationis
447 1408 620 1462 absque
642 1407 825 1452 licentia
846 1406 1051 1463 magistri
1071 1406 1365 1450 nouitiorum.

315 1488 404 1531 456
434 1484 591 1540 Aliqui
617 1500 675 1528 ex
702 1483 888 1528 nouitiis
919 1485 990 1527 vel
1017 1483 1250 1537 substitui,
1284 1484 1356 1526 vel
1388 1483 1567 1527 institui
1598 1491 1790 1540 possunt
1817 1484 1864 1527 in

226 1561 429 1604 officium
458 1561 691 1604 infirmarii
713 1569 759 1606 et
787 1560 1063 1613 excitatoris,
1093 1561 1132 1604 si
1160 1560 1370 1605 videatur
1399 1560 1600 1617 ipsorum
1630 1561 1861 1618 magistro,

227 1637 447 1694 probante
469 1639 706 1694 superiori;
732 1638 778 1680 in
802 1637 889 1681 alia
919 1637 1054 1681 etiam
1078 1637 1246 1691 officia,
1278 1639 1360 1682 sed
1382 1652 1550 1694 magna
1580 1638 1861 1694 circumspe-

224 1713 445 1768 ctioneet
466 1716 644 1759 cautela
667 1715 712 1758 in
734 1715 952 1758 sacristae
974 1715 1155 1758 maioris
1170 1715 1306 1759 etiam
1323 1715 1368 1758 in
1387 1715 1610 1760 ianitoris.
1630 1717 1746 1759 Nam
1764 1730 1862 1760 em-

228 1791 368 1848 ptoris
389 1806 481 1835 non
503 1792 670 1848 poterit
691 1792 779 1835 nisi
803 1799 850 1834 vt
872 1792 1024 1835 socius
1044 1792 1277 1849 emptoris.

315 1869 399 1921 mi,
423 1869 501 1924 qui
523 1869 569 1912 in
591 1869 832 1914 Societatis
857 1869 1089 1913 nouiciatu
1110 1876 1367 1923 versantur,
1392 1884 1522 1912 suam
1553 1877 1773 1915 semotam
1803 1872 1859 1913 ab

223 1945 323 1989 aliis
345 1946 541 1989 habeant
564 1946 890 1990 recreationem
913 1954 1197 1991 consuetam.

312 2024 434 2066 Inter
464 2022 566 2074 alia,
602 2022 880 2066 nouitiorum
920 2037 1078 2079 pacem
1115 2031 1253 2080 atque
1289 2025 1568 2081 spiritualem
1605 2026 1858 2081 profectum

224 2113 314 2142 non
338 2114 497 2156 parum
519 2109 758 2156 promouet
782 2107 992 2143 votorum
1016 2100 1218 2153 emissio,
1244 2116 1361 2157 quae
1383 2102 1547 2158 poterit
1569 2102 1634 2147 eis
1662 2117 1753 2145 non
1785 2117 1860 2145 so·

221 2175 316 2219 lum
338 2177 543 2229 concedi,
568 2177 606 2219 si
627 2177 673 2219 id
695 2185 868 2233 petant,
894 2178 974 2221 sed
997 2178 1190 2234 proponi
1212 2179 1348 2223 etiam
1371 2187 1417 2222 et
1439 2179 1604 2235 exponi
1622 2180 1858 2223 commode

220 2259 329 2296 ante
349 2252 582 2297 biennium
607 2256 713 2310 (quo
734 2269 828 2298 non
849 2254 1127 2311 obligantur)
1151 2270 1268 2312 quae
1290 2258 1375 2300 hac
1398 2258 1454 2301 de
1478 2271 1525 2300 re
1542 2258 1730 2299 tradunt
1747 2271 1856 2300 con-

220 2328 480 2374 stitutiones
501 2339 547 2374 et
569 2331 898 2375 declarationes
922 2340 1004 2387 3:²⁶
1026 2332 1167 2388 partis
1194 2335 1220 2376 ¹.
1247 2334 1363 2376 Nam
1386 2348 1440 2377 ea
1462 2333 1498 2376 si
1522 2348 1605 2376 sua
1621 2335 1854 2376 voluntate

218 2405 406 2459 faciant,
430 2421 485 2450 eo
507 2407 717 2462 quietiori
740 2416 877 2463 atque
899 2408 1104 2452 alacriori
1127 2410 1279 2453 animo
1307 2410 1533 2453 vocationi
1555 2425 1665 2454 suae
1687 2424 1850 2466 coope—

219 2482 459 2526 rabuntur.
487 2484 620 2528 Adde
642 2485 764 2540 quod
786 2485 1064 2542 experientia
1086 2487 1309 2531 habemus
1325 2496 1607 2543 compertum
1626 2487 1687 2529 ita
1707 2486 1854 2531 sedari

221 2559 497 2605 tentationes
529 2561 829 2614 nouitiorum;
861 2570 907 2606 et
934 2570 1086 2606 tamen
1114 2578 1283 2620 magna
1311 2563 1718 2620 circumspectione
1747 2571 1854 2606 sunt

217 2634 504 2692 exponenda,
535 2653 652 2694 quae
683 2641 818 2683 modo
839 2640 1037 2683 diximus
1067 2647 1099 2694 0;
1131 2644 1218 2687 457
1247 2641 1423 2684 facilius
1452 2641 1571 2685 edita
1603 2640 1690 2683 iam
1723 2648 1848 2693 vota,

289 2763 307 2782 ²
355 2754 468 2801 Quae
485 2762 702 2803 sequuntur
719 2768 843 2804 usque
861 2757 910 2792 ad
927 2757 1045 2793 finem
1062 2758 1178 2805 hujus
1196 2760 1438 2806 paragraphi,
1466 2758 1597 2794 addita
1615 2765 1706 2794 sunt
1724 2764 1851 2805 poste-

216 2811 297 2848 rius
314 2811 354 2848 in
370 2813 449 2849 fine
466 2815 586 2851 totius
602 2816 756 2862 capitis,
781 2827 899 2862 pagg.
924 2816 1084 2862 467-468
1106 2817 1268 2862 codicis,
1294 2818 1424 2853 addita
1448 2819 1518 2852 hac
1543 2823 1634 2852 nota
1653 2818 1692 2853 in
1710 2818 1850 2864 margi-

215 2883 285 2911 ne:
304 2873 416 2910 Haec
437 2875 693 2911 continentur
710 2874 765 2914 2.⁰
787 2877 805 2923 ἓ
826 2877 948 2912 huius
964 2877 1093 2916 tituli.
1118 2878 1201 2914 Nos
1225 2884 1356 2914 autem
1381 2890 1426 2913 ea
1450 2878 1604 2924 proprio
1628 2878 1713 2913 loco
1738 2878 1849 2912 resti·

214 2931 360 2968 tuenda
375 2932 571 2970 duximus.
623 2937 689 2963 —b
715 2934 861 2973 Omiss.
882 2936 922 2972 in
946 2948 1018 2972 ms.
1069 2947 1133 2965 -0
1161 2938 1268 2973 Haec
1292 2948 1312 2982 4
1339 2938 1459 2973 verba
1484 2936 1615 2972 addita
1639 2936 1849 2983 posterius,

285 3032 295 3053 ¹
348 3033 445 3080 Cap.
467 3042 500 3079 1,
519 3034 707 3073 declarat.
725 3037 771 3072 T.
791 3035 854 3073 Cf.
875 3038 1006 3072 Instit.
1028 3038 1226 3085 Soc.Jesu
1244 3038 1355 3084 (edit.
1376 3038 1473 3082 cit.),
1496 3024 1547 3083 ΙῘ,
1567 3047 1626 3082 50.
