2098 3470
809 231 1243 276 lunationem—61
1724 230 1797 278 379

295 337 414 381 Cum
430 335 632 380 omnium
650 341 881 379 rectorum
889 347 1045 378 curam
1054 340 1219 390 gerant
1229 332 1551 397 prouinciales,
1566 341 1663 377 tum
1679 343 1841 378 eorum

202 413 468 472 praecipue,
493 412 571 469 qui
591 412 702 455 noui
723 419 847 464 sunt,
877 425 963 456 nec
989 425 1123 454 vsum
1155 411 1327 455 habent
1354 407 1641 466 exploratum
1663 413 1837 468 guber—

192 490 358 543 nandi,
383 490 659 547 singularem
681 503 837 532 curam
858 502 1019 547 gerere
1039 488 1226 532 debent.
1252 487 1341 531 His
1363 487 1486 531 enim
1515 490 1836 544 praescriben-

205 569 316 611 dum
337 574 408 611 est
428 567 487 611 35
508 573 559 610 vt
579 565 863 621 frequentius
882 564 1102 617 scribant,
1127 579 1181 609 ac
1201 565 1259 609 de
1280 571 1376 608 tota
1399 564 1575 607 ratione
1602 566 1839 620 guberna-

206 643 342 688 tionis
358 645 556 688 referant
571 644 630 686 ad
639 642 982 699 prouincialem,
996 655 1082 685 nec
1092 641 1336 697 quicquam
1353 657 1504 686 nouae
1521 640 1585 685 rei
1602 641 1839 685 inueniant

0 769 9 785 ,ι
203 713 277 764 vel
296 721 466 764 addant
485 727 731 765 consuetae
753 708 916 762 rationi
937 718 1226 775 gubernandi
1247 719 1422 774 absque
1443 717 1633 761 consilio
1650 719 1838 775 prouin-

0 806 7 842 ἑ
202 796 346 851 cialis3
370 798 428 842 de
448 811 572 840 nouo
598 796 706 841 item
729 804 906 840 rectore
931 795 1173 854 creb[r]ius
1199 795 1401 840 scribant
1422 796 1480 839 ad
1510 795 1837 852 prouincialem

201 874 461 926 consiliarii,
486 888 576 930 quo
598 873 799 917 actiones
822 872 1009 918 rectoris
1030 872 1123 916 sint
1142 872 1412 929 prouinciali
1433 873 1773 928 compertiores.

0 959 10 994 t,
290 951 536 996 Prouideat
549 950 856 1007 prouincialis,
875 958 926 994 vt
938 957 1079 994 totam
1096 949 1318 994 rationem
1334 949 1642 1006 gubernandi,
1655 964 1836 993 omnem

140 1088 142 1090 Ι
198 1027 477 1085 peculiarem
497 1028 700 1081 modum,
725 1035 771 1072 et
792 1027 1140 1072 instructionem
1169 1028 1248 1070 det
1274 1026 1531 1070 successori
1559 1041 1645 1069 suo
1666 1034 1832 1080 rector,

199 1104 278 1161 qui
298 1120 384 1150 suo
404 1119 593 1149 munere
615 1112 684 1150 est
720 1105 1004 1162 perfunctus.
1044 1104 1349 1148 Tantumdem
1386 1103 1678 1160 prouincialis
1701 1103 1836 1147 faciet

199 1182 454 1227 successori
474 1197 560 1226 suo
581 1184 640 1226 de
661 1197 746 1226 suo
767 1197 969 1226 munere.
1001 1181 1361 1226 Accuratissime
1387 1182 1499 1226 dent
1519 1195 1703 1237 operam
1726 1196 1832 1238 pro-

202 1259 435 1314 uinciales‚
474 1268 525 1303 vt
553 1260 843 1305 celebrentur
878 1259 1058 1311 missae,
1098 1273 1204 1303 cum
1239 1274 1322 1316 pro
1360 1258 1696 1310 fundatoribus,
1732 1266 1829 1302 tum

195 1337 333 1381 etiam
361 1352 443 1393 pro
477 1337 706 1380 defunctis
736 1336 976 1382 Societatis
1013 1335 1228 1380 Patribus
1249 1343 1295 1381 et
1318 1335 1550 1379 fratribus.
1590 1335 1640 1380 Si
1662 1335 1707 1378 id
1740 1336 1828 1379 iam

195 1427 289 1457 non
305 1413 508 1466 fecerint,
529 1415 718 1458 Romam
739 1413 920 1457 mittent
939 1413 1085 1470 primo
1105 1427 1288 1469 quoque
1306 1420 1509 1469 tempore
1530 1411 1834 1469 prouinciales

194 1490 501 1543 fundationeS,
524 1506 701 1535 annuos
727 1504 909 1545 census,
934 1498 981 1534 et
1011 1490 1249 1535 vniuersas
1275 1489 1581 1546 obligationes
1610 1489 1831 1547 collegio-

193 1582 312 1620 rum,
337 1568 490 1624 quoad
509 1575 742 1625 poterunt,
767 1567 1038 1613 autenticas.

282 1645 450 1688 Curam
487 1652 651 1702 gerant
678 1644 981 1701 prouinciales
1008 1644 1277 1701 diligentem
1306 1645 1494 1688 Patrum
1527 1658 1594 1689 ac.
1622 1645 1828 1695 fratrum,

191 1720 271 1776 qui
290 1721 380 1765 iam
401 1721 460 1766 36
481 1721 654 1765 diutius
674 1721 720 1764 in
742 1722 971 1767 Societate
988 1729 1244 1774 versantur,
1265 1735 1383 1777 quos
1400 1720 1828 1778 praecipue‘iuuare

188 1798 456 1852 studebunt,
480 1797 627 1842 sicubi
647 1799 1023 1856 negligentiores,
1048 1799 1123 1843 vel
1143 1798 1380 1843 liberiores
1402 1799 1581 1851 fierent,
1607 1813 1698 1854 quo
1723 1813 1831 1855 pos-

187 1873 280 1917 sint
299 1875 358 1918 ad
393 1875 719 1932 perfectionem
756 1876 1048 1929 contendere,
1089 1875 1226 1932 idque
1255 1874 1402 1932 primo
1430 1875 1601 1920 facient
1637 1875 1827 1919 secretis

187 1951 589 2002 admonitionibus:
614 1952 796 2005 deinde,
820 1953 859 1996 si
882 1967 1000 2009 opus
1019 1953 1174 2005 fuerit,
1199 1952 1299 1996 aliis
1321 1952 1459 1997 etiarn
1477 1952 1643 1996 modis.

275 2029 418 2085 Quod
447 2029 774 2087 praescriptum
810 2029 948 2074 fuerit
974 2046 1000 2074 a
1037 2029 1347 2073 commissario
1373 2030 1446 2073 vel
1479 2029 1730 2082 visitatore,
1774 2044 1827 2072 ac

186 2105 446 2150 executioni
481 2106 655 2159 datum,
691 2122 786 2151 non
806 2108 1051 2151 mutabunt
1078 2106 1384 2164 prouinciales
1420 2122 1503 2150 seu
1524 2106 1820 2150 commissarii

186 2182 277 2235 alii,
302 2184 438 2228 Patre
464 2191 621 2228 nostro
658 2184 862 2241 generali
898 2184 1174 2230 inconsulto.
1210 2185 1350 2240 Quod
1377 2192 1531 2227 autem
1555 2184 1612 2227 ad
1651 2184 1827 2239 reliqua

185 2267 378 2316 spectat,
402 2275 519 2316 quae
541 2261 587 2303 in
610 2276 695 2305 vsu
730 2261 881 2305 adhuc
908 2276 1000 2305 non
1022 2261 1130 2314 sint,
1169 2268 1334 2306 curent
1370 2261 1677 2318 prouinciales
1701 2268 1751 2303 vt
1773 2275 1827 2304 ea

185 2337 456 2380 mandentur
476 2337 750 2382 executioni:
775 2337 862 2381 nisi
879 2346 1140 2383 occurreret
1161 2338 1332 2394 aliquid
1353 2339 1410 2381 de
1428 2337 1618 2381 consilio
1637 2352 1823 2381 suorum

183 2412 558 2467 consiliariorum,
584 2416 702 2459 vnde
738 2416 874 2472 pleno
893 2415 1063 2459 iudicio
1089 2423 1297 2460 censeret
1325 2415 1390 2460 rei
1427 2414 1620 2458 alicuius
1650 2428 1818 2458 execu—

185 2489 355 2534 tionem
377 2506 478 2536 esse
498 2493 883 2549 suspendendam.
908 2494 1039 2536 Tunc
1067 2492 1189 2536 enim
1210 2492 1379 2549 poterit
1407 2507 1462 2535 ea
1489 2493 1593 2548 lege
1616 2491 1737 2534 illius
1755 2491 1819 2535 rei

184 2567 499 2612 executionem
520 2570 814 2626 suspendere,
841 2569 878 2613 si
894 2571 952 2614 de
974 2585 1023 2614 re
1039 2577 1152 2622 tota,
1172 2584 1307 2626 quam
1331 2569 1525 2626 primurn
1549 2568 1645 2612 fieri
1664 2576 1816 2623 queat,

182 2644 251 2688 Rd
259 2658 347 2688 um.
373 2643 557 2688 Patrem
579 2654 786 2690 nostrum
806 2647 1069 2703 generalem
1091 2647 1284 2690 reddant
1307 2647 1563 2689 certiorem.

269 2722 391 2765 Inter
412 2722 499 2766 alia
521 2722 716 2768 maxime
736 2724 951 2768 studeant
973 2723 1291 2779 prouinciales,
1315 2732 1560 2772 rectorum,
1583 2722 1818 2764 confessa-

182 2797 368 2850 riorum,
392 2799 449 2843 37
469 2807 831 2855 procuratorum,
856 2807 1112 2856 emptorum
1135 2814 1188 2843 ac
1210 2814 1384 2855 eorum,
1410 2799 1489 2853 qui
1511 2797 1703 2853 negocia
1724 2798 1820 2839 col-

179 2874 404 2931 legiorum
432 2875 634 2919 exterius
661 2885 848 2932 gerunt,
882 2887 1146 2933 perspectas
1174 2878 1343 2920 habere
1371 2874 1689 2918 conscientias:
1709 2887 1816 2939 “mo-

181 2959 410 3008 neantque
432 2959 633 2996 rectores
654 2967 707 2996 ac
729 2953 984 3006 instituant,
1009 2961 1058 2996 vt
1080 2953 1199 2998 idem
1229 2953 1311 3010 ipsi
1343 2952 1510 2995 faciant
1532 2951 1576 2993 in
1602 2950 1696 2993 suis
1720 2950 1815 2992 col—

180 3027 330 3084 legiis.
