2098 3470
614 281 848 322 Omnem
872 286 1318 324 onsmvanonzs—7o
1664 277 1736 324 723
1760 227 1784 271 Χ

151 387 260 439 tius,
284 386 396 430 illud
416 385 619 443 gaudere
639 381 911 440 opprobriis,
929 381 1005 425 illa
1019 380 1205 426 deuotio
1220 379 1466 436 singularis
1487 395 1599 438 erga
1615 381 1784 425 beatis-

97 462 100 463 ’
151 463 314 508 simam
336 462 592 519 Virginem,
620 460 697 504 illa
721 458 907 505 deuotio
933 459 992 502 ad
1017 464 1218 511 sanctos,
1245 455 1360 500 illud
1386 458 1565 513 placere
1594 466 1715 511 vota,
1747 458 1784 502 si

152 540 258 598 quis
284 540 343 584 sit
370 539 628 596 religiosus,
656 536 769 580 illud
796 536 975 593 placere
996 533 1083 578 sibi
1110 533 1267 578 viuere
1287 535 1460 589 absque
1481 542 1685 591 peccato,
1711 535 1786 578 illa

154 617 342 662 deuotio
363 616 409 659 in
433 614 692 672 recipiendo
711 619 1044 657 sacramentum
1065 611 1388 669 poenitentiae,
1413 611 1487 655 ille
1507 626 1671 656 sensus
1692 612 1786 670 spi-

157 672 334 738 ritualis
354 701 400 738 et
422 691 644 738 recreatio
664 691 843 743 interna
862 690 911 733 in
933 688 1273 740 communione,
1298 688 1411 731 illud
1432 703 1582 733 amare
1610 690 1788 735 sincere

155 771 382 823 inimicos,
398 770 476 814 illa
487 768 675 813 deuotio
691 769 750 812 ad
762 766 1018 828 ecclesiam,
1035 750 1307 810 catholicam
1323 773 1371 809 et
1387 766 1696 822 apostolicam,
1716 781 1788 810 ro-

159 861 357 900 manam,
380 846 458 891 ille
479 859 640 890 sensus
660 843 944 890 obedientiae
964 844 1023 886 ad
1043 857 1271 887 summum
1298 842 1577 899 pontificem,
1609 843 1683 887 illa
1710 843 1788 887 de-

162 925 288 968 uotio
314 924 543 968 ordinaria
571 923 618 966 in
644 927 728 970 387
754 921 919 966 missae
944 919 1273 972 celebratione,
1303 919 1351 962 in
1378 919 1478 963 eius
1505 920 1639 964 etiam
1662 921 1789 964 audi·
1806 934 1816 941 ·

161 1001 300 1053 tione,
325 1009 371 1045 et
392 1001 478 1044 alia
501 998 848 1056 quamplurima,
871 997 1007 1042 simul
1026 998 1150 1053 quod
1165 997 1277 1040 nihil
1295 997 1427 1041 nobis
1443 997 1612 1041 conscii
1629 998 1788 1050 simus,

0 1067 22 1141 ἓν·
159 1093 329 1135 magna
360 1085 469 1121 sunt
500 1083 772 1134 argumenta
801 1082 848 1119 et
878 1074 1012 1132 signa
1037 1074 1315 1118 inhaerentis
1345 1074 1537 1131 gratiae:
1573 1076 1687 1118 haec
1718 1090 1792 1119 re—

0 1136 18 1187 >⁸
158 1162 319 1199 creant
339 1154 551 1206 animam,
581 1160 628 1196 et
654 1167 813 1209 pacem
838 1151 903 1195 illi
934 1151 1195 1205 conciliant,
1226 1159 1272 1196 et
1298 1151 1427 1207 quasi
1454 1152 1717 1195 conuiuium
1746 1152 1793 1194 in

158 1231 313 1275 anima
333 1231 581 1275 celebrant:
606 1230 715 1287 quid
735 1229 928 1286 amplius
947 1228 1144 1285 quaeris,
1169 1228 1339 1272 anima?
1355 1243 1444 1286 age
1460 1230 1518 1273 de
1535 1229 1607 1272 his
1623 1229 1794 1285 gratias

163 1310 280 1362 Deo,
304 1316 351 1354 et
372 1309 430 1351 ad
450 1307 666 1352 maiorem
689 1307 736 1350 in
757 1306 855 1350 dies
877 1314 923 1349 te
942 1305 1244 1350 humilitatem
1261 1320 1475 1362 compara
1490 1306 1535 1349 in
1554 1308 1695 1363 Xpo.,
1716 1308 1795 1363 qui

163 1386 291 1430 bunc
312 1388 493 1430 hortum
522 1384 777 1429 delitiarum
806 1383 904 1427 orbi
929 1382 1110 1440 parauit
1138 1390 1284 1427 morte
1311 1398 1395 1427 sua
1422 1399 1505 1440 pro
1532 1384 1626 1428 vita
1660 1393 1793 1428 tua...

252 1468 340 1511 432
372 1463 541 1508 Selecti
568 1476 730 1506 sensus
757 1461 943 1518 spiritus
967 1468 1015 1504 et
1040 1460 1326 1515 deuotiones,
1360 1476 1452 1517 quo
1484 1462 1606 1505 omni
1644 1462 1795 1506 studio

164 1540 353 1598 spiritus
374 1540 759 1584 contendendum:

257 1617 454 1663 Deuotio
481 1617 528 1659 in
557 1615 798 1661 Societatis
833 1615 1090 1659 institutum
1118 1622 1165 1659 et
1194 1615 1515 1660 obedientiam.
1552 1618 1602 1659 In
1631 1631 1796 1660 nomen

160 1697 291 1754 Jesu.
315 1696 365 1738 In
388 1707 625 1751 personam
648 1692 847 1749 Spiritus
867 1692 1030 1736 sancti.
1054 1693 1106 1736 In
1128 1692 1352 1750 virginem
1374 1693 1581 1738 Mariam.
1616 1696 1669 1738 In
1693 1709 1799 1751 pas-

169 1772 342 1816 sionem
351 1770 458 1828 Xpi.
481 1772 530 1813 In
539 1769 858 1814 eucharistiam
871 1777 1148 1814 reseruatam
1158 1769 1207 1813 in
1216 1770 1422 1815 ecclesia.
1445 1772 1493 1813 In
1504 1771 1777 1828 decalogum
1786 1805 1795 1818 .

123 1903 125 1905 ι
164 1849 305 1893 etiam
331 1847 644 1905 spiritualiter.
675 1846 727 1890 In
762 1846 1011 1890 orationem
1046 1861 1128 1902 pro
1163 1846 1401 1891 animabus
1438 1848 1706 1905 purgatorii.
1748 1849 1799 1891 In

169 1925 391 1969 rosarium
413 1924 535 1968 vitae
556 1924 664 1980 Xpi.
691 1925 738 1966 In
762 1922 982 1967 rosarium
1004 1922 1196 1980 virginis
1214 1924 1399 1969 Mariae.
1436 1926 1487 1968 In
1518 1925 1716 1969 missam.
1750 1928 1799 1969 In

170 2002 425 2060 symbolum
458 2001 579 2044 fidei.
615 2002 665 2044 In
692 2000 945 2044 orationem
973 2000 1260 2046 dominicam.
1284 2007 1371 2048 433
1400 2003 1572 2058 Contra
1601 2004 1800 2048 haereti-

167 2093 266 2132 cos;
291 2079 372 2122 sed
391 2077 603 2135 primum,
622 2085 672 2120 vt
688 2070 1031 2129 conuertantfir,
1050 2077 1400 2129 commiseratio:
1425 2080 1547 2134 dein,
1567 2088 1616 2123 vt
1638 2081 1799 2124 aduer-

171 2171 252 2200 sus
271 2156 372 2199 illos
393 2156 634 2207 scribatur,
660 2162 709 2197 vt
730 2154 1027 2198 confutentur
1046 2161 1095 2198 et
1115 2156 1470 2199 confundantur.

52 2284 59 2294 ⁸
262 2234 313 2276 In
335 2242 498 2276 terram
530 2239 752 2275 sanctam.
784 2231 860 2274 Ad
891 2231 1139 2275 audiendas
1167 2232 1490 2285 confessiones,
1522 2242 1568 2277 et
1595 2234 1800 2279 Societa-

53 2303 57 2306 ’
104 2324 140 2356 ,Ι
171 2309 233 2354 tis
252 2310 430 2367 priuata
451 2308 754 2352 ministeria...

261 2391 351 2432 434
381 2387 452 2429 Da
473 2399 654 2442 operam
678 2392 727 2427 vt
748 2398 805 2427 ex
826 2399 935 2429 vero
956 2392 1003 2429 et
1022 2385 1183 2428 humili
1203 2401 1341 2430 sensu
1369 2387 1550 2431 diuinae
1578 2388 1800 2444 operatio-

170 2463 246 2507 nis
266 2463 311 2506 in
336 2470 381 2505 te
402 2461 617 2518 opereris3
643 2476 752 2504 num
775 2461 821 2504 id
841 2461 1126 2519 intelligebat
1147 2465 1200 2507 P.
1225 2463 1447 2520 Ignatius,
1473 2466 1579 2507 dum
1602 2464 1799 2508 dicebat:

175 2540 251 2583 «in
273 2539 469 2583 Domino
490 2546 692 2591 nostro»,
716 2537 790 2581 cui
821 2538 938 2583 adde
968 2553 1152 2583 sensum
1185 2541 1332 2584 meriti
1364 2541 1472 2598 Xpi.
1502 2542 1634 2584 Adde
1666 2541 1801 2585 etiam

178 2631 309 2662 «cum
333 2618 501 2672 Xpo.»;
525 2622 572 2659 et
591 2615 639 2658 hi
670 2629 833 2660 sensus
863 2615 1048 2672 spiritus
1068 2616 1107 2659 si
1134 2632 1224 2662 non
1253 2619 1537 2675 contingant,
1571 2619 1803 2675 persuasio

56 2682 73 2723 Ϊ
127 2716 136 2717 ἶ
175 2702 329 2739 tamen
352 2693 428 2736 illa
449 2692 563 2738 sit...

651 2819 699 2849 IN
731 2819 815 2849 DIE
847 2819 1052 2850 NATALIS
1083 2822 1181 2852 xm.
1214 2822 1332 2862 JESL'

267 2923 767 2969 Gratia—Historiam
803 2924 930 2967 dabit
964 2925 1099 2970 lectio
1129 2928 1355 2984 euangelii
1389 2935 1435 2970 et
1471 2931 1555 2974 437
1593 2927 1803 2984 imaginis

175 3008 466 3058 conspectus,
489 3000 680 3058 simplici
702 3001 810 3045 item
832 3016 936 3045 cum
958 3017 1109 3046 rerum
1132 3005 1493 3050 consideratione
1515 3006 1669 3048 locum
1691 3019 1802 3048 con-

178 3079 396 3135 templare
417 3079 660 3131 Nazareth,
691 3077 738 3121 in
761 3078 880 3122 tribu
909 3081 1131 3134 Zabulon,
1157 3081 1282 3126 iuxta
1303 3090 1501 3125 montem
1525 3082 1728 3134 Thabor,
1756 3081 1801 3125 in
