2098 3470
116 0 375 25 ίῑῖ·Γῇ“Ῐ*“.“*’*ῤ”Χ“·ὶ-Ψ
395 0 502 19 ·«’“”’7
527 0 550 13 ⁷¹
589 0 601 8 ”

113 22 187 38 ιμ’-ς
212 20 246 33 ιη
271 22 297 39 {³⁴⁷
330 22 331 26 =

807 273 1184 311 Insnucnones-
1198 272 1242 308 61
1655 293 1657 295 v
1723 271 1791 318 371

208 377 257 420 id
284 377 467 433 quidem
494 375 621 420 iuxta
646 375 932 432 singulorum
963 374 1162 432 regulas,
1193 381 1239 419 et
1270 373 1472 419 studebit
1506 375 1616 418 dare
1646 374 1842 432 singulis

205 453 470 498 commodas
490 450 813 495 instructiones
836 451 909 495 uel
930 450 1276 495 declarationes.
1693 435 1696 438 ⁴

300 529 528 586 Intelliget
548 527 588 572 si
608 527 734 584 quid,
758 534 860 584 post
881 527 1084 571 vltimam
1101 526 1424 579 visitationem,
1445 526 1679 570 venditum
1705 527 1842 571 fuerit
1895 545 1898 548 ·

205 621 268 651 ex
287 607 424 650 rebus
445 604 702 658 mobilibus,
726 605 799 648 vel
817 605 933 652 forte
951 603 1272 658 immobilibus,
1292 611 1337 648 et
1353 605 1440 646 hoc
1462 618 1629 660 magna
1645 604 1842 661 diligen-

212 682 275 726 tia
294 681 508 738 inquirat.
566 679 578 690 ⁹

299 759 491 803 Curabit
511 758 646 802 etiam
668 757 941 814 intelligere,
965 757 1003 801 si
1025 756 1135 812 quid
1155 763 1316 800 mutuo
1344 757 1418 800 vel
1444 758 1731 800 commodato
1760 758 1842 802 de-

203 837 376 887 derunt
398 836 472 879 vel
493 842 769 892 acceperunt
790 841 1007 879 rectores.

300 911 518 964 Indicem,
542 926 677 967 quem
698 911 869 955 habent
890 925 1040 955 rerum
1063 910 1283 964 omnium,
1314 925 1431 967 quae
1458 911 1532 956 vel
1563 911 1686 954 domi
1715 920 1839 964 sunt,

178 982 183 988 ⁶
204 990 282 1034 vel
306 988 353 1032 in
375 987 597 1041 sacristia,
621 989 695 1030 vel
717 987 764 1030 in
786 987 994 1040 ecclesia,
1018 987 1105 1031 sibi
1126 987 1300 1031 iubebit
1321 987 1541 1040 exhiberi,
1572 987 1647 1031 cui
1669 988 1843 1031 iubebit

203 1065 334 1119 addi,
357 1065 488 1123 siqua
510 1064 712 1108 fortassis
735 1064 919 1116 fuerint,
945 1078 1062 1120 quae
1083 1064 1129 1107 in
1152 1064 1347 1108 indicem
1376 1065 1559 1108 redacta
1591 1079 1683 1108 non
1715 1073 1839 1118 sunt,

213 1149 260 1187 et
281 1143 432 1198 quoad
451 1142 550 1186 eius
571 1141 668 1185 fieri
689 1141 872 1199 poterit,
903 1141 1164 1185 obseruabit
1190 1157 1247 1185 an
1279 1141 1449 1197 aliquid
1480 1141 1614 1194 desit3
1650 1143 1773 1197 quod
1805 1141 1844 1184 si

203 1218 716 1276 desit‚·intelligendum
737 1225 806 1263 est
829 1233 888 1261 an
910 1233 979 1270 ea,
1005 1232 1123 1274 quae
1153 1219 1336 1272 desunt,
1362 1225 1629 1275 consumpta
1651 1218 1758 1271 sint,
1785 1233 1843 1261 an

209 1311 319 1341 vero
339 1295 531 1340 alienata
554 1310 738 1353 quoquo
758 1303 907 1352 pacto.
934 1294 977 1340 17
999 1295 1207 1352 Accipiet
1230 1303 1388 1340 exacte
1417 1295 1636 1339 rationem
1670 1295 1764 1339 dati
1798 1303 1845 1340 et

202 1373 474 1430 -accepti„et
496 1372 623 1416 dabit
643 1386 845 1429 operam,
869 1380 919 1415 vt
940 1372 1138 1416 rationes
1159 1372 1253 1416 dati
1273 1380 1319 1416 et
1340 1372 1516 1429 accepti
1545 1373 1667 1417 clare
1696 1380 1742 1416 et
1774 1373 1844 1416 di—

205 1450 378 1494 stincte
399 1449 446 1493 in
467 1449 594 1493 libris
616 1450 675 1494 ad
695 1450 784 1492 hoc
806 1449 974 1506 paratis
996 1448 1357 1492 conscribantur.
1836 1503 1840 1507 .

299 1528 429 1572 Haec
454 1526 607 1569 omnia
635 1540 739 1570 cum
769 1525 1082 1571 abseruauerit
1109 1534 1153 1570 et
1183 1526 1488 1579 annotauerit,
1523 1527 1707 1584 colliget
1745 1542 1845 1572 sese

206 1605 272 1648 ad
299 1619 449 1649 rerum
478 1603 835 1660 dispositionem3
876 1603 921 1646 in
950 1603 1161 1646 omnibus
1197 1611 1372 1657 autem,
1414 1619 1532 1660 quae
1568 1604 1846 1648 videbuntur

208 1695 352 1739 egere
381 1680 702 1724 reformatione
738 1679 904 1736 aliqua,
944 1680 1071 1724 iuxta
1101 1680 1320 1725 rationem
1353 1681 1548 1724 instituti
1585 1681 1841 1735 Societatis,

212 1757 492 1815 praescribet
521 1771 638 1813 quae
665 1756 751 1800 sibi
780 1756 1059 1801 videbuntur
1088 1758 1455 1814 praescribenda,
1495 1743 1715 1802 consultis
1743 1773 1844 1815 pro-

211 1834 424 1887 uinciale,
451 1841 642 1887 rectore,
667 1841 714 1878 et
735 1833 834 1878 aliis
855 1834 1210 1887 consultoribus,
1235 1836 1308 1878 vel
1329 1835 1463 1879 etiam
1492 1835 1777 1889 officialibus,
1808 1836 1846 1879 si

208 1910 273 1955 ita
294 1910 381 1968 ipsi
403 1911 629 1964 videatur,
654 1911 700 1954 in
722 1911 812 1964 his,
837 1925 955 1966 quae
985 1910 1070 1967 ipsi
1102 1910 1378 1955 videbuntur
1408 1912 1626 1957 momenti
1653 1912 1846 1955 alicuius

205 2002 327 2040 esse,
362 1995 409 2032 et
436 1987 494 2032 de
521 1987 687 2043 quibus
716 1989 955 2033 consulere
983 1989 1163 2032 debeat.
1195 1989 1323 2032 Haec
1352 2002 1456 2031 curn
1485 1989 1841 2046 praescripserit,

203 2064 515 2108 considerabit
536 2065 700 2108 iterum
723 2064 839 2121 ipse,
862 2074 907 2108 et
935 2065 1211 2118 emendabit,
1242 2066 1282 2108 si
1312 2066 1422 2122 quid
1448 2050 1659 2110 occurret
1687 2080 1838 2110 emen-

203 2141 430 2186 dandum.
461 2141 640 2186 Deinde
669 2141 795 2184 dabit
823 2141 1152 2186 consideranda
1187 2142 1454 2199 prouinciali
1492 2150 1538 2187 et
1571 2144 1756 2195 rectori,
1798 2152 1844 2185 vt

204 2217 350 2262 libere
372 2219 429 2262 de
460 2217 547 2261 illis
576 2226 809 2273 censeant,
842 2226 887 2263 et
915 2233 1095 2262 rursum
1124 2219 1399 2273 emendabit,
1425 2220 1462 2263 si
1485 2220 1594 2276 quid
1616 2221 1840 2271 videatur;

203 2309 327 2351 quae
361 2309 467 2338 curn
498 2295 674 2347 fecerit,
709 2295 784 2338 illa
815 2295 1170 2339 communicabit
1206 2296 1471 2352 prouinciali
1501 2304 1547 2341 et
1580 2298 1760 2348 rectori,
1798 2306 1842 2339 et

209 2371 385 2415 iubebit
411 2371 454 2416 18
476 2371 656 2427 exequi3
682 2372 757 2415 illa
778 2372 1060 2428 praesertim,
1093 2387 1210 2428 quae
1236 2374 1439 2430 generali
1466 2374 1722 2430 praeposito
1751 2389 1840 2416 non

205 2455 347 2493 erunt
371 2455 616 2493 reseruata.
643 2449 784 2504 Quod
805 2449 843 2492 si
865 2448 962 2505 ipse
984 2458 1138 2505 posset
1162 2451 1398 2494 commode
1427 2466 1526 2495 esse
1559 2466 1774 2506 praesens
1796 2451 1840 2492 in

146 2515 147 2519 ¹
207 2524 388 2568 illarum
412 2539 563 2568 rerum
593 2524 915 2582 exequutione,
947 2540 1064 2581 quae
1093 2526 1367 2571 constitutae
1396 2535 1546 2579 erunt,
1579 2527 1689 2569 illud
1722 2534 1841 2570 esset

128 2614 133 2619 ·
191 2601 372 2648 .melius
394 2610 440 2647 et
462 2602 720 2659 optabilius;
746 2604 868 2658 quod
890 2603 928 2646 si
946 2618 1036 2646 non
1058 2603 1216 2660 possit,
1240 2604 1364 2647 dabit
1387 2604 1633 2660 negocium
1656 2603 1839 2659 prouin-

203 2678 310 2722 ciali
331 2687 378 2724 et
406 2679 588 2732 rectori,
613 2689 661 2722 vt
683 2680 834 2723 omnia
855 2680 1127 2724 mandentur
1148 2681 1457 2736 exequutioni,
1489 2695 1537 2722 se
1562 2682 1764 2732 absente,
1796 2689 1840 2724 et

204 2756 407 2800 referant
427 2771 509 2812 per
530 2755 682 2800 literas
705 2757 760 2799 ad
783 2742 931 2812 ipsum
954 2757 1076 2812 quod
1099 2757 1267 2801 fuerint
1289 2757 1483 2801 executi.
1510 2757 1649 2812 Quod
1672 2755 1708 2798 si
1732 2756 1840 2811 quid

208 2840 466 2876 occurreret
497 2832 782 2888 prouinciali,
817 2834 906 2886 vel,
931 2835 1022 2876 hoc
1044 2835 1248 2886 absente,
1273 2834 1453 2886 rectori,
1487 2833 1532 2875 in
1571 2832 1841 2877 executione

204 2909 322 2965 ipsa,
348 2909 470 2965 quod
490 2908 718 2951 difficilius
747 2908 970 2962 videatur,
1002 2910 1076 2954 vel
1104 2909 1298 2965 aliquam
1329 2910 1742 2952 incommoditatem
1766 2923 1838 2952 se-

205 2998 312 3028 cum
343 2985 569 3028 adducere
590 2983 836 3037 videretur,
860 2986 996 3041 pleno
1024 2985 1191 3028 iudicio
1229 2987 1413 3030 rectoris
1446 2995 1491 3028 et
1528 2986 1837 3028 consultorum

146 3096 153 3108 ,
205 3061 602 3116 (quemadmodum
625 3060 672 3103 in
692 3060 791 3104 aliis
812 3061 992 3118 scriptis
1012 3061 1184 3105 dictum
1210 3064 1289 3118 est)
1324 3062 1475 3106 licebit
1507 3061 1669 3106 rectori
1697 3062 1838 3106 inter—
