2098 3470
817 231 1260 270 supprssnuwu-—zz
1738 234 1807 280 8¹5

187 382 190 386 ⁴
218 336 340 387 dam,
371 348 475 379 cum
513 348 783 392 magnorum
821 333 1020 376 virorum
1053 332 1308 376 authoritas
1335 348 1470 388 quam
1500 335 1742 391 plurimum
1773 351 1853 380 va-

168 402 170 404 ’
216 412 325 466 leat,
349 411 560 469 precibus
581 410 757 468 piorum
774 409 1010 466 Vtriusque
1026 423 1164 453 sexus
1181 409 1579 467 nouimagensium
1598 420 1705 456 ante
1721 428 1851 458 men·
1885 395 1889 398 ι

218 503 292 533 ses
328 489 501 544 aliquot
536 488 758 544 impulsus
801 501 919 540 sum,
960 494 1010 528 vt
1047 486 1446 530 Reuerendissimo
1484 490 1851 534 Ruremundensi

217 565 469 610 Wilhelmo
499 565 721 617 Lindano,
751 563 937 607 domino
965 577 1066 606 meo
1103 577 1156 606 ac
1194 564 1445 607 Mecaenati
1478 580 1656 622 semper
1693 568 1849 610 obser-

216 643 389 695 uando,
412 642 733 699 supplicarem,
757 655 848 696 quo
870 641 920 685 S.
947 641 1001 684 R.
1027 641 1164 685 vellet
1185 641 1272 683 hoc
1294 641 1537 697 negocium
1568 658 1649 699 pro
1677 643 1850 687 viribus

214 734 502 777 promouere.
548 719 687 775 Quod
718 725 842 762 certe
869 717 1026 761 ouium
1064 731 1250 760 suarum
1289 732 1446 761 amans
1478 719 1717 777 episcopus
1755 736 1848 764 non

212 796 440 854 grauatim
464 795 587 849 fecit3
612 794 719 852 quia
734 795 1125 839 animaduertebat
1141 809 1250 838 suae
1269 794 1438 839 diocesi
1457 797 1643 853 egregie
1662 811 1848 854 prospe-

195 881 339 918 ·ctum
359 873 430 926 iri,
454 873 493 916 si
514 872 691 929 piorum
713 871 1112 928 nouimagensium
1134 870 1336 914 studium
1363 872 1570 916 foelicem
1592 874 1728 917 finem
1752 889 1846 918 sor-

209 944 389 996 tiretur.
415 951 533 994 Cum
555 964 664 993 vero
685 949 804 992 votis
820 950 941 1005 apud
957 948 1221 1004 episcopum
1238 948 1370 1004 potiti
1390 957 1541 992 essent
1557 950 1664 993 boni
1687 951 1770 994 viri
1793 967 1846 995 ac

208 1024 404 1073 deuotae
431 1033 681 1079 matronae,
713 1027 934 1082 putabant
961 1024 1075 1069 nihil
1109 1024 1390 1068 difficultatis
1417 1040 1672 1082 superesse,
1699 1029 1836 1071 maxi-

207 1119 283 1149 me
304 1118 408 1148 cum
430 1110 618 1148 senatus
644 1117 825 1148 omnem
858 1102 1151 1158 polliceretur
1183 1116 1384 1158 operam,
1410 1110 1454 1146 et
1484 1103 1731 1159 capitulum
1760 1120 1843 1148 no-

208 1181 476 1238 uimagense
498 1195 680 1236 quoque
704 1179 873 1223 fauoris
889 1179 1024 1236 signa
1039 1179 1259 1222 nonnulla
1276 1179 1447 1223 ederet.
1477 1181 1839 1237 Sperabantque,

205 1257 299 1301 imo
319 1272 411 1301 non
433 1257 719 1308 dubitabant,
744 1257 852 1312 quin
877 1255 1120 1301 Societatis
1144 1258 1304 1299 Patres
1332 1255 1588 1312 singulares
1616 1259 1715 1302 Deo
1737 1273 1841 1315 gra-

142 1376 144 1378 .
205 1335 294 1379 tias
313 1341 520 1392 agerent,
544 1335 666 1390 quod
688 1333 734 1376 in
756 1349 810 1377 ea
831 1333 1020 1377 ciuitate
1048 1334 1180 1377 sedes
1207 1347 1316 1376 suas
1345 1347 1467 1376 nunc
1494 1334 1637 1390 figere
1665 1335 1840 1392 incipe—

139 1443 142 1446 >
204 1406 323 1465 rent,
363 1427 390 1457 e
425 1426 515 1467 qua
550 1411 790 1456 Societatis
818 1411 980 1468 religio
1006 1410 1054 1454 in
1090 1410 1337 1455 Germania
1365 1425 1454 1454 non
1493 1411 1660 1468 exigua
1687 1412 1839 1457 incre-

202 1495 358 1533 menta
379 1488 569 1545 accepit.
595 1489 728 1531 Esset
750 1488 840 1530 hoc
869 1501 976 1532 vere
1006 1486 1322 1543 apostolicum.
1359 1487 1571 1543 Apostoli
1603 1489 1723 1532 enim
1752 1489 1838 1532 mi-

206 1565 343 1609 mim‘a
364 1564 604 1608 occasione
625 1579 760 1620 quam
784 1563 1002 1608 latissime
1029 1578 1164 1607 suum
1193 1572 1503 1620 propagarunt
1526 1565 1834 1622 euangelium,

190 1641 319 1688 ‘nihil
347 1642 499 1686 minus
527 1649 740 1686 curantes
765 1655 902 1696 quam
941 1648 991 1684 vt
1024 1640 1423 1685 concionatoribus
1453 1650 1499 1684 et
1530 1642 1745 1686 ministris
1780 1644 1837 1687 de

202 1720 329 1763 lauta
350 1728 472 1764 esset
492 1733 649 1763 mensa
670 1726 976 1776 prospectum,
1002 1718 1152 1774 neque
1174 1718 1260 1762 fuit
1281 1717 1368 1762 illis
1390 1733 1527 1763 curae
1550 1727 1597 1762 vt
1618 1720 1837 1764 ecclesiae

198 1797 326 1854 ipsae
346 1796 502 1840 multis
522 1795 740 1844 ministris
761 1796 1081 1848 clarescerent,
1106 1797 1189 1840 sed
1205 1804 1255 1838 vt
1272 1795 1439 1851 vbique
1456 1811 1597 1852 parua
1614 1797 1835 1852 quaedam

201 1874 498 1918 fundamenta
525 1873 727 1917 iacerent
756 1872 1032 1918 christianae
1069 1873 1266 1929 pietatis,
1297 1887 1430 1930 quae,
1458 1882 1673 1929 tanquam
1694 1889 1836 1918 euan—

198 1950 345 2008 gelica
371 1965 516 2008 grana
537 1950 725 2007 sinapis,
749 1950 795 1993 in
827 1952 999 2008 amplas
1015 1958 1062 1994 et
1084 1951 1198 1994 altas
1219 1958 1536 1995 excrescerent
1564 1952 1763 2003 arbores,
1789 1953 1834 1994 in

195 2042 312 2084 quas
332 2029 542 2073 volucres
562 2028 693 2082 caeli,
719 2030 805 2072 hoc
826 2035 895 2072 est
916 2027 1054 2071 huius
1075 2028 1219 2072 seculi
1241 2036 1497 2085 magnates,
1518 2028 1773 2072 inuolarent
1789 2037 1835 2072 et

192 2105 516 2153 inhabitarent.
542 2105 716 2150 Adiicit
736 2107 949 2151 Saluator
964 2105 1011 2148 in
1029 2106 1272 2163 euangelio
1290 2105 1479 2150 similem
1500 2107 1759 2162 parabolam
1777 2108 1833 2150 de

200 2181 407 2235 muliere,
431 2197 565 2239 quae,
590 2183 813 2226 fermento
834 2190 1039 2239 accepto,
1066 2183 1304 2226 abscondit
1333 2183 1443 2226 illud
1466 2183 1511 2225 in
1537 2183 1706 2227 farinae
1724 2184 1832 2226 satis

195 2258 360 2311 tribus,
382 2259 530 2304 donec
548 2260 895 2304 fermentaretur
913 2267 1076 2303 totum.
1097 2261 1235 2304 Certe
1250 2275 1341 2303 vna
1362 2260 1495 2304 etiam
1517 2259 1676 2303 mulier
1695 2260 1832 2302 huius

196 2335 379 2391 negocii
408 2336 694 2381 foelicissima
721 2336 923 2393 auspicia
959 2336 1101 2390 dedit,
1141 2345 1188 2380 et
1224 2351 1405 2380 omnem
1445 2337 1554 2388 fere,
1580 2337 1729 2380 adhuc
1762 2337 1827 2385 vi-

194 2426 328 2464 uenS,
351 2412 653 2457 substantiam
669 2427 798 2458 suam
820 2413 1002 2467 obtulit,
1025 2421 1077 2457 vt
1098 2413 1228 2457 initia
1249 2414 1474 2470 quaedam
1496 2413 1677 2469 collegii
1700 2412 1826 2456 vide-

194 2495 280 2541 ret,
315 2495 363 2549 et
397 2488 573 2533 ciuitati
610 2490 930 2547 nouimagensi
966 2491 1227 2547 prouissum
1264 2498 1399 2535 esset.
1441 2491 1541 2546 Ego
1579 2504 1687 2533 vero
1725 2503 1827 2532 cum

195 2565 330 2610 Rmo.
355 2567 415 2610 D.
441 2580 560 2619 meo,
585 2581 676 2611 non
699 2568 758 2612 de
778 2582 868 2611 vna
890 2567 1036 2621 solum
1060 2567 1264 2620 ciuitate,
1284 2568 1364 2611 sed
1386 2568 1441 2610 de
1459 2574 1553 2610 tota
1569 2566 1752 2617 diocesi,
1773 2566 1829 2609 de

192 2641 399 2686 finitimis
420 2643 686 2699 prouinciis,
705 2644 829 2702 Julia
854 2646 863 2666 ¹
889 2651 935 2689 et
957 2644 1124 2698 Cliuia,
1149 2644 1353 2687 solicitus
1370 2658 1485 2686 sum.
1507 2643 1643 2686 Dices
1661 2644 1826 2693 forsan,

193 2718 249 2762 R.
274 2720 350 2762 P.:
375 2733 468 2775 quo
488 2721 602 2763 haec
622 2729 835 2777 vergant,
860 2721 1030 2765 nescio.
1065 2722 1158 2766 Sed
1186 2721 1342 2764 audiat
1364 2722 1417 2763 T.
1451 2722 1504 2763 R.
1538 2720 1731 2762 Multum
1755 2734 1826 2761 re-

193 2795 281 2839 fert
301 2795 348 2838 in
368 2796 492 2840 omni
513 2811 562 2840 re
583 2797 686 2853 quis
707 2797 818 2853 quid
839 2805 963 2855 agat,
989 2807 1126 2853 atque
1148 2799 1206 2841 ad
1227 2812 1361 2841 suum
1392 2797 1527 2839 finem
1550 2810 1693 2850 vsque
1722 2810 1821 2851 pro-

189 2879 424 2927 sequatur.
451 2873 574 2918 Huic
590 2874 784 2931 negocio
801 2875 990 2931 primam
1010 2890 1163 2919 ansam
1185 2874 1410 2931 praestitit
1429 2873 1586 2929 pietas,
1609 2872 1820 2922 eruditio,

263 3042 274 3062 ¹
325 3040 468 3086 Julich.
