<?xml version="1.0" encoding="UTF-8"?>
<!DOCTYPE html PUBLIC "-//W3C//DTD XHTML 1.0 Transitional//EN"
    "http://www.w3.org/TR/xhtml1/DTD/xhtml1-transitional.dtd">
<html xmlns="http://www.w3.org/1999/xhtml" xml:lang="en" lang="en">
 <head>
  <title>
</title>
<meta http-equiv="Content-Type" content="text/html;charset=utf-8" />
  <meta name='ocr-system' content='tesseract 3.04.00' />
  <meta name='ocr-capabilities' content='ocr_page ocr_carea ocr_par ocr_line ocrx_word'/>
</head>
<body>
  <div class='ocr_page' id='page_1' title='image "./epistolaephieron04nadauoft_0412.png"; bbox 0 0 2098 3470; ppageno 0'>
   <div class='ocr_carea' id='block_1_1' title="bbox 317 279 1388 318">
    <p class='ocr_par' dir='ltr' id='par_1_1' title="bbox 317 279 1388 318">
     <span class='ocr_line' id='line_1_1' title="bbox 317 279 1388 318; baseline 0.002 -2"><span class='ocrx_word' id='word_1_1' title='bbox 317 279 388 317; x_wconf 88' lang='lat'>386</span> <span class='ocrx_word' id='word_1_2' title='bbox 786 280 942 317; x_wconf 61' lang='lat' dir='ltr'>erms</span> <span class='ocrx_word' id='word_1_3' title='bbox 967 282 1211 318; x_wconf 71' lang='lat' dir='ltr'>Hmnomnm</span> <span class='ocrx_word' id='word_1_4' title='bbox 1237 281 1388 318; x_wconf 77' lang='lat' dir='ltr'>NADAL</span> 
     </span>
    </p>
   </div>
   <div class='ocr_carea' id='block_1_2' title="bbox 225 369 1916 2824">
    <p class='ocr_par' dir='ltr' id='par_1_2' title="bbox 269 369 1900 822">
     <span class='ocr_line' id='line_1_2' title="bbox 269 369 1900 439; baseline 0.001 -13"><span class='ocrx_word' id='word_1_5' title='bbox 269 397 360 426; x_wconf 90' lang='lat' dir='ltr'>vno</span> <span class='ocrx_word' id='word_1_6' title='bbox 387 381 477 426; x_wconf 92' lang='lat' dir='ltr'>sint</span> <span class='ocrx_word' id='word_1_7' title='bbox 514 369 734 438; x_wconf 87' lang='lat' dir='ltr'>contenti,</span> <span class='ocrx_word' id='word_1_8' title='bbox 773 390 822 425; x_wconf 92' lang='lat' dir='ltr'>vt</span> <span class='ocrx_word' id='word_1_9' title='bbox 858 382 931 426; x_wconf 90' lang='lat' dir='ltr'>alii</span> <span class='ocrx_word' id='word_1_10' title='bbox 970 384 1129 426; x_wconf 89' lang='lat' dir='ltr'>Patres</span> <span class='ocrx_word' id='word_1_11' title='bbox 1166 389 1211 427; x_wconf 92' lang='lat' dir='ltr'>et</span> <span class='ocrx_word' id='word_1_12' title='bbox 1249 383 1426 435; x_wconf 87' lang='lat' dir='ltr'>fratres,</span> <span class='ocrx_word' id='word_1_13' title='bbox 1462 397 1546 426; x_wconf 92' lang='lat' dir='ltr'>nec</span> <span class='ocrx_word' id='word_1_14' title='bbox 1574 383 1726 439; x_wconf 90' lang='lat' dir='ltr'>plures</span> <span class='ocrx_word' id='word_1_15' title='bbox 1761 382 1900 427; x_wconf 90' lang='lat' dir='ltr'>libros</span> 
     </span>
     <span class='ocr_line' id='line_1_3' title="bbox 270 458 1899 516; baseline 0.001 -14"><span class='ocrx_word' id='word_1_16' title='bbox 270 474 404 515; x_wconf 90' lang='lat' dir='ltr'>quam</span> <span class='ocrx_word' id='word_1_17' title='bbox 427 473 511 515; x_wconf 88' lang='lat' dir='ltr'>pro</span> <span class='ocrx_word' id='word_1_18' title='bbox 533 458 604 502; x_wconf 90' lang='lat' dir='ltr'>his</span> <span class='ocrx_word' id='word_1_19' title='bbox 627 458 784 512; x_wconf 91' lang='lat' dir='ltr'>literis,</span> <span class='ocrx_word' id='word_1_20' title='bbox 810 473 922 516; x_wconf 89' lang='lat' dir='ltr'>quas</span> <span class='ocrx_word' id='word_1_21' title='bbox 945 466 1175 511; x_wconf 83' lang='lat' dir='ltr'>exercent,</span> <span class='ocrx_word' id='word_1_22' title='bbox 1201 459 1444 504; x_wconf 88' lang='lat' dir='ltr'>necessarii</span> <span class='ocrx_word' id='word_1_23' title='bbox 1466 466 1588 513; x_wconf 88' lang='lat' dir='ltr'>sunt;</span> <span class='ocrx_word' id='word_1_24' title='bbox 1621 466 1666 504; x_wconf 91' lang='lat' dir='ltr'>et</span> <span class='ocrx_word' id='word_1_25' title='bbox 1693 459 1741 502; x_wconf 91' lang='lat' dir='ltr'>in</span> <span class='ocrx_word' id='word_1_26' title='bbox 1762 460 1899 504; x_wconf 87' lang='lat' dir='ltr'>rebus</span> 
     </span>
     <span class='ocr_line' id='line_1_4' title="bbox 270 535 1900 593; baseline 0.001 -14"><span class='ocrx_word' id='word_1_27' title='bbox 270 535 384 588; x_wconf 89' lang='lat' dir='ltr'>aliis,</span> <span class='ocrx_word' id='word_1_28' title='bbox 404 542 455 577; x_wconf 91' lang='lat' dir='ltr'>vt</span> <span class='ocrx_word' id='word_1_29' title='bbox 482 535 594 578; x_wconf 92' lang='lat' dir='ltr'>nihil</span> <span class='ocrx_word' id='word_1_30' title='bbox 623 536 681 579; x_wconf 88' lang='lat' dir='ltr'>ad</span> <span class='ocrx_word' id='word_1_31' title='bbox 702 535 1075 592; x_wconf 87' lang='lat' dir='ltr'>superfluitatem,</span> <span class='ocrx_word' id='word_1_32' title='bbox 1102 536 1175 580; x_wconf 91' lang='lat' dir='ltr'>vel</span> <span class='ocrx_word' id='word_1_33' title='bbox 1203 536 1325 591; x_wconf 92' lang='lat' dir='ltr'>quod</span> <span class='ocrx_word' id='word_1_34' title='bbox 1352 537 1407 578; x_wconf 91' lang='lat' dir='ltr'>ad</span> <span class='ocrx_word' id='word_1_35' title='bbox 1438 536 1605 579; x_wconf 90' lang='lat' dir='ltr'>fastum</span> <span class='ocrx_word' id='word_1_36' title='bbox 1642 536 1732 579; x_wconf 87' lang='lat' dir='ltr'>vllo</span> <span class='ocrx_word' id='word_1_37' title='bbox 1768 543 1900 593; x_wconf 90' lang='lat' dir='ltr'>pacto</span> 
     </span>
     <span class='ocr_line' id='line_1_5' title="bbox 271 612 1899 670; baseline 0.001 -15"><span class='ocrx_word' id='word_1_38' title='bbox 271 612 556 669; x_wconf 87' lang='lat' dir='ltr'>interpretari</span> <span class='ocrx_word' id='word_1_39' title='bbox 580 612 737 669; x_wconf 86' lang='lat' dir='ltr'><strong>possit,</strong></span> <span class='ocrx_word' id='word_1_40' title='bbox 761 614 973 657; x_wconf 88' lang='lat' dir='ltr'>habeant.</span> <span class='ocrx_word' id='word_1_41' title='bbox 1002 613 1169 657; x_wconf 90' lang='lat' dir='ltr'>Omnia</span> <span class='ocrx_word' id='word_1_42' title='bbox 1190 627 1298 655; x_wconf 88' lang='lat' dir='ltr'>vero</span> <span class='ocrx_word' id='word_1_43' title='bbox 1321 619 1529 669; x_wconf 87' lang='lat' dir='ltr'>spectent</span> <span class='ocrx_word' id='word_1_44' title='bbox 1556 613 1614 656; x_wconf 90' lang='lat' dir='ltr'>ad</span> <span class='ocrx_word' id='word_1_45' title='bbox 1643 612 1899 670; x_wconf 87' lang='lat' dir='ltr'>religiosam</span> 
     </span>
     <span class='ocr_line' id='line_1_6' title="bbox 272 689 1900 746; baseline 0.002 -14"><span class='ocrx_word' id='word_1_46' title='bbox 272 689 606 745; x_wconf 88' lang='lat' dir='ltr'>simplicitatem</span> <span class='ocrx_word' id='word_1_47' title='bbox 631 696 676 732; x_wconf 91' lang='lat' dir='ltr'>et</span> <span class='ocrx_word' id='word_1_48' title='bbox 698 689 945 746; x_wconf 86' lang='lat' dir='ltr'>simplicem</span> <span class='ocrx_word' id='word_1_49' title='bbox 964 696 1291 746; x_wconf 86' lang='lat' dir='ltr'>paupertatem.</span> <span class='ocrx_word' id='word_1_50' title='bbox 1319 689 1619 733; x_wconf 89' lang='lat' dir='ltr'>Prouincialis</span> <span class='ocrx_word' id='word_1_51' title='bbox 1635 704 1762 743; x_wconf 89' lang='lat' dir='ltr'>vero,</span> <span class='ocrx_word' id='word_1_52' title='bbox 1783 704 1900 745; x_wconf 88' lang='lat' dir='ltr'>quae</span> 
     </span>
     <span class='ocr_line' id='line_1_7' title="bbox 273 765 983 822; baseline 0.001 -14"><span class='ocrx_word' id='word_1_53' title='bbox 273 766 435 811; x_wconf 87' lang='lat' dir='ltr'>rectori</span> <span class='ocrx_word' id='word_1_54' title='bbox 462 765 743 822; x_wconf 88' lang='lat' dir='ltr'>praescribit,</span> <span class='ocrx_word' id='word_1_55' title='bbox 768 766 983 811; x_wconf 83' lang='lat' dir='ltr'>imitetur.</span> 
     </span>
    </p>

    <p class='ocr_par' dir='ltr' id='par_1_3' title="bbox 225 842 1910 2196">
     <span class='ocr_line' id='line_1_8' title="bbox 362 842 1903 900; baseline 0.001 -15"><span class='ocrx_word' id='word_1_56' title='bbox 362 843 422 886; x_wconf 83' lang='lat'>52</span> <span class='ocrx_word' id='word_1_57' title='bbox 442 845 565 886; x_wconf 90' lang='lat' dir='ltr'>Dent</span> <span class='ocrx_word' id='word_1_58' title='bbox 585 856 767 899; x_wconf 85' lang='lat' dir='ltr'>operam</span> <span class='ocrx_word' id='word_1_59' title='bbox 785 842 1102 900; x_wconf 84' lang='lat' dir='ltr'>prouinciales,</span> <span class='ocrx_word' id='word_1_60' title='bbox 1122 850 1167 887; x_wconf 88' lang='lat' dir='ltr'>et</span> <span class='ocrx_word' id='word_1_61' title='bbox 1184 843 1403 899; x_wconf 85' lang='lat' dir='ltr'>singulari</span> <span class='ocrx_word' id='word_1_62' title='bbox 1421 843 1572 886; x_wconf 90' lang='lat' dir='ltr'>studio</span> <span class='ocrx_word' id='word_1_63' title='bbox 1589 850 1750 886; x_wconf 90' lang='lat' dir='ltr'>curent</span> <span class='ocrx_word' id='word_1_64' title='bbox 1767 857 1819 886; x_wconf 89' lang='lat' dir='ltr'>ac</span> <span class='ocrx_word' id='word_1_65' title='bbox 1836 842 1903 885; x_wconf 93' lang='lat' dir='ltr'>di-</span> 
     </span>
     <span class='ocr_line' id='line_1_9' title="bbox 271 919 1902 977; baseline 0 -15"><span class='ocrx_word' id='word_1_66' title='bbox 271 920 476 977; x_wconf 86' lang='lat' dir='ltr'>ligentia,</span> <span class='ocrx_word' id='word_1_67' title='bbox 497 935 577 976; x_wconf 90' lang='lat' dir='ltr'>per</span> <span class='ocrx_word' id='word_1_68' title='bbox 593 935 660 973; x_wconf 87' lang='lat' dir='ltr'>se,</span> <span class='ocrx_word' id='word_1_69' title='bbox 678 934 758 976; x_wconf 91' lang='lat' dir='ltr'>per</span> <span class='ocrx_word' id='word_1_70' title='bbox 775 920 1029 977; x_wconf 79' lang='lat' dir='ltr'>superiores</span> <span class='ocrx_word' id='word_1_71' title='bbox 1046 919 1172 972; x_wconf 87' lang='lat' dir='ltr'>alios,</span> <span class='ocrx_word' id='word_1_72' title='bbox 1194 927 1239 964; x_wconf 90' lang='lat' dir='ltr'>et</span> <span class='ocrx_word' id='word_1_73' title='bbox 1257 934 1336 976; x_wconf 90' lang='lat' dir='ltr'>per</span> <span class='ocrx_word' id='word_1_74' title='bbox 1353 920 1669 974; x_wconf 84' lang='lat' dir='ltr'>confessarios,</span> <span class='ocrx_word' id='word_1_75' title='bbox 1690 927 1740 963; x_wconf 93' lang='lat' dir='ltr'>vt</span> <span class='ocrx_word' id='word_1_76' title='bbox 1756 920 1902 963; x_wconf 91' lang='lat' dir='ltr'>nostri</span> 
     </span>
     <span class='ocr_line' id='line_1_10' title="bbox 272 996 1903 1053; baseline -0.001 -13"><span class='ocrx_word' id='word_1_77' title='bbox 272 1011 430 1040; x_wconf 90' lang='lat' dir='ltr'>omnes</span> <span class='ocrx_word' id='word_1_78' title='bbox 453 997 657 1039; x_wconf 89' lang='lat' dir='ltr'>nitantur</span> <span class='ocrx_word' id='word_1_79' title='bbox 680 998 737 1040; x_wconf 90' lang='lat' dir='ltr'>ad</span> <span class='ocrx_word' id='word_1_80' title='bbox 758 997 1081 1053; x_wconf 85' lang='lat' dir='ltr'>perfectionem</span> <span class='ocrx_word' id='word_1_81' title='bbox 1099 997 1384 1041; x_wconf 88' lang='lat' dir='ltr'>obedientiae</span> <span class='ocrx_word' id='word_1_82' title='bbox 1406 997 1679 1041; x_wconf 90' lang='lat' dir='ltr'>intellectus.</span> <span class='ocrx_word' id='word_1_83' title='bbox 1706 997 1844 1053; x_wconf 77' lang='lat' dir='ltr'>Quod</span> <span class='ocrx_word' id='word_1_84' title='bbox 1864 996 1903 1039; x_wconf 92' lang='lat' dir='ltr'>si</span> 
     </span>
     <span class='ocr_line' id='line_1_11' title="bbox 225 1072 1904 1129; baseline 0.001 -14"><span class='ocrx_word' id='word_1_85' title='bbox 225 1088 229 1091; x_wconf 85' lang='lat'>·</span> <span class='ocrx_word' id='word_1_86' title='bbox 272 1073 523 1116; x_wconf 87' lang='lat' dir='ltr'>obueniant</span> <span class='ocrx_word' id='word_1_87' title='bbox 545 1073 805 1116; x_wconf 90' lang='lat' dir='ltr'>huiusmodi</span> <span class='ocrx_word' id='word_1_88' title='bbox 827 1072 999 1124; x_wconf 86' lang='lat' dir='ltr'>iuditia,</span> <span class='ocrx_word' id='word_1_89' title='bbox 1032 1087 1148 1129; x_wconf 92' lang='lat' dir='ltr'>quae</span> <span class='ocrx_word' id='word_1_90' title='bbox 1180 1073 1465 1117; x_wconf 86' lang='lat' dir='ltr'>obedientiae</span> <span class='ocrx_word' id='word_1_91' title='bbox 1493 1073 1750 1118; x_wconf 87' lang='lat' dir='ltr'>intellectus</span> <span class='ocrx_word' id='word_1_92' title='bbox 1777 1073 1904 1129; x_wconf 82' lang='lat' dir='ltr'>puri·</span> 
     </span>
     <span class='ocr_line' id='line_1_12' title="bbox 274 1149 1902 1206; baseline 0.001 -14"><span class='ocrx_word' id='word_1_93' title='bbox 274 1156 412 1193; x_wconf 91' lang='lat' dir='ltr'>tatem</span> <span class='ocrx_word' id='word_1_94' title='bbox 435 1150 616 1194; x_wconf 88' lang='lat' dir='ltr'>laedere</span> <span class='ocrx_word' id='word_1_95' title='bbox 643 1149 898 1203; x_wconf 87' lang='lat' dir='ltr'>videantur,</span> <span class='ocrx_word' id='word_1_96' title='bbox 924 1164 1006 1205; x_wconf 88' lang='lat' dir='ltr'>pro</span> <span class='ocrx_word' id='word_1_97' title='bbox 1030 1149 1162 1206; x_wconf 85' lang='lat' dir='ltr'>graui</span> <span class='ocrx_word' id='word_1_98' title='bbox 1184 1149 1437 1194; x_wconf 88' lang='lat' dir='ltr'>tentatione</span> <span class='ocrx_word' id='word_1_99' title='bbox 1459 1150 1534 1192; x_wconf 91' lang='lat' dir='ltr'>illa</span> <span class='ocrx_word' id='word_1_100' title='bbox 1561 1150 1770 1194; x_wconf 88' lang='lat' dir='ltr'>habenda</span> <span class='ocrx_word' id='word_1_101' title='bbox 1802 1164 1902 1194; x_wconf 90' lang='lat' dir='ltr'>esse</span> 
     </span>
     <span class='ocr_line' id='line_1_13' title="bbox 274 1225 1900 1283; baseline -0.001 -13"><span class='ocrx_word' id='word_1_102' title='bbox 274 1227 484 1278; x_wconf 90' lang='lat' dir='ltr'>doceant,</span> <span class='ocrx_word' id='word_1_103' title='bbox 504 1233 551 1269; x_wconf 90' lang='lat' dir='ltr'>et</span> <span class='ocrx_word' id='word_1_104' title='bbox 567 1227 639 1269; x_wconf 89' lang='lat' dir='ltr'>vel</span> <span class='ocrx_word' id='word_1_105' title='bbox 656 1228 914 1283; x_wconf 77' lang='lat' dir='ltr'>superanda·</span> <span class='ocrx_word' id='word_1_106' title='bbox 928 1226 1142 1270; x_wconf 85' lang='lat' dir='ltr'>exercitio</span> <span class='ocrx_word' id='word_1_107' title='bbox 1159 1226 1392 1279; x_wconf 90' lang='lat' dir='ltr'>orationis,</span> <span class='ocrx_word' id='word_1_108' title='bbox 1413 1234 1458 1270; x_wconf 91' lang='lat' dir='ltr'>et</span> <span class='ocrx_word' id='word_1_109' title='bbox 1476 1226 1652 1282; x_wconf 92' lang='lat' dir='ltr'>piarum</span> <span class='ocrx_word' id='word_1_110' title='bbox 1669 1225 1900 1269; x_wconf 91' lang='lat' dir='ltr'>actionum</span> 
     </span>
     <span class='ocr_line' id='line_1_14' title="bbox 273 1302 1904 1360; baseline -0.001 -13"><span class='ocrx_word' id='word_1_111' title='bbox 273 1319 329 1348; x_wconf 85' lang='lat' dir='ltr'>ex</span> <span class='ocrx_word' id='word_1_112' title='bbox 351 1303 539 1346; x_wconf 91' lang='lat' dir='ltr'>consilio</span> <span class='ocrx_word' id='word_1_113' title='bbox 563 1303 804 1360; x_wconf 88' lang='lat' dir='ltr'>superioris</span> <span class='ocrx_word' id='word_1_114' title='bbox 826 1304 898 1347; x_wconf 86' lang='lat' dir='ltr'>vel</span> <span class='ocrx_word' id='word_1_115' title='bbox 915 1302 1193 1356; x_wconf 84' lang='lat' dir='ltr'>confessarii,</span> <span class='ocrx_word' id='word_1_116' title='bbox 1220 1303 1308 1356; x_wconf 89' lang='lat' dir='ltr'>vel,</span> <span class='ocrx_word' id='word_1_117' title='bbox 1333 1302 1370 1346; x_wconf 94' lang='lat' dir='ltr'>si</span> <span class='ocrx_word' id='word_1_118' title='bbox 1392 1303 1437 1345; x_wconf 92' lang='lat' dir='ltr'>id</span> <span class='ocrx_word' id='word_1_119' title='bbox 1454 1318 1544 1346; x_wconf 92' lang='lat' dir='ltr'>non</span> <span class='ocrx_word' id='word_1_120' title='bbox 1563 1310 1764 1359; x_wconf 92' lang='lat' dir='ltr'>possent,</span> <span class='ocrx_word' id='word_1_121' title='bbox 1785 1304 1904 1346; x_wconf 82' lang='lat' dir='ltr'>sacta</span> 
     </span>
     <span class='ocr_line' id='line_1_15' title="bbox 276 1379 1906 1436; baseline 0.001 -14"><span class='ocrx_word' id='word_1_122' title='bbox 276 1381 495 1433; x_wconf 87' lang='lat' dir='ltr'>oratione,</span> <span class='ocrx_word' id='word_1_123' title='bbox 521 1395 655 1423; x_wconf 91' lang='lat' dir='ltr'>suum</span> <span class='ocrx_word' id='word_1_124' title='bbox 677 1380 893 1423; x_wconf 90' lang='lat' dir='ltr'>iudicium</span> <span class='ocrx_word' id='word_1_125' title='bbox 918 1381 1116 1423; x_wconf 87' lang='lat' dir='ltr'>referant</span> <span class='ocrx_word' id='word_1_126' title='bbox 1137 1381 1194 1423; x_wconf 88' lang='lat' dir='ltr'>ad</span> <span class='ocrx_word' id='word_1_127' title='bbox 1216 1379 1510 1436; x_wconf 88' lang='lat' dir='ltr'>superiorem,</span> <span class='ocrx_word' id='word_1_128' title='bbox 1533 1380 1607 1424; x_wconf 92' lang='lat' dir='ltr'>vel</span> <span class='ocrx_word' id='word_1_129' title='bbox 1623 1381 1682 1422; x_wconf 89' lang='lat' dir='ltr'>ad</span> <span class='ocrx_word' id='word_1_130' title='bbox 1697 1379 1906 1423; x_wconf 86' lang='lat' dir='ltr'>consilia-</span> 
     </span>
     <span class='ocr_line' id='line_1_16' title="bbox 274 1457 1903 1514; baseline 0.001 -15"><span class='ocrx_word' id='word_1_131' title='bbox 274 1457 390 1500; x_wconf 91' lang='lat' dir='ltr'>rium</span> <span class='ocrx_word' id='word_1_132' title='bbox 413 1457 534 1500; x_wconf 89' lang='lat' dir='ltr'>illius</span> <span class='ocrx_word' id='word_1_133' title='bbox 557 1457 770 1514; x_wconf 88' lang='lat' dir='ltr'>aliquem,</span> <span class='ocrx_word' id='word_1_134' title='bbox 796 1464 841 1500; x_wconf 91' lang='lat' dir='ltr'>et</span> <span class='ocrx_word' id='word_1_135' title='bbox 863 1457 1040 1499; x_wconf 89' lang='lat' dir='ltr'>illorum</span> <span class='ocrx_word' id='word_1_136' title='bbox 1063 1457 1349 1512; x_wconf 90' lang='lat' dir='ltr'>responsioni</span> <span class='ocrx_word' id='word_1_137' title='bbox 1370 1457 1676 1513; x_wconf 89' lang='lat' dir='ltr'>acquiescant.</span> <span class='ocrx_word' id='word_1_138' title='bbox 1704 1458 1842 1513; x_wconf 79' lang='lat' dir='ltr'>Quod</span> <span class='ocrx_word' id='word_1_139' title='bbox 1863 1457 1903 1501; x_wconf 90' lang='lat' dir='ltr'>si</span> 
     </span>
     <span class='ocr_line' id='line_1_17' title="bbox 274 1533 1906 1591; baseline -0.002 -12"><span class='ocrx_word' id='word_1_140' title='bbox 274 1541 436 1591; x_wconf 85' lang='lat' dir='ltr'>pergat</span> <span class='ocrx_word' id='word_1_141' title='bbox 458 1548 559 1577; x_wconf 92' lang='lat' dir='ltr'>esse</span> <span class='ocrx_word' id='word_1_142' title='bbox 581 1534 770 1578; x_wconf 88' lang='lat' dir='ltr'>molesta</span> <span class='ocrx_word' id='word_1_143' title='bbox 798 1533 987 1576; x_wconf 89' lang='lat' dir='ltr'>tentatio</span> <span class='ocrx_word' id='word_1_144' title='bbox 1018 1534 1189 1589; x_wconf 86' lang='lat' dir='ltr'>absque</span> <span class='ocrx_word' id='word_1_145' title='bbox 1221 1547 1466 1586; x_wconf 91' lang='lat' dir='ltr'>consensu,</span> <span class='ocrx_word' id='word_1_146' title='bbox 1498 1534 1631 1577; x_wconf 86' lang='lat' dir='ltr'>simul</span> <span class='ocrx_word' id='word_1_147' title='bbox 1653 1533 1773 1576; x_wconf 90' lang='lat' dir='ltr'>illam</span> <span class='ocrx_word' id='word_1_148' title='bbox 1803 1533 1906 1590; x_wconf 58' lang='lat' dir='ltr'>quif-</span> 
     </span>
     <span class='ocr_line' id='line_1_18' title="bbox 274 1610 1908 1668; baseline -0.001 -13"><span class='ocrx_word' id='word_1_149' title='bbox 274 1613 377 1656; x_wconf 90' lang='lat' dir='ltr'>dem</span> <span class='ocrx_word' id='word_1_150' title='bbox 409 1611 636 1655; x_wconf 83' lang='lat' dir='ltr'>existimet</span> <span class='ocrx_word' id='word_1_151' title='bbox 664 1625 764 1656; x_wconf 90' lang='lat' dir='ltr'>esse</span> <span class='ocrx_word' id='word_1_152' title='bbox 792 1625 998 1668; x_wconf 86' lang='lat' dir='ltr'>grauem,</span> <span class='ocrx_word' id='word_1_153' title='bbox 1030 1610 1128 1654; x_wconf 92' lang='lat' dir='ltr'>siue</span> <span class='ocrx_word' id='word_1_154' title='bbox 1156 1611 1271 1654; x_wconf 92' lang='lat' dir='ltr'>velle</span> <span class='ocrx_word' id='word_1_155' title='bbox 1299 1612 1447 1655; x_wconf 90' lang='lat' dir='ltr'>Deum</span> <span class='ocrx_word' id='word_1_156' title='bbox 1476 1610 1552 1654; x_wconf 93' lang='lat' dir='ltr'>illa</span> <span class='ocrx_word' id='word_1_157' title='bbox 1582 1610 1757 1655; x_wconf 89' lang='lat' dir='ltr'>ratione</span> <span class='ocrx_word' id='word_1_158' title='bbox 1786 1610 1908 1667; x_wconf 92' lang='lat' dir='ltr'>ipsos</span> 
     </span>
     <span class='ocr_line' id='line_1_19' title="bbox 275 1678 1906 1745; baseline -0.001 -13"><span class='ocrx_word' id='word_1_159' title='bbox 275 1689 479 1745; x_wconf 84' lang='lat' dir='ltr'>affligere</span> <span class='ocrx_word' id='word_1_160' title='bbox 501 1695 547 1732; x_wconf 88' lang='lat' dir='ltr'>et</span> <span class='ocrx_word' id='word_1_161' title='bbox 568 1689 775 1744; x_wconf 90' lang='lat' dir='ltr'>probare.</span> <span class='ocrx_word' id='word_1_162' title='bbox 803 1687 1067 1732; x_wconf 81' lang='lat' dir='ltr'>Adhibeant</span> <span class='ocrx_word' id='word_1_163' title='bbox 1095 1687 1237 1744; x_wconf 88' lang='lat' dir='ltr'>igitur</span> <span class='ocrx_word' id='word_1_164' title='bbox 1258 1687 1396 1730; x_wconf 91' lang='lat' dir='ltr'>animi</span> <span class='ocrx_word' id='word_1_165' title='bbox 1417 1678 1700 1732; x_wconf 87' lang='lat' dir='ltr'>aversionem</span> <span class='ocrx_word' id='word_1_166' title='bbox 1730 1688 1787 1730; x_wconf 89' lang='lat' dir='ltr'>ad</span> <span class='ocrx_word' id='word_1_167' title='bbox 1808 1693 1906 1731; x_wconf 89' lang='lat' dir='ltr'>ten-</span> 
     </span>
     <span class='ocr_line' id='line_1_20' title="bbox 278 1763 1908 1821; baseline -0.001 -13"><span class='ocrx_word' id='word_1_168' title='bbox 278 1765 510 1818; x_wconf 82' lang='lat' dir='ltr'>tationem,</span> <span class='ocrx_word' id='word_1_169' title='bbox 537 1765 796 1821; x_wconf 88' lang='lat' dir='ltr'>patientiam</span> <span class='ocrx_word' id='word_1_170' title='bbox 821 1766 875 1808; x_wconf 89' lang='lat' dir='ltr'>ad</span> <span class='ocrx_word' id='word_1_171' title='bbox 900 1764 1209 1818; x_wconf 84' lang='lat' dir='ltr'>afflictionem,</span> <span class='ocrx_word' id='word_1_172' title='bbox 1229 1765 1287 1807; x_wconf 92' lang='lat' dir='ltr'>ad</span> <span class='ocrx_word' id='word_1_173' title='bbox 1307 1764 1620 1821; x_wconf 89' lang='lat' dir='ltr'>probationem</span> <span class='ocrx_word' id='word_1_174' title='bbox 1637 1763 1908 1821; x_wconf 86' lang='lat' dir='ltr'>longanimi-</span> 
     </span>
     <span class='ocr_line' id='line_1_21' title="bbox 276 1840 1906 1898; baseline 0 -13"><span class='ocrx_word' id='word_1_175' title='bbox 276 1850 415 1887; x_wconf 88' lang='lat' dir='ltr'>tatem</span> <span class='ocrx_word' id='word_1_176' title='bbox 439 1850 484 1886; x_wconf 89' lang='lat' dir='ltr'>et</span> <span class='ocrx_word' id='word_1_177' title='bbox 507 1856 650 1898; x_wconf 91' lang='lat' dir='ltr'>spem,</span> <span class='ocrx_word' id='word_1_178' title='bbox 675 1842 1056 1897; x_wconf 87' lang='lat' dir='ltr'>quemadmodum</span> <span class='ocrx_word' id='word_1_179' title='bbox 1079 1841 1126 1884; x_wconf 93' lang='lat' dir='ltr'>in</span> <span class='ocrx_word' id='word_1_180' title='bbox 1148 1840 1450 1885; x_wconf 82' lang='lat' dir='ltr'>afflctionibus</span> <span class='ocrx_word' id='word_1_181' title='bbox 1473 1841 1660 1885; x_wconf 90' lang='lat' dir='ltr'>aliarum</span> <span class='ocrx_word' id='word_1_182' title='bbox 1679 1842 1738 1886; x_wconf 80' lang='lat'>⁵3</span> <span class='ocrx_word' id='word_1_183' title='bbox 1760 1847 1906 1885; x_wconf 86' lang='lat' dir='ltr'>tenta-</span> 
     </span>
     <span class='ocr_line' id='line_1_22' title="bbox 276 1917 1907 1974; baseline 0.001 -12"><span class='ocrx_word' id='word_1_184' title='bbox 276 1920 452 1962; x_wconf 90' lang='lat' dir='ltr'>tionum</span> <span class='ocrx_word' id='word_1_185' title='bbox 477 1920 661 1963; x_wconf 87' lang='lat' dir='ltr'>debent.</span> <span class='ocrx_word' id='word_1_186' title='bbox 688 1920 751 1962; x_wconf 92' lang='lat' dir='ltr'>Ita</span> <span class='ocrx_word' id='word_1_187' title='bbox 774 1919 854 1962; x_wconf 91' lang='lat' dir='ltr'>fiet</span> <span class='ocrx_word' id='word_1_188' title='bbox 882 1925 928 1960; x_wconf 92' lang='lat' dir='ltr'>vt</span> <span class='ocrx_word' id='word_1_189' title='bbox 956 1917 1144 1974; x_wconf 91' lang='lat' dir='ltr'>inquieti</span> <span class='ocrx_word' id='word_1_190' title='bbox 1181 1933 1272 1961; x_wconf 91' lang='lat' dir='ltr'>non</span> <span class='ocrx_word' id='word_1_191' title='bbox 1301 1918 1474 1970; x_wconf 88' lang='lat' dir='ltr'>viuant,</span> <span class='ocrx_word' id='word_1_192' title='bbox 1514 1919 1595 1962; x_wconf 92' lang='lat' dir='ltr'>sed</span> <span class='ocrx_word' id='word_1_193' title='bbox 1632 1925 1815 1974; x_wconf 89' lang='lat' dir='ltr'>sperent</span> <span class='ocrx_word' id='word_1_194' title='bbox 1851 1934 1907 1963; x_wconf 87' lang='lat' dir='ltr'>ex</span> 
     </span>
     <span class='ocr_line' id='line_1_23' title="bbox 278 1994 1910 2052; baseline -0.001 -13"><span class='ocrx_word' id='word_1_195' title='bbox 278 1996 529 2041; x_wconf 89' lang='lat' dir='ltr'>tentatione</span> <span class='ocrx_word' id='word_1_196' title='bbox 551 2002 844 2052; x_wconf 92' lang='lat' dir='ltr'>prouentum.</span> <span class='ocrx_word' id='word_1_197' title='bbox 871 1996 1036 2038; x_wconf 91' lang='lat' dir='ltr'>Nullus</span> <span class='ocrx_word' id='word_1_198' title='bbox 1058 2009 1167 2038; x_wconf 87' lang='lat' dir='ltr'>vero</span> <span class='ocrx_word' id='word_1_199' title='bbox 1183 1995 1256 2047; x_wconf 90' lang='lat' dir='ltr'>sit,</span> <span class='ocrx_word' id='word_1_200' title='bbox 1283 1994 1359 2051; x_wconf 89' lang='lat' dir='ltr'>qui</span> <span class='ocrx_word' id='word_1_201' title='bbox 1381 2009 1538 2051; x_wconf 89' lang='lat' dir='ltr'>pacem</span> <span class='ocrx_word' id='word_1_202' title='bbox 1568 1995 1811 2050; x_wconf 90' lang='lat' dir='ltr'>internam,</span> <span class='ocrx_word' id='word_1_203' title='bbox 1835 1995 1910 2040; x_wconf 91' lang='lat' dir='ltr'>vel</span> 
     </span>
     <span class='ocr_line' id='line_1_24' title="bbox 277 2071 1910 2128; baseline -0.001 -13"><span class='ocrx_word' id='word_1_204' title='bbox 277 2073 323 2116; x_wconf 93' lang='lat' dir='ltr'>in</span> <span class='ocrx_word' id='word_1_205' title='bbox 346 2073 433 2126; x_wconf 91' lang='lat' dir='ltr'>his,</span> <span class='ocrx_word' id='word_1_206' title='bbox 458 2074 531 2117; x_wconf 83' lang='lat' dir='ltr'>vel</span> <span class='ocrx_word' id='word_1_207' title='bbox 547 2073 593 2115; x_wconf 93' lang='lat' dir='ltr'>in</span> <span class='ocrx_word' id='word_1_208' title='bbox 616 2072 714 2116; x_wconf 91' lang='lat' dir='ltr'>aliis</span> <span class='ocrx_word' id='word_1_209' title='bbox 735 2073 871 2116; x_wconf 90' lang='lat' dir='ltr'>rebus</span> <span class='ocrx_word' id='word_1_210' title='bbox 893 2072 1147 2127; x_wconf 89' lang='lat' dir='ltr'>quibusuis,</span> <span class='ocrx_word' id='word_1_211' title='bbox 1172 2086 1263 2115; x_wconf 91' lang='lat' dir='ltr'>non</span> <span class='ocrx_word' id='word_1_212' title='bbox 1286 2071 1457 2115; x_wconf 89' lang='lat' dir='ltr'>nitatur</span> <span class='ocrx_word' id='word_1_213' title='bbox 1478 2071 1694 2128; x_wconf 86' lang='lat' dir='ltr'>consequi</span> <span class='ocrx_word' id='word_1_214' title='bbox 1723 2079 1768 2116; x_wconf 88' lang='lat' dir='ltr'>et</span> <span class='ocrx_word' id='word_1_215' title='bbox 1796 2085 1910 2115; x_wconf 87' lang='lat' dir='ltr'>con-</span> 
     </span>
     <span class='ocr_line' id='line_1_25' title="bbox 277 2150 767 2196; baseline -0.004 -2"><span class='ocrx_word' id='word_1_216' title='bbox 277 2165 463 2196; x_wconf 89' lang='lat' dir='ltr'>seruare</span> <span class='ocrx_word' id='word_1_217' title='bbox 484 2150 530 2193; x_wconf 93' lang='lat' dir='ltr'>in</span> <span class='ocrx_word' id='word_1_218' title='bbox 553 2150 767 2194; x_wconf 90' lang='lat' dir='ltr'>Domino.</span> 
     </span>
    </p>

    <p class='ocr_par' dir='ltr' id='par_1_4' title="bbox 279 2225 1911 2515">
     <span class='ocr_line' id='line_1_26' title="bbox 369 2225 1911 2282; baseline -0.001 -12"><span class='ocrx_word' id='word_1_219' title='bbox 369 2228 535 2271; x_wconf 91' lang='lat' dir='ltr'>Nullus</span> <span class='ocrx_word' id='word_1_220' title='bbox 556 2234 744 2271; x_wconf 89' lang='lat' dir='ltr'>annotet</span> <span class='ocrx_word' id='word_1_221' title='bbox 764 2226 930 2270; x_wconf 90' lang='lat' dir='ltr'>iudicia</span> <span class='ocrx_word' id='word_1_222' title='bbox 952 2242 1032 2270; x_wconf 87' lang='lat' dir='ltr'>sua</span> <span class='ocrx_word' id='word_1_223' title='bbox 1055 2233 1214 2270; x_wconf 91' lang='lat' dir='ltr'>contra</span> <span class='ocrx_word' id='word_1_224' title='bbox 1241 2225 1534 2282; x_wconf 89' lang='lat' dir='ltr'>superiorem,</span> <span class='ocrx_word' id='word_1_225' title='bbox 1570 2225 1699 2282; x_wconf 86' lang='lat' dir='ltr'>quasi</span> <span class='ocrx_word' id='word_1_226' title='bbox 1726 2226 1773 2268; x_wconf 91' lang='lat' dir='ltr'>in</span> <span class='ocrx_word' id='word_1_227' title='bbox 1799 2225 1911 2269; x_wconf 91' lang='lat' dir='ltr'>visi-</span> 
     </span>
     <span class='ocr_line' id='line_1_27' title="bbox 279 2288 1909 2360; baseline -0.001 -13"><span class='ocrx_word' id='word_1_228' title='bbox 279 2304 450 2348; x_wconf 88' lang='lat' dir='ltr'>tatione</span> <span class='ocrx_word' id='word_1_229' title='bbox 472 2320 525 2349; x_wconf 92' lang='lat' dir='ltr'>ea</span> <span class='ocrx_word' id='word_1_230' title='bbox 553 2304 612 2348; x_wconf 93' lang='lat' dir='ltr'>sit</span> <span class='ocrx_word' id='word_1_231' title='bbox 640 2305 864 2349; x_wconf 90' lang='lat' dir='ltr'>relaturus</span> <span class='ocrx_word' id='word_1_232' title='bbox 896 2303 1160 2360; x_wconf 90' lang='lat' dir='ltr'>prouinciali</span> <span class='ocrx_word' id='word_1_233' title='bbox 1194 2304 1266 2348; x_wconf 82' lang='lat' dir='ltr'>vel</span> <span class='ocrx_word' id='word_1_234' title='bbox 1297 2288 1621 2356; x_wconf 81' lang='lat' dir='ltr'>commissario,</span> <span class='ocrx_word' id='word_1_235' title='bbox 1657 2303 1737 2346; x_wconf 88' lang='lat' dir='ltr'>sed</span> <span class='ocrx_word' id='word_1_236' title='bbox 1769 2302 1909 2356; x_wconf 89' lang='lat' dir='ltr'>dicet,</span> 
     </span>
     <span class='ocr_line' id='line_1_28' title="bbox 280 2379 1910 2439; baseline -0.002 -14"><span class='ocrx_word' id='word_1_237' title='bbox 280 2397 398 2439; x_wconf 90' lang='lat' dir='ltr'>quae</span> <span class='ocrx_word' id='word_1_238' title='bbox 420 2396 659 2426; x_wconf 88' lang='lat' dir='ltr'>occurrere</span> <span class='ocrx_word' id='word_1_239' title='bbox 681 2388 911 2438; x_wconf 88' lang='lat' dir='ltr'>poterunt,</span> <span class='ocrx_word' id='word_1_240' title='bbox 931 2381 1007 2424; x_wconf 91' lang='lat' dir='ltr'>vbi</span> <span class='ocrx_word' id='word_1_241' title='bbox 1031 2380 1235 2424; x_wconf 86' lang='lat' dir='ltr'>fortassis</span> <span class='ocrx_word' id='word_1_242' title='bbox 1251 2379 1622 2436; x_wconf 85' lang='lat' dir='ltr'>interrogabitur.</span> <span class='ocrx_word' id='word_1_243' title='bbox 1641 2381 1743 2423; x_wconf 95' lang='lat' dir='ltr'>Hoc</span> <span class='ocrx_word' id='word_1_244' title='bbox 1761 2387 1910 2423; x_wconf 88' lang='lat' dir='ltr'>tamen</span> 
     </span>
     <span class='ocr_line' id='line_1_29' title="bbox 280 2457 1805 2515; baseline -0.002 -13"><span class='ocrx_word' id='word_1_245' title='bbox 280 2459 470 2502; x_wconf 89' lang='lat' dir='ltr'>concedi</span> <span class='ocrx_word' id='word_1_246' title='bbox 493 2466 645 2515; x_wconf 90' lang='lat' dir='ltr'>potest</span> <span class='ocrx_word' id='word_1_247' title='bbox 681 2458 963 2510; x_wconf 89' lang='lat' dir='ltr'>consiliariis,</span> <span class='ocrx_word' id='word_1_248' title='bbox 990 2458 1027 2501; x_wconf 94' lang='lat' dir='ltr'>si</span> <span class='ocrx_word' id='word_1_249' title='bbox 1049 2457 1292 2502; x_wconf 90' lang='lat' dir='ltr'>memoriae</span> <span class='ocrx_word' id='word_1_250' title='bbox 1313 2471 1424 2501; x_wconf 89' lang='lat' dir='ltr'>suae</span> <span class='ocrx_word' id='word_1_251' title='bbox 1445 2471 1537 2500; x_wconf 91' lang='lat' dir='ltr'>non</span> <span class='ocrx_word' id='word_1_252' title='bbox 1559 2457 1805 2499; x_wconf 84' lang='lat' dir='ltr'>confidant.</span> 
     </span>
    </p>

    <p class='ocr_par' dir='ltr' id='par_1_5' title="bbox 283 2532 1915 2733">
     <span class='ocr_line' id='line_1_30' title="bbox 372 2532 1910 2586; baseline -0.002 -7"><span class='ocrx_word' id='word_1_253' title='bbox 372 2537 443 2580; x_wconf 91' lang='lat' dir='ltr'>Ne</span> <span class='ocrx_word' id='word_1_254' title='bbox 465 2536 544 2578; x_wconf 89' lang='lat' dir='ltr'>fiat</span> <span class='ocrx_word' id='word_1_255' title='bbox 566 2536 679 2579; x_wconf 90' lang='lat' dir='ltr'>ritus</span> <span class='ocrx_word' id='word_1_256' title='bbox 700 2535 773 2578; x_wconf 93' lang='lat' dir='ltr'>vel</span> <span class='ocrx_word' id='word_1_257' title='bbox 795 2535 1010 2578; x_wconf 89' lang='lat' dir='ltr'>tondendi</span> <span class='ocrx_word' id='word_1_258' title='bbox 1034 2534 1261 2577; x_wconf 85' lang='lat' dir='ltr'>nouacula</span> <span class='ocrx_word' id='word_1_259' title='bbox 1282 2542 1299 2559; x_wconf 78' lang='lat'>³</span> <span class='ocrx_word' id='word_1_260' title='bbox 1330 2535 1534 2586; x_wconf 87' lang='lat' dir='ltr'>barbam,</span> <span class='ocrx_word' id='word_1_261' title='bbox 1558 2533 1633 2577; x_wconf 90' lang='lat' dir='ltr'>vel</span> <span class='ocrx_word' id='word_1_262' title='bbox 1662 2532 1910 2576; x_wconf 84' lang='lat' dir='ltr'>forficibus:</span> 
     </span>
     <span class='ocr_line' id='line_1_31' title="bbox 283 2610 1915 2668; baseline -0.001 -13"><span class='ocrx_word' id='word_1_263' title='bbox 283 2613 419 2656; x_wconf 91' lang='lat' dir='ltr'>modo</span> <span class='ocrx_word' id='word_1_264' title='bbox 443 2614 675 2657; x_wconf 91' lang='lat' dir='ltr'>decretum</span> <span class='ocrx_word' id='word_1_265' title='bbox 697 2611 1069 2668; x_wconf 77' lang='lat' dir='ltr'>congregationis</span> <span class='ocrx_word' id='word_1_266' title='bbox 1091 2611 1262 2668; x_wconf 88' lang='lat' dir='ltr'>primae</span> <span class='ocrx_word' id='word_1_267' title='bbox 1290 2610 1514 2668; x_wconf 85' lang='lat' dir='ltr'>generalis</span> <span class='ocrx_word' id='word_1_268' title='bbox 1542 2611 1830 2662; x_wconf 86' lang='lat' dir='ltr'>obseruetur‚</span> <span class='ocrx_word' id='word_1_269' title='bbox 1856 2625 1915 2654; x_wconf 91' lang='lat' dir='ltr'>ne</span> 
     </span>
     <span class='ocr_line' id='line_1_32' title="bbox 283 2689 803 2733; baseline 0 -1"><span class='ocrx_word' id='word_1_270' title='bbox 283 2690 470 2733; x_wconf 88' lang='lat' dir='ltr'>barbam</span> <span class='ocrx_word' id='word_1_271' title='bbox 494 2689 748 2732; x_wconf 87' lang='lat' dir='ltr'>nutriamus</span> <span class='ocrx_word' id='word_1_272' title='bbox 774 2690 803 2732; x_wconf 85' lang='lat'>¹.</span> 
     </span>
    </p>

    <p class='ocr_par' dir='ltr' id='par_1_6' title="bbox 376 2763 1916 2824">
     <span class='ocr_line' id='line_1_33' title="bbox 376 2763 1916 2824; baseline -0.003 -13"><span class='ocrx_word' id='word_1_273' title='bbox 376 2767 425 2811; x_wconf 91' lang='lat' dir='ltr'>Si</span> <span class='ocrx_word' id='word_1_274' title='bbox 462 2766 687 2810; x_wconf 87' lang='lat' dir='ltr'>accideret</span> <span class='ocrx_word' id='word_1_275' title='bbox 719 2765 913 2822; x_wconf 90' lang='lat' dir='ltr'>aliquem</span> <span class='ocrx_word' id='word_1_276' title='bbox 940 2781 965 2809; x_wconf 93' lang='lat' dir='ltr'>e</span> <span class='ocrx_word' id='word_1_277' title='bbox 999 2765 1164 2810; x_wconf 89' lang='lat' dir='ltr'>nostris</span> <span class='ocrx_word' id='word_1_278' title='bbox 1193 2766 1330 2824; x_wconf 90' lang='lat' dir='ltr'>(quod</span> <span class='ocrx_word' id='word_1_279' title='bbox 1367 2764 1592 2809; x_wconf 90' lang='lat' dir='ltr'>Dominus</span> <span class='ocrx_word' id='word_1_280' title='bbox 1629 2763 1822 2820; x_wconf 85' lang='lat' dir='ltr'>auertat)</span> <span class='ocrx_word' id='word_1_281' title='bbox 1859 2777 1916 2807; x_wconf 86' lang='lat' dir='ltr'>ex</span> 
     </span>
    </p>
   </div>
   <div class='ocr_carea' id='block_1_3' title="bbox 357 2903 948 2940">
    <p class='ocr_par' dir='ltr' id='par_1_7' title="bbox 357 2903 948 2940">
     <span class='ocr_line' id='line_1_34' title="bbox 357 2903 948 2940; baseline 0 -2"><span class='ocrx_word' id='word_1_282' title='bbox 357 2913 375 2931; x_wconf 81' lang='lat' dir='ltr'>a</span> <span class='ocrx_word' id='word_1_283' title='bbox 424 2904 604 2940; x_wconf 84' lang='lat' dir='ltr'>tontendi</span> <span class='ocrx_word' id='word_1_284' title='bbox 617 2903 861 2940; x_wconf 84' lang='lat' dir='ltr'>nouacula-m</span> <span class='ocrx_word' id='word_1_285' title='bbox 876 2915 948 2939; x_wconf 87' lang='lat' dir='ltr'>ms.</span> 
     </span>
    </p>
   </div>
   <div class='ocr_carea' id='block_1_4' title="bbox 294 3023 1918 3125">
    <p class='ocr_par' dir='ltr' id='par_1_8' title="bbox 294 3023 1918 3125">
     <span class='ocr_line' id='line_1_35' title="bbox 363 3023 1918 3075; baseline -0.002 -11"><span class='ocrx_word' id='word_1_286' title='bbox 363 3029 374 3050; x_wconf 90' lang='lat'>¹</span> <span class='ocrx_word' id='word_1_287' title='bbox 426 3030 638 3066; x_wconf 89' lang='lat' dir='ltr'>Decretum</span> <span class='ocrx_word' id='word_1_288' title='bbox 666 3038 749 3075; x_wconf 87' lang='lat'>114.</span> <span class='ocrx_word' id='word_1_289' title='bbox 774 3028 836 3066; x_wconf 89' lang='lat' dir='ltr'>Cf.</span> <span class='ocrx_word' id='word_1_290' title='bbox 861 3029 1098 3064; x_wconf 84' lang='lat' dir='ltr'>Institutum</span> <span class='ocrx_word' id='word_1_291' title='bbox 1125 3028 1210 3067; x_wconf 88' lang='lat' dir='ltr'>Soc.</span> <span class='ocrx_word' id='word_1_292' title='bbox 1227 3028 1328 3075; x_wconf 87' lang='lat' dir='ltr'>Jesu</span> <span class='ocrx_word' id='word_1_293' title='bbox 1344 3027 1594 3071; x_wconf 81' lang='lat' dir='ltr'>(Florentiae,</span> <span class='ocrx_word' id='word_1_294' title='bbox 1619 3023 1850 3073; x_wconf 85' lang='lat'>1892-1893),</span> <span class='ocrx_word' id='word_1_295' title='bbox 1867 3025 1918 3072; x_wconf 90' lang='lat'>11,</span> 
     </span>
     <span class='ocr_line' id='line_1_36' title="bbox 294 3087 380 3125; baseline 0.012 -1"><span class='ocrx_word' id='word_1_296' title='bbox 294 3087 380 3125; x_wconf 76' lang='lat'>183.</span> 
     </span>
    </p>
   </div>
   <div class='ocr_carea' id='block_1_5' title="bbox 2031 2145 2098 3470">
    <p class='ocr_par' dir='ltr' id='par_1_9' title="bbox 2031 2145 2098 3470">
     <span class='ocr_line' id='line_1_37' title="bbox 2031 2145 2098 3470; baseline 0 0"><span class='ocrx_word' id='word_1_297' title='bbox 2031 2145 2098 3470; x_wconf 95' lang='lat' dir='ltr'> </span> 
     </span>
    </p>
   </div>
  </div>
 </body>
</html>
