2098 3470
383 162 388 179 l

385 239 450 283 176
854 240 1007 275 PATms
1033 239 1275 274 HfflRONYMl
1302 238 1453 275 NADAL

326 339 536 396 collegia,
563 340 638 382 vbi
661 340 978 393 instituuntur,
1005 340 1081 396 qui
1111 341 1263 385 valent
1291 339 1475 397 ingenio
1505 342 1561 385 ad
1590 356 1771 385 omnem
1807 344 1964 388 erudi—

327 416 496 461 tionem
515 417 698 470 latinae,
713 433 906 474 graecae
917 426 962 462 et
979 417 1246 462 haebraicae
1263 417 1463 473 linguae,
1480 419 1839 472 mathematices,
1861 421 1965 477 phi--

325 493 556 550 losophiae
577 502 623 537 et
646 495 917 550 theologiae.
946 495 1038 551 Qui
1061 509 1170 537 uero
1195 494 1408 538 mediocri
1426 502 1532 538 sunt
1555 496 1756 552 ingenio,
1783 498 1884 550 hos,
1913 506 1966 541 utv

325 570 577 623 minimum,
604 571 690 614 illis
708 572 870 614 studiis
888 572 1112 623 dedimus,
1134 585 1190 614 ex
1208 571 1372 626 quibus
1392 573 1590 616 euadant
1607 574 1795 629 egregie
1811 574 1962 628 latini,

323 662 428 690 nam
458 647 503 689 in
533 648 747 703 regendis
776 648 945 692 scholis
968 662 1192 703 occupare
1216 649 1301 691 hos
1323 650 1418 693 fere
1446 650 1662 701 solemus,
1689 649 1959 706 priusquam

324 725 380 766 ad
403 738 556 767 sacros
577 724 759 768 ordines
787 731 1161 782 promoueantur.
1187 724 1365 769 Deinde
1387 740 1601 769 curamus
1627 733 1674 769 ut
1701 726 1823 769 docti
1848 741 1978 771 ena--

322 802 432 844 dant
454 801 499 843 in
522 801 703 844 casibus
726 801 1047 852 conscientiae,
1068 808 1113 844 et
1131 801 1176 843 in
1199 801 1298 844 aliis
1320 802 1529 845 omnibus
1552 802 1614 845 ita
1631 803 1720 845 sint
1739 803 1958 856 instituti,

326 886 373 920 ut
397 878 602 921 officium
624 878 901 922 coadiutoris
925 877 1168 933 spiritualis
1200 878 1315 922 tueri
1343 878 1532 935 possint;
1567 880 1730 923 docere
1761 881 1956 924 catechi-

322 969 487 1008 smum3
509 956 674 999 habere
691 955 1047 1008 exhortationes;
1063 956 1228 999 docere
1246 970 1339 1008 eos,
1361 957 1437 1011 qui
1457 964 1612 1013 egent,
1633 957 1846 1001 exercitia
1863 957 1957 1013 spi-

322 1031 516 1086 ritualia3
546 1040 829 1077 sacramenta
857 1032 1076 1076 ecclesiae
1111 1032 1427 1077 administrare
1455 1041 1501 1077 et
1532 1048 1670 1089 opera
1698 1034 1960 1078 misericor-

322 1109 423 1152 diae
446 1109 668 1165 persequi.
696 1111 855 1164 Neque
888 1124 995 1152 uero
1030 1109 1171 1152 nostri
1209 1109 1370 1153 studiis
1406 1111 1724 1166 defunguntur
1748 1111 1820 1154 uel
1842 1111 1957 1154 libe-

323 1193 479 1229 rantur
502 1186 801 1238 scholasticis,
828 1186 913 1229 nisi
936 1188 1054 1229 hanc
1077 1187 1236 1229 saltem
1262 1188 1521 1231 facultatem
1551 1187 1640 1231 sint
1668 1187 1954 1243 consequuti.

321 1264 438 1306 Nam
460 1270 567 1306 sunt
590 1263 663 1306 alii
687 1263 816 1305 multi
840 1257 950 1318 quis
960 1264 1094 1319 plena
1121 1263 1270 1306 studia
1295 1264 1492 1319 sequuti,
1526 1264 1727 1320 theologi
1755 1264 1962 1309 'euadunt

321 1354 412 1382 non
436 1340 679 1383 admodum
702 1340 1038 1383 contemnendi.
1067 1340 1189 1383 Hinc
1211 1348 1413 1396 apparet,
1440 1355 1574 1396 quam
1597 1341 1688 1384 sint
1717 1340 1956 1397 negotiosa

321 1416 514 1473 collegia
536 1425 707 1469 nostra,
732 1417 912 1472 quantis
942 1417 1335 1473 occupationibus,
1367 1433 1501 1473 quam
1533 1418 1683 1472 seriis,
1716 1433 1850 1474 quam
1874 1433 1955 1461 ne-

320 1493 528 1536 cessariis
549 1493 866 1546 distineantur,
892 1502 937 1537 et
961 1506 1112 1538 tamen
1135 1493 1268 1537 simul
1292 1495 1485 1538 habetur
1506 1494 1553 1537 in
1574 1495 1640 1538 eis
1663 1495 1775 1538 ratio
1804 1502 1955 1538 atten-

319 1570 510 1624 tissima,
537 1578 587 1613 ut
609 1571 752 1614 nostri
769 1571 977 1626 spiritum
995 1571 1229 1624 orationis,
1250 1571 1552 1625 obedientiae,
1573 1571 1954 1623 mortificationis,

318 1647 465 1691 omnis
494 1647 732 1704 religiosae
761 1648 957 1701 virtutis,
991 1663 1126 1704 quem
1155 1649 1201 1690 in
1231 1649 1463 1692 nouiciatu
1498 1655 1606 1692 sunt
1635 1648 1803 1705 adepti,
1836 1648 1955 1692 inter

319 1724 596 1767 studendum
618 1723 860 1768 retineant.

408 1802 475 1843 Ex
492 1801 697 1857 collegiis
714 1802 894 1844 tandem
912 1803 1153 1857 prodeunt,
1174 1801 1250 1856 qui
1268 1809 1374 1844 sunt
1393 1801 1532 1844 futuri
1550 1801 1739 1857 professi
1758 1808 1956 1856 quatuor

318 1887 526 1922 uotorum
553 1889 599 1922 et
620 1877 909 1921 coadiutores
940 1877 1211 1934 spirituales,
1238 1878 1315 1933 qui
1338 1893 1494 1922 omnes
1516 1886 1623 1921 sunt
1654 1877 1950 1934 praesbyteri.

316 1955 383 1997 Ex
401 1954 739 1998 coadiutoribus
756 1956 1070 2017 autemalz'qui
1092 1970 1185 1998 esse
1200 1959 1392 2011 possunt
1413 1964 1431 1981 ἃ
1454 1955 1644 2012 professi
1663 1955 1800 1997 trium
1819 1962 1952 1996 uoto-

316 2047 433 2086 rum;
460 2032 534 2075 alii
556 2033 725 2076 habent
747 2039 854 2074 uota
876 2032 1113 2088 simplicia,
1140 2032 1304 2089 quibus
1327 2032 1506 2076 liberari
1530 2046 1586 2074 ex
1603 2046 1741 2074 causa
1759 2037 1953 2086 possunt

316 2125 342 2152 a
364 2109 569 2166 legitimo
591 2108 842 2166 superiore,
875 2123 964 2151 non
990 2117 1139 2153 tamen
1169 2111 1339 2164 absque
1363 2109 1588 2166 generalis
1611 2107 1856 2165 praepositi
1878 2107 1950 2150 iu-

316 2187 437 2230 dicio
461 2194 507 2230 et
529 2200 776 2231 consensu.
1203 2186 1205 2189 ¹

404 2265 463 2308 47
495 2264 652 2322 (164)ν
683 2263 982 2308 Coadiutores
1014 2271 1166 2308 autem
1205 2263 1460 2308 necessario
1493 2264 1735 2314 habemus,
1774 2270 1824 2305 ut
1852 2262 1951 2306 sine

315 2341 481 2397 quibus
504 2356 595 2384 non
621 2355 861 2396 possumus
886 2341 1001 2384 tueri
1025 2350 1180 2384 nostra
1209 2340 1471 2383 ministeria.

403 2421 519 2465 Nam
543 2418 621 2474 qui
644 2418 832 2474 professi
854 2425 960 2460 sunt
983 2425 1176 2473 quatuor
1201 2426 1428 2470 uotorum,
1455 2432 1559 2460 cum
1581 2422 1621 2459 et
1639 2418 1777 2472 pauci
1794 2418 1889 2459 sint
1907 2421 1951 2459 et

314 2505 595 2551 occupentur
612 2495 658 2538 in
676 2494 970 2538 concionibus
986 2503 1029 2539 et
1044 2495 1321 2538 lectionibus
1333 2494 1571 2547 habendis,
1586 2493 1631 2536 in
1648 2494 1949 2550 gubernanda

314 2572 564 2626 Societate‚
590 2571 636 2614 in
661 2571 952 2628 grauioribus
981 2571 1185 2627 negociis
1207 2571 1437 2628 gerendis,
1463 2571 1508 2613 in
1539 2569 1830 2614 missionibus
1860 2570 1944 2613 fre-

313 2650 574 2704 quentibus,
600 2663 839 2693 necessum
863 2648 964 2701 fuit,
992 2656 1040 2691 ut
1064 2649 1239 2704 aliquos
1261 2650 1548 2700 haberemus,
1571 2647 1647 2703 qui
1665 2646 1710 2689 in
1730 2646 1942 2689 faciliori-

312 2728 399 2769 bus
422 2725 682 2768 ministeriis
699 2726 926 2778 iuuarent,
947 2725 991 2767 in
1015 2725 1378 2768 confessionibus
1400 2724 1636 2769 audiendis
1655 2731 1946 2768 uersarentur

313 2811 358 2848 et
381 2803 480 2846 aliis
503 2802 778 2847 ministeriis.
806 2803 939 2854 Nam,
966 2811 1015 2844 ut
1039 2802 1210 2857 aliquot
1227 2803 1483 2858 exemplum
1507 2801 1645 2844 huius
1668 2800 1734 2845 rei
1763 2801 1941 2853 demus,

311 2887 414 2936 post
435 2880 678 2923 conciones
700 2886 746 2922 et
767 2878 987 2923 lectiones
1025 2894 1177 2922 sacras
1206 2893 1455 2922 concursus
1483 2879 1597 2922 solet
1625 2877 1722 2920 fieri
1760 2877 1942 2920 audito-

381 3056 398 3073 a
437 3045 549 3081 Prius
565 3048 659 3081 sunt
676 3045 822 3091 aliqui,·
839 3044 980 3080 deinde
1001 3045 1151 3081 Natalis
1171 3045 1395 3081 emendavit
1412 3050 1453 3080 ut
1473 3056 1605 3091 supra.
