2098 3470
315 222 386 258 608
785 226 940 262 Pan-ms
965 227 1207 264 Hnmomm
1235 227 1385 264 NADAL

266 332 417 367 autem
443 340 522 368 vas
545 341 683 369 vnum
707 327 817 380 vini,
837 335 882 371 et
904 342 1048 383 aquae
1065 329 1272 380 alterum,
1298 342 1378 383 pro
1396 328 1555 382 tribus;
1577 336 1621 373 et
1643 330 1848 374 locentur
1871 348 1899 375 e

268 401 456 458 regione
479 402 577 446 eius
598 419 654 447 ex
677 403 837 456 tribus,
863 404 939 460 qui
962 405 1007 446 in
1032 404 1179 446 medio
1202 406 1345 448 sedet.

355 478 406 521 In
430 480 670 523 refectorio
692 481 946 525 inseruiant
968 480 1245 525 scholastici.
1272 463 1494 524 Poterurit
1521 482 1655 526 etiam
1686 484 1896 539 frequen-

267 556 357 598 tius
389 555 594 599 adhiberi
631 557 807 610 nouitii‚
847 557 884 601 si
923 557 999 614 qui
1037 557 1080 599 in
1121 557 1314 614 collegio
1351 559 1680 614 probabuntur,
1721 568 1902 616 praeter

263 647 387 685 eum,
414 633 491 688 qui
514 634 738 678 refectorii
762 649 914 678 curam
941 635 1078 677 habet
1101 641 1147 677 et
1168 634 1267 677 eius
1289 634 1533 688 adiutores,
1559 635 1635 691 qui
1653 644 1760 680 sunt
1775 637 1895 680 ordi-

266 709 377 752 narii
404 709 596 753 ministri
613 726 810 764 mensae;
831 710 1175 754 extraordinarii
1193 726 1303 755 vero
1322 719 1553 755 mutentur
1571 727 1654 768 pro
1677 721 1897 770 tempore,

264 787 385 842 quod
410 787 665 843 superiores
687 788 1004 831 iudicauerint

355 864 426 909 Sit
446 879 565 908 vnus
586 864 632 907 in
655 865 797 922 prima
820 880 976 908 mensa
1005 872 1050 907 et
1079 866 1192 908 alter
1219 865 1264 908 in
1295 864 1382 917 2⁹⁴,
1414 865 1491 921 qui
1528 865 1706 909 dicatur
1735 881 1899 914 censor

265 956 539 995 mensarum,
565 949 702 999 atque
724 942 797 984 hic
821 942 972 985 videat
995 942 1032 984 si
1055 941 1165 996 quid
1187 941 1320 996 desit3
1346 942 1588 999 praecipue
1606 957 1714 987 vero
1736 944 1893 988 obser-

264 1026 343 1063 uet
363 1033 498 1074 quem
521 1012 706 1062 modum
729 1019 773 1062 in
793 1019 1074 1063 comedendo
1092 1019 1254 1062 fratres
1271 1026 1472 1071 seruent,
1492 1034 1550 1062 an
1567 1019 1737 1075 aliquid
1754 1028 1893 1077 agant

263 1095 382 1138 inter
405 1096 755 1148 comedendum,
783 1097 905 1152 quod
927 1095 1076 1137 minus
1099 1096 1277 1147 deceat,
1302 1110 1358 1138 an
1382 1096 1624 1139 comedant
1640 1110 1743 1140 cum
1765 1084 1914 1140 vora-⁴2

261 1173 413 1226 citate,
439 1187 495 1215 an
525 1172 819 1216 immoderate
848 1172 1001 1214 vinum
1031 1172 1204 1224 bibant,
1237 1171 1329 1217 644
1362 1187 1418 1215 an
1452 1180 1610 1228 potent
1641 1187 1802 1228 aquam
1836 1190 1892 1218 ex

261 1264 369 1312 vase
391 1250 506 1306 ipso:
532 1249 729 1306 denique
757 1250 815 1293 sit
843 1264 997 1292 earum
1029 1263 1179 1292 rerum
1209 1250 1493 1302 obseruator,
1526 1264 1638 1305 quas
1668 1251 1891 1293 constitu-

261 1326 406 1370 tiones
429 1327 636 1383 exigunt,
662 1329 748 1370 hoc
768 1334 854 1385 est:
881 1334 929 1368 vt
957 1341 1060 1369 cum
1092 1326 1404 1381 temperantia,
1441 1327 1697 1379 honestate,
1733 1334 1779 1370 et
1809 1329 1889 1371 de·-

260 1403 410 1447 centia
432 1403 612 1447 interna
633 1411 912 1458 externaque
934 1403 1063 1446 cibus
1086 1410 1306 1446 sumatur.
1333 1404 1490 1458 Itaque
1508 1403 1553 1445 hi
1570 1405 1895 1448 obseruatores.

197 1482 200 1485 ’
259 1479 453 1536 singulis
484 1480 844 1523 hebdomadibus
872 1488 1107 1522 mutentur
1134 1481 1190 1522 ad
1222 1480 1413 1535 primam
1453 1486 1498 1523 et
1536 1488 1631 1522 2.ΞΠΠ
1669 1495 1889 1534 mensam,

260 1556 337 1612 qui
359 1565 538 1613 praeter
560 1556 606 1599 id
627 1571 811 1610 munus,
837 1557 958 1612 quod
986 1556 1158 1599 dictum
1188 1564 1272 1608 est,
1309 1555 1443 1600 etiam
1477 1570 1557 1600 eos
1588 1556 1886 1610 adiuuabunt‚

260 1633 336 1688 qui
361 1633 599 1677 refectorio
622 1632 894 1685 ministrant,
920 1632 964 1675 in
988 1633 1124 1675 rebus
1147 1633 1411 1689 praesertim
1434 1633 1817 1686 extraordinariis,
1843 1634 1890 1677 in

258 1710 426 1766 quibus
448 1712 641 1754 fortasse
663 1718 852 1752 erratur.
886 1710 1202 1766 Intelligantur
1225 1712 1337 1752 haec
1359 1710 1405 1752 in
1427 1709 1722 1766 amplioribus
1750 1711 1888 1754 colle-

258 1787 360 1844 giis;
387 1787 430 1830 in
455 1787 554 1831 aliis
576 1794 791 1843 poterunt
813 1802 912 1831 esse
941 1801 1169 1840 censores,
1203 1787 1280 1842 qui
1309 1802 1491 1831 mensae
1520 1787 1790 1841 inseruiunt3
1815 1789 1888 1831 vel

257 1865 390 1909 etiarn
414 1864 576 1920 aliquis
603 1880 659 1908 ex
687 1863 775 1916 his,
801 1864 876 1918 qui
901 1865 1163 1916 comedunt3
1195 1864 1267 1907 vel
1295 1864 1348 1916 is,
1382 1863 1458 1919 qui
1492 1864 1662 1920 primus
1684 1865 1811 1908 sedet
1843 1864 1887 1907 in

258 1956 430 1986 mensa.

343 2018 432 2062 Vbi
455 2025 665 2074 sumptus
692 2025 761 2062 est
790 2017 935 2069 cibus,
972 2027 1223 2073 apponatur
1256 2017 1377 2062 senis
1410 2019 1481 2061 vel
1514 2018 1650 2061 etiam
1681 2018 1891 2074 pluribus.

255 2096 512 2151 quibusque
535 2095 687 2138 discus
710 2110 843 2148 vnus,
869 2103 917 2137 vt
940 2095 1109 2151 singuli
1135 2095 1287 2147 micas,
1320 2109 1437 2150 quae
1464 2102 1569 2138 ante
1597 2094 1743 2151 ipsum
1774 2094 1886 2138 resi·

256 2173 373 2216 duae
398 2171 581 2224 fuerint,
607 2172 653 2214 in
675 2172 799 2214 illum
830 2171 1088 2225 conficiant,
1120 2179 1164 2214 et
1187 2172 1308 2226 quod
1340 2178 1445 2214 ante
1477 2185 1526 2214 se
1558 2171 1694 2214 fuerit
1714 2170 1887 2214 mantili

257 2251 461 2292 mundet.

345 2327 483 2382 Quod
513 2325 743 2370 residuum
774 2326 908 2369 fuerit
929 2340 984 2368 ex
1006 2326 1289 2382 portionibus
1317 2330 1401 2372 645
1425 2325 1671 2377 fructuum,
1697 2324 1883 2381 colliga-

255 2411 343 2446 tur.
370 2402 533 2446 Carnis
555 2402 690 2450 etiam
712 2409 757 2445 et
781 2402 910 2457 panis
934 2403 1143 2454 frustula,
1169 2402 1376 2446 absoluta
1398 2416 1570 2456 mensa,
1596 2402 1642 2443 in
1664 2402 1814 2454 ollam,
1839 2409 1885 2445 et

255 2481 377 2536 quod
400 2480 624 2535 reliquum
649 2479 785 2521 fuerit
804 2480 946 2532 offae,
973 2478 1273 2522 coniiciantur
1301 2493 1381 2535 pro
1408 2478 1699 2534 pauperibus.
1731 2478 1883 2532 Atque

252 2560 364 2602 haec
389 2556 731 2599 committantur
752 2556 931 2598 duobus
955 2555 1184 2607 fratribus,
1211 2554 1287 2610 qui
1309 2555 1384 2598 illa
1412 2554 1628 2611 colligant
1657 2562 1703 2598 et
1729 2553 1883 2596 distri-

252 2636 398 2677 buant
419 2634 465 2677 in
488 2646 726 2689 paupere-5,
755 2639 799 2676 et
828 2632 1089 2687 priusquam
1121 2633 1245 2684 dent,
1271 2631 1458 2676 iubeant
1487 2646 1565 2674 eos
1596 2631 1791 2685 aliquam
1814 2645 1886 2673 re—

250 2711 390 2755 citare
413 2709 681 2763 orationem,
706 2715 785 2752 aut
807 2709 1021 2765 paulatim
1052 2710 1246 2752 doceant
1274 2723 1353 2753 eos
1381 2708 1628 2751 doctrinam
1668 2706 1880 2750 christia-

252 2803 374 2842 nam,
400 2787 486 2831 nisi
509 2786 678 2830 suerint
699 2786 811 2829 tales
834 2800 1066 2841 personae,
1093 2800 1195 2828 cum
1220 2785 1385 2840 quibus
1407 2799 1500 2828 non
1523 2785 1586 2827 ita
1608 2784 1682 2840 agi
1706 2798 1879 2828 conue·

249 2865 359 2908 niat.
386 2866 554 2907 Totum
579 2871 730 2906 autem
754 2864 840 2905 hoc
868 2861 1035 2904 iudicio
1058 2862 1301 2918 superioris
1322 2862 1389 2904 fit:
1415 2862 1601 2917 duoque
1624 2860 1697 2903 isti
1720 2862 1884 2903 fratres

246 2941 443 2998 ,singulis
465 2938 763 2985 hebdomadis
791 2938 956 2982 mutari
986 2946 1198 2994 poterunt
1221 2947 1253 2982 ²¹.
1294 2939 1468 2982 Caueat
1496 2944 1647 2980 autem
1677 2936 1880 2992 superior

318 3042 334 3057 a
385 3030 496 3075 Quae
513 3013 733 3076 sequuntur
751 3038 873 3074 usque
892 3027 940 3062 ad
957 3027 1073 3062 finem
1094 3027 1207 3062 huius
1227 3027 1332 3063 tituli
1350 3027 1543 3074 posterius
1560 3026 1689 3061 addita
1708 3025 1880 3061 fuerunt.
