2098 3470
272 250 343 287 700
743 235 898 281 Parnis
924 244 1167 281 Humotwm
1193 244 1344 280 NADAL

282 334 288 342 ’
315 344 513 388 Imitatio
535 345 706 389 Christi
727 345 770 389 in
796 346 1039 399 Societate,
1066 354 1114 389 vt
1142 346 1188 389 in
1217 346 1472 391 abiectione
1495 346 1742 392 ministeria
1769 347 1854 390 im-

224 421 452 477 pleantur,
479 435 595 478 quae
617 421 764 480 magis
786 422 945 467 iuuent
974 422 1246 479 proximum,
1272 429 1317 466 et
1338 422 1384 466 in
1415 422 1524 480 ipsis
1552 423 1683 467 bonis
1706 423 1856 480 operi-

224 499 312 541 bus
334 505 697 552 contemnamur,
722 506 784 552 et,
809 499 846 542 si
869 499 1049 554 quidem
1080 498 1138 542 sit
1174 499 1271 543 sine
1309 499 1486 556 propria
1514 499 1856 556 imperfectione

226 575 300 618 vel
323 575 472 631 culpa,
498 575 671 632 plenior
693 575 899 619 imitatio.
926 575 1047 619 Hinc
1070 590 1161 619 non
1185 576 1317 632 posse
1347 575 1551 633 cogitare
1578 577 1635 620 de
1655 576 1855 633 dignita-

226 659 290 705 te,
315 665 400 695 nec
423 651 558 704 intra,-
584 665 668 695 nec
690 659 834 697 extra.

315 730 365 772 In
388 728 461 772 die
484 729 763 774 ascensionis
783 729 990 773 liberatio
1013 745 1039 772 a
1060 729 1363 786 passionibus,
1389 737 1434 774 et
1462 736 1667 786 apertum
1691 729 1857 774 ostium

226 806 284 850 ad
307 806 459 850 omnia
479 807 600 850 bona
627 821 708 863 per
731 806 991 863 passionum
1030 806 1439 860 mortificationem,
1465 814 1512 851 et
1540 821 1691 851 rerum
1713 813 1856 852 terre-

225 897 387 926 narum
416 890 743 940 contemptum,
768 890 814 927 et
851 897 1014 939 purum
1045 896 1229 927 sensum
1268 883 1531 928 coelestium
1567 883 1616 926 in
1652 883 1853 936 Christo,

224 959 305 1016 qui
328 959 562 1016 captiuum
585 959 660 1005 184
681 960 811 1003 duxit
833 967 878 1005 et
900 959 1100 1020 continet
1123 959 1168 1002 in
1191 961 1318 1004 coelo
1341 974 1418 1004 cor
1440 967 1660 1004 nostrum.

316 1037 385 1080 Ex
408 1036 574 1080 vnione
595 1036 745 1080 cordis
767 1036 950 1080 Christo
982 1037 1247 1081 ascendenti
1284 1044 1329 1082 et
1366 1037 1540 1081 sedenti
1570 1037 1618 1080 in
1644 1037 1772 1081 coelo
1799 1037 1857 1080 ad

222 1114 459 1158 dexteram
497 1114 600 1167 Dei,
632 1114 738 1159 fidei
766 1113 1050 1171 magnitudo,
1081 1121 1127 1157 et
1155 1114 1412 1171 praesentia
1440 1114 1527 1159 Dei
1554 1114 1601 1167 in
1628 1115 1855 1158 conforta-

225 1190 352 1234 tione
373 1190 709 1247 operationum.

316 1269 488 1324 Magna
509 1267 661 1310 cordis
684 1267 863 1311 claritas
885 1281 937 1310 ac
959 1268 1073 1312 fides
1094 1267 1140 1310 in
1157 1267 1324 1311 vnione
1341 1269 1399 1311 ad
1415 1268 1666 1320 Christum,
1686 1282 1854 1325 magna

225 1361 330 1403 spes
351 1344 622 1389 incrementi
643 1344 815 1401 gloriae
851 1343 938 1388 Dei
961 1343 1007 1386 in
1035 1344 1266 1389 Societate
1295 1352 1340 1388 et
1368 1345 1602 1399 ecclesiae,
1628 1344 1760 1401 quasi
1786 1344 1856 1387 vi-

158 1431 160 1434 '
223 1424 356 1467 detes
384 1422 442 1465 ad
478 1422 646 1465 bellum
675 1421 856 1478 prodire
892 1420 979 1465 Dei
1006 1421 1222 1466 virtutem
1257 1437 1337 1478 per
1373 1423 1528 1465 orbem
1558 1436 1613 1465 ac
1647 1421 1856 1478 dissipari

223 1499 434 1543 inimicos
456 1498 570 1543 eius.
596 1498 666 1543 Sit
691 1501 818 1542 Deus
840 1498 1109 1543 benedictus
1126 1498 1172 1541 in
1194 1500 1386 1542 secula..
1409 1534 1417 1542 .

315 1578 487 1633 Magna
510 1575 762 1632 amplitudo
784 1575 930 1618 meriti
959 1575 1005 1618 in
1031 1575 1304 1631 obedientia,
1329 1583 1379 1618 vt
1407 1576 1454 1619 in
1479 1575 1691 1619 omnibus
1718 1576 1857 1620 rebus

226 1652 363 1697 etiam
391 1651 774 1705 indifferentibus,
805 1653 1016 1697 meritum
1049 1652 1334 1696 obedientiae
1356 1654 1664 1704 desumamus;
1689 1666 1856 1709 magna

219 1729 474 1782 humilitas,
506 1736 556 1772 vt
582 1729 734 1773 omnia
771 1729 954 1773 meliora
993 1730 1246 1783 credamus,
1287 1737 1334 1775 et
1371 1730 1518 1774 media
1554 1731 1612 1773 ad
1643 1730 1852 1782 salutem,

220 1822 339 1864 quae
361 1821 456 1850 non
478 1805 569 1849 sint
591 1814 791 1862 peccata;
818 1821 985 1864 magna
1010 1821 1166 1850 rursus
1183 1821 1239 1850 ex
1261 1808 1421 1852 eadem
1440 1807 1614 1851 ratione
1635 1806 1854 1851 obedien—

218 1884 310 1929 tiae
332 1883 560 1928 certitudo
592 1890 638 1926 et
665 1883 870 1940 dignatio
899 1884 1002 1938 Dei,
1033 1891 1079 1929 et
1109 1884 1238 1940 quasi
1267 1885 1551 1937 miraculum,
1578 1892 1627 1927 vt
1654 1883 1766 1928 velit
1787 1883 1855 1926 vti

223 1960 372 2006 medio
393 1960 485 2013 illo,
510 1967 555 2003 et
585 1959 720 2003 faciat
740 1975 854 2013 rem,
879 1975 995 2017 quae
1023 1976 1114 2005 non
1142 1962 1281 2004 habet
1303 1976 1358 2005 ex
1393 1976 1442 2005 se
1466 1961 1591 2004 illum
1613 1961 1850 2012 effectum,

219 2045 271 2081 vt
293 2037 420 2081 illum
443 2052 467 2080 a
490 2039 591 2080 Deo
609 2036 815 2093 accipiat.
1662 2095 1665 2098 Α

305 2113 559 2158 Consilium
583 2113 731 2158 Patris
753 2114 917 2170 Ignatii
940 2122 1009 2158 est
1031 2116 1335 2160 exercendum
1364 2116 1421 2159 ad
1449 2115 1688 2159 sanitatem
1719 2123 1852 2159 tuen-

217 2192 323 2235 dam
347 2191 667 2248 experimentis
688 2190 897 2234 facilibus
919 2199 964 2234 et
986 2192 1286 2244 naturalibus,
1311 2200 1441 2236 etc...

307 2268 542 2312 Gaudium
565 2275 610 2312 et
632 2268 710 2310 lux
731 2267 779 2310 in
806 2267 1001 2324 singulis
1023 2268 1204 2313 selectis
1231 2268 1391 2325 gratiis
1422 2271 1626 2322 Patrum,
1657 2283 1711 2313 ac
1741 2268 1853 2312 nihil

218 2346 268 2388 in
289 2345 377 2388 illis
398 2359 532 2401 posse
554 2343 796 2400 quicquam
814 2344 916 2388 mali
941 2345 1243 2389 considerare.

307 2421 488 2466 Inuenit
505 2421 688 2477 quidam
703 2422 918 2478 angelum
931 2422 1171 2466 Societatis
1187 2421 1272 2466 sibi
1289 2422 1574 2479 peculiariter
1590 2422 1849 2480 propitium.

216 2500 375 2554 Itaque
403 2504 496 2542 tres
525 2498 713 2555 angelos
741 2498 1028 2554 peculiariter
1055 2498 1141 2542 sibi
1172 2499 1391 2556 propitios
1420 2499 1623 2551 confidit,
1654 2500 1712 2542 ad
1740 2513 1854 2556 quos

218 2574 767 2631 particulariter'acurrat‚
793 2576 1029 2620 custodem
1058 2576 1308 2633 proprium,
1339 2584 1385 2620 et
1412 2576 1667 2629 Societatis,
1697 2584 1744 2620 et
1765 2576 1853 2620 Mi·

215 2653 443 2705 chaelem,
468 2652 710 2695 vniuersae
731 2652 952 2696 ecclesiae
974 2653 1277 2710 principem...

311 2729 520 2774 Eleuatio
542 2736 766 2786 perpetua
787 2728 913 2772 iuxta
935 2729 1436 2787 imitationemlgnatii.

309 2807 511 2862 Magnus
533 2820 695 2849 sensus
717 2805 891 2862 gloriae
913 2806 1078 2862 Ignatii
1100 2806 1144 2849 in
1169 2808 1311 2850 coelo.

307 2881 481 2927 Sensus
502 2882 690 2926 intimus
711 2889 757 2925 et
778 2879 1006 2926 iucundus
1022 2883 1304 2936 humilitatis,
1323 2899 1379 2928 ex
1397 2883 1715 2941 abnegatione,
1737 2898 1854 2940 quae

215 2959 269 3001 fit
291 2973 348 3003 ex
373 2966 478 3002 actu
501 2959 624 3014 fidei,
649 2959 762 3016 spei,
787 2967 832 3003 et
856 2959 1106 3002 charitatis.

307 3036 482 3080 Sensus
503 3050 702 3093 magnus
723 3036 1075 3092 imperfectionis
1098 3044 1143 3080 et
1165 3036 1478 3093 ineptitudinis
1500 3044 1546 3082 et
1568 3051 1788 3081 errorum.
