2098 3470
340 8 358 37 Ι.,
381 3 403 10 -«
435 0 610 36 &tuq-&ww
622 0 690 21 ,στ’-ι
722 0 786 22 qim.
863 0 913 15 τ’
967 0 1062 19 *ιτ-.-

787 223 1220 264 lssmucnomzs-m
1703 232 1774 270 529

753 377 818 408 DE
840 375 975 408 MODO
996 374 1247 414 LOQUENDI

274 483 534 541 Diligenter
552 483 826 527 obseruetur
845 481 1022 539 regula,
1047 495 1137 536 qua
1159 488 1229 524 est
1256 486 1443 522 cautum
1473 493 1532 522 ne
1564 478 1665 534 quis
1687 478 1818 536 quie-

186 575 324 618 quam
346 561 404 604 de
425 559 686 603 nationibus
716 556 1060 616 genealogiisue
1087 571 1194 600 cum
1221 562 1488 612 contemptu
1511 563 1591 599 aut
1625 556 1716 598 vllo
1746 556 1818 598 of-

188 637 419 682 fendiculo
439 637 668 694 loquatur:
693 643 763 680 est
783 634 905 679 enim
931 634 979 677 in
1000 633 1156 691 primis
1183 632 1441 677 necessaria
1470 634 1628 689 regula
1658 632 1734 676 illa
1760 633 1818 676 ad

186 713 403 758 vnionem
424 713 680 758 animorum
702 711 1031 756 conseruanda.
1055 710 1150 754 447
1171 711 1365 754 Attente
1394 709 1536 766 igitur
1564 709 1819 766 aduigilent

187 789 445 848 superiores
462 805 519 834 ne
540 789 650 846 quid
669 789 856 846 irrepat,
880 788 1004 844 quod
1026 786 1170 844 possit
1190 778 1310 830 hanc
1331 787 1537 843 regulam
1566 786 1814 830 infirmare.

186 868 239 912 Id
266 882 376 912 vero
407 867 576 911 facient
607 882 689 923 per
719 881 785 921 se,
809 879 890 923 per
919 864 1237 916 confessarios,
1266 879 1348 920 per
1379 865 1713 916 obseruatores,
1738 878 1819 919 per

188 943 423 1002 grauiores
444 943 760 1000 poenitentias

278 1021 447 1065 Modus
468 1019 543 1064 hic
563 1019 796 1076 loquendi:
825 1018 975 1063 «Talis
996 1025 1067 1063 est
1087 1033 1217 1063 meus
1238 1018 1460 1072 amicus»,
1480 1019 1554 1062 vel
1574 1019 1701 1074 «Ego
1717 1032 1819 1060 sum

188 1096 525 1150 eiusamicus»,
546 1097 746 1149 tollatur,
769 1095 807 1139 si
824 1095 926 1152 quis
942 1095 1001 1139 sit
1018 1095 1239 1139 fortassis.
1264 1094 1387 1151 Quia
1406 1095 1454 1137 in
1476 1094 1705 1140 Societate
1727 1102 1819 1138 tam

188 1173 461 1219 vniuersalis
482 1174 620 1218 debet
639 1187 741 1218 esse
761 1172 960 1216 charitas
980 1173 1039 1216 ad
1059 1186 1235 1223 omnes,
1258 1181 1309 1216 vt
1329 1172 1455 1215 nulla
1485 1187 1542 1216 ex
1569 1179 1699 1228 parte
1725 1171 1818 1214 dici

187 1250 335 1309 possit
356 1250 519 1306 aliquis
540 1249 688 1307 magis
709 1250 882 1293 amicus
904 1264 1038 1306 quarn
1061 1250 1190 1294 alter.
1215 1250 1346 1294 Vltra
1367 1249 1430 1301 id,
1448 1250 1571 1304 quod
1594 1249 1696 1292 talis
1722 1263 1820 1291 mo-

188 1329 277 1372 dus
305 1327 522 1383 loquendi
554 1327 825 1370 secularium
858 1334 943 1371 est:
987 1327 1096 1370 «Est
1130 1341 1260 1370 meus
1291 1326 1511 1380 amicus»;
1545 1325 1822 1382 significatio

187 1403 326 1448 etiam
347 1404 569 1461 quaedam
591 1418 694 1448 esse
707 1403 912 1456 videtur,
938 1403 1066 1459 quasi
1087 1403 1161 1447 alii
1184 1418 1275 1447 non
1297 1411 1451 1447 essent
1477 1403 1609 1447 amici
1633 1403 1706 1447 uel
1730 1411 1820 1446 tam

188 1479 338 1525 amici.
403 1495 406 1498 ’

280 1558 480 1602 Curetur
506 1565 556 1600 vt
583 1573 653 1610 ea,
685 1572 802 1613 quae
828 1557 950 1600 domi
978 1557 1097 1602 inter
1125 1565 1306 1602 nostros
1341 1557 1510 1601 fuerint
1539 1557 1640 1613 (nisi
1679 1557 1822 1600 mani-

189 1634 434 1680 festissima
454 1633 710 1678 aedificatio
737 1635 976 1690 speretur),
1002 1649 1097 1678 non
1117 1633 1328 1678 dicantur
1348 1633 1565 1678 exterius.

277 1713 517 1756 Habeatur
543 1711 752 1769 specialis
774 1725 902 1763 cura,
926 1726 985 1756 ne
1012 1711 1172 1755 Patres
1198 1712 1271 1755 vel
1300 1712 1463 1754 fratres
1491 1712 1737 1768 loquantur
1765 1712 1823 1754 de

188 1788 449 1835 defectibus
470 1789 543 1833 vel
565 1788 759 1831 aliorum
782 1787 1080 1845 collegiorum
1096 1789 1170 1832 vel
1191 1787 1279 1841 sui,
1298 1802 1418 1832 neue
1439 1788 1643 1831 iudicent
1661 1803 1822 1844 quem-

189 1865 327 1924 piam,
351 1866 432 1909 sed
452 1866 572 1909 bene
593 1866 650 1909 de
671 1865 883 1908 omnibus
905 1864 1119 1910 sentiant.
1139 1865 1258 1909 Cum
1273 1873 1427 1910 autem
1449 1866 1606 1909 vident
1628 1865 1823 1921 aliquem

189 1942 472 1996 subtristem,
498 1943 621 1998 quod
642 1944 760 1986 forte
782 1956 862 1998 per
883 1941 1080 1998 aliquam
1103 1942 1311 1999 corporis
1338 1942 1729 1999 indispositionem
1757 1942 1823 1986 illi

189 2018 449 2076 continget,
473 2017 566 2062 448
588 2018 662 2061 vel
683 2033 740 2062 ex
761 2020 953 2062 honesta
974 2018 1061 2081 alia
1082 2019 1158 2063 uel
1180 2018 1437 2063 necessaria
1457 2033 1613 2071 causa,
1639 2035 1696 2063 ne
1719 2035 1824 2076 pro—

191 2102 350 2152 pterea
381 2095 603 2152 cogitent,
627 2096 701 2138 vel
722 2095 892 2147 dicant,
917 2095 1215 2139 vel-iudicent
1235 2095 1363 2139 illum
1386 2110 1487 2140 esse
1511 2104 1751 2150 tentatum3
1778 2106 1824 2142 et

193 2179 346 2216 tamen
367 2171 406 2216 si
428 2171 596 2216 scirent
618 2172 813 2227 aliquam
837 2172 1152 2226 tentationem,
1171 2180 1218 2217 et
1234 2173 1428 2218 maxime
1451 2188 1658 2230 grauem,
1685 2174 1826 2218 alicu-

187 2249 283 2305 jus,
306 2249 459 2293 statim
481 2249 538 2292 de
560 2264 614 2293 ea
637 2250 836 2293 referant
858 2250 916 2292 ad
938 2249 1234 2305 superiorem.

282 2326 450 2370 Modus
471 2325 690 2381 loquendi
713 2333 783 2370 est
813 2325 1162 2382 diligentissime
1188 2327 1522 2380 obseruandus,
1549 2330 1698 2383 quoad
1727 2329 1826 2372 eius

194 2402 362 2459 poterit
396 2402 518 2455 fieri,
557 2410 606 2446 vt
643 2417 779 2458 quam
817 2402 1083 2458 longissime
1119 2390 1341 2448 distemus
1377 2420 1404 2448 a
1434 2406 1570 2447 modo
1610 2405 1826 2460 loquendi

196 2479 528 2525 haereticorum
557 2479 780 2532 omnium,
812 2479 1076 2522 nominatim
1101 2493 1210 2524 vero
1232 2481 1572 2527 lutheranorum
1597 2490 1642 2524 et
1664 2482 1826 2524 dereli-

196 2563 390 2609 ctorum,
413 2556 491 2613 qui
514 2558 700 2600 fuerunt
720 2556 937 2601 haeretici
959 2555 1004 2598 in
1028 2556 1250 2613 Hispania
1276 2559 1304 2600 '.

285 2628 381 2689 Qui
401 2646 507 2676 cum
528 2633 728 2677 externis
750 2632 967 2688 loquitur,
994 2634 1152 2677 reddat
1174 2634 1394 2679 rationem
1418 2636 1474 2679 de
1499 2635 1664 2686 fructu,
1690 2649 1825 2690 quem

197 2723 255 2757 ex
276 2709 505 2766 colloquio
526 2710 781 2766 collegerit,
806 2711 880 2753 vel
901 2709 1139 2766 superiori,
1165 2711 1238 2754 uel
1260 2712 1318 2764 ei,
1344 2727 1479 2767 quem
1519 2713 1593 2755 ille
1615 2712 1826 2767 designa-

197 2786 331 2830 uerit.

287 2863 511 2907 Cubicula
534 2865 722 2909 Patrum
745 2872 791 2909 et
814 2865 1003 2908 fratrum
1026 2879 1083 2908 ne
1105 2874 1326 2908 vocentur
1343 2867 1501 2910 cellae.

248 2968 281 2989 '¹
331 2967 394 3006 Cf.
426 2969 664 3006 MENENDEZ
695 2979 724 3005 Y
752 2971 941 3016 PELAYO‚
970 2970 1159 3006 Historia
1184 2972 1232 3007 de
1261 2973 1319 3007 los
1343 2973 1595 3007 heterodoxos
1613 2973 1834 3019 esparioles,

200 3031 230 3063 t.
247 3027 298 3071 11,
317 3026 391 3063 lib.
414 3028 465 3074 V,
483 3039 569 3075 cap.
592 3037 626 3065 Ι.

375 3091 492 3121 Et’lsr.
511 3092 551 3121 P.
570 3092 706 3129 Napai,
725 3101 805 3122 τοι.
828 3093 890 3123 lv.
1617 3096 1653 3123 35
