2098 3470
317 279 383 312 162
789 277 944 313 ans
970 277 1219 314 HlssRONYMI
1246 277 1395 313 NADAL

339 383 591 421 obiectio.
654 379 726 421 De
748 377 1030 434 obligatione
1053 393 1143 421 non
1167 385 1342 431 mutua,
1366 386 1456 422 etc.

338 461 650 514 Responsio.
713 457 783 498 De
805 455 891 507 his,
917 470 1034 510 quae
1058 456 1113 497 ad
1141 456 1275 498 finem
1310 470 1453 511 usque
1486 456 1624 499 huius
1649 457 1767 500 tituli
1795 457 1904 501 scri·

269 534 456 586 buntur,
481 547 536 576 eo
559 532 690 575 nobis
720 532 895 576 facilius
923 541 992 576 est
1030 533 1320 588 respondere,
1361 534 1483 590 quod
1511 533 1557 575 id
1585 548 1827 589 possumus
1848 549 1904 578 ex

268 610 476 653 instituto
499 624 580 666 per
597 609 751 653 sedern
775 609 1065 666 apostolicam
1085 608 1235 661 toties,
1256 624 1336 666 per
1352 609 1593 653 concilium
1612 610 1747 654 etiam
1765 625 1904 655 oecu-

270 686 500 731 menicum
538 686 821 730 confirmato.
865 687 1023 741 Itaque
1051 693 1120 728 sat
1147 686 1248 738 erit,
1289 686 1327 730 si
1349 701 1443 730 rem
1476 686 1619 743 ipsam
1649 702 1902 733 narremus,

266 765 382 808 Sunt
404 762 546 819 igitur
568 762 788 819 simplicia
812 762 857 805 in
895 763 1128 807 Societate
1161 770 1282 815 vota,
1309 764 1395 806 272
1427 778 1544 819 quae
1567 764 1645 819 qui
1667 763 1899 818 emittunt,

265 841 319 884 iis
341 848 572 892 tenentur,
605 840 751 884 donec
780 840 817 882 si
846 854 1044 894 vnquam
1075 855 1131 882 ex
1160 854 1297 883 causa
1325 856 1351 883 a
1380 840 1609 885 Societate
1646 840 1903 884 dimittendi

266 917 493 960 uidentur.
520 917 673 973 Quod,
700 916 777 959 ubi
806 916 975 968 euenit,
1016 916 1111 959 suis
1133 916 1251 959 votis
1289 917 1571 973 simplicibus
1607 917 1744 961 soluti
1772 925 1897 961 sunt:

265 1009 321 1038 ex
342 994 512 1038 eisdem
535 993 643 1038 item
666 993 814 1036 causis
836 993 1000 1035 dimitti
1022 1001 1229 1049 possunt,
1255 993 1332 1048 qui
1357 1002 1463 1036 uota
1486 993 1727 1038 ediderunt
1749 995 1901 1038 solen-

265 1071 353 1114 nia:
380 1086 474 1114 non
493 1070 599 1114 facit
618 1078 766 1114 tamen
784 1070 828 1112 in
848 1070 919 1112 his
936 1069 1153 1122 dimissio,
1176 1078 1225 1112 ut
1242 1070 1328 1113 illis
1346 1070 1466 1114 uotis
1483 1071 1573 1114 sint
1590 1071 1742 1114 soluti.
1765 1073 1900 1115 Tem-

265 1163 349 1204 pus
369 1163 493 1200 uero,
513 1162 604 1191 non
623 1146 916 1204 professionis
933 1148 1097 1201 solum,
1112 1148 1192 1191 sed
1210 1162 1300 1202 quo
1319 1155 1558 1192 teneantur
1576 1148 1650 1192 alii
1667 1155 1772 1192 vota
1788 1148 1898 1192 sim-

263 1225 397 1281 plicia
419 1225 599 1276 aedere,
626 1232 676 1266 ut
704 1223 955 1276 minimum,
985 1231 1054 1268 est
1082 1232 1185 1280 post
1214 1231 1424 1268 exactum
1440 1224 1673 1268 biennium
1689 1225 1736 1268 in
1764 1225 1888 1269 noui-

263 1302 377 1345 tiatu
401 1311 446 1346 et
468 1302 567 1345 aliis
589 1300 948 1358 probationibus.
970 1302 1108 1357 Quod
1132 1309 1310 1358 tempus
1333 1310 1501 1354 tamen,
1526 1302 1601 1345 cui
1628 1302 1895 1359 praesertim

261 1379 482 1436 professio
504 1387 573 1422 est
596 1379 905 1431 concedenda,
926 1379 1039 1422 solet
1062 1379 1260 1431 extendi,
1285 1378 1323 1422 si
1340 1379 1403 1422 ita
1426 1395 1482 1423 ex
1505 1394 1591 1422 usu
1619 1393 1720 1423 esse
1741 1379 1897 1423 uidea-
1916 1418 1923 1423 .
1967 1401 1974 1407 ·

264 1464 353 1515 tur,
379 1463 424 1500 et
447 1456 501 1499 iis
524 1456 722 1511 quidem,
749 1455 826 1511 qui
848 1455 1011 1500 litteris
1033 1457 1143 1499 dant
1167 1471 1367 1512 operam,
1396 1469 1420 1511 3
1444 1471 1588 1499 annos
1609 1455 1802 1512 amplius
1823 1456 1896 1499 in·

263 1533 428 1576 dicitur
450 1541 552 1589 post
575 1533 739 1576 studia.
768 1533 1050 1589 Praecipitur
1073 1533 1193 1576 enim
1211 1533 1257 1575 in
1275 1534 1467 1576 formula
1484 1533 1696 1586 instituti,
1721 1548 1779 1577 ne
1796 1533 1898 1589 quis

259 1611 315 1653 ad
337 1610 663 1667 professionem
686 1609 944 1665 recipiatur,
971 1609 1056 1653 nisi
1078 1609 1306 1652 diuturnis
1328 1618 1372 1652 et
1409 1610 1767 1667 diligentissimis
1789 1625 1898 1666 pro-

261 1686 521 1730 bationibus
544 1686 643 1730 eius
666 1686 759 1728 uita
783 1694 828 1729 et
850 1687 1057 1729 doctrina
1080 1687 1312 1743 explorata
1345 1686 1496 1730 fuerit.
1529 1688 1686 1742 ltaque
1714 1686 1870 1729 contin
1885 1712 1895 1717 -

261 1779 371 1821 gere
393 1764 524 1807 facile
548 1771 712 1820 potest,
741 1772 789 1806 ut
811 1774 917 1806 sunt
938 1764 1172 1807 hominum
1198 1764 1324 1807 uaria
1345 1763 1546 1820 ingenia,
1571 1763 1738 1807 diuersi
1756 1763 1894 1806 etiam

261 1841 580 1896 probationum
618 1848 829 1893 euentus,
870 1841 1044 1884 tardius
1081 1842 1138 1884 ad
1175 1841 1502 1897 professionem
1539 1841 1755 1884 idoneum
1793 1854 1893 1898 esse

262 1933 402 1960 unum
427 1917 570 1961 uideri
592 1932 727 1973 quam
751 1918 903 1960 alium.
932 1919 998 1960 Ex
1020 1920 1107 1960 hoc
1130 1918 1257 1961 breui
1280 1917 1550 1973 compendio
1577 1916 1770 1974 intelligi
1793 1924 1894 1973 pot-

258 2003 327 2038 est
350 1995 459 2050 quid
482 1996 537 2038 de
560 1995 680 2038 uotis
702 1994 981 2051 simplicibus
1004 2002 1049 2038 et
1070 2010 1227 2038 eorum
1251 1994 1544 2050 obligatione3
1570 1993 1679 2050 quid
1708 1995 1766 2038 de
1787 2008 1895 2050 pro-

261 2072 456 2115 fessione
479 2072 524 2114 in
547 2071 757 2114 instituto
790 2073 954 2116 habeat
976 2071 1195 2116 Societas:
1237 2071 1403 2127 quibus
1431 2072 1487 2114 de
1510 2072 1646 2114 rebus
1680 2070 1893 2126 quamuis

259 2149 467 2192 dubitare
491 2163 582 2191 non
605 2148 846 2204 possimus,
873 2156 975 2204 post
1003 2148 1124 2192 sedis
1153 2148 1428 2204 apostolicae
1457 2155 1502 2191 et
1530 2147 1758 2204 generalis
1781 2161 1893 2190 con-

259 2224 350 2268 cilii
373 2225 714 2278 authoritatem,
746 2225 890 2282 parati
919 2240 1078 2268 sumus
1109 2233 1258 2269 tamen
1287 2226 1343 2268 ad
1367 2225 1642 2269 reddendam
1672 2224 1894 2267 rationem

260 2302 410 2345 cuiuis
429 2301 653 2358 poscenti,
679 2301 717 2344 si
740 2301 849 2358 quid
872 2302 1016 2345 fusius
1039 2302 1312 2359 explicatum
1336 2308 1541 2358 oporteat
1566 2302 1596 2344 ¹.

870 2421 876 2477 Ι
904 2435 1046 2464 CIRCA
1079 2434 1308 2464 REGULAM

332 2538 581 2575 obiectio.
645 2533 783 2589 Quod
806 2547 862 2575 ex
885 2534 1043 2587 regula
1065 2533 1232 2577 debent
1255 2540 1406 2589 petere
1429 2539 1601 2589 partem
1616 2547 1643 2575 a
1660 2531 1889 2583 fratribus,

259 2618 304 2654 et
328 2612 436 2654 dare
459 2610 695 2654 Societati.

331 2693 643 2737 Responsio.
707 2688 769 2731 Vt
786 2687 993 2743 superius
1011 2686 1262 2743 attigimus,
1282 2686 1478 2729 muniuit
1495 2684 1719 2729 Dominus
1736 2686 1792 2728 de
1809 2699 1892 2728 sua

258 2764 500 2809 clementia
517 2764 762 2809 Societatis
779 2771 1091 2820 paupertatem
1108 2765 1164 2807 ab
1181 2763 1521 2820 imperfectione
1532 2771 1577 2808 et
1589 2762 1791 2820 periculo
1809 2776 1890 2804 cu-

259 2833 477 2898 piditatis.
502 2840 868 2884 Animaduertite
893 2855 1016 2892 uero,
1038 2840 1166 2883 Illmi.
1187 2840 1372 2894 domini,
1394 2840 1503 2895 quid
1519 2840 1650 2882 nobis
1667 2838 1890 2895 impinga-

257 2903 344 2962 tur.
374 2919 538 2962 Videte
569 2932 691 2961 nunc
710 2917 818 2973 quid
836 2932 919 2961 nos
947 2918 994 2960 in
1021 2931 1049 2971 4
1066 2917 1214 2974 capite
1228 2916 1463 2970 examinis,
1481 2916 1528 2959 in
1545 2917 1614 2972 3.⁹⁴
1643 2917 1710 2959 6.⁸
1727 2923 1773 2960 et
1800 2923 1899 2959 1οέ-

329 3025 340 3045 ¹
392 3024 456 3061 Cf.
476 3025 819 3068 RIBADENEIRAM,
842 3025 900 3059 De
919 3023 1079 3059 ratione
1106 3022 1285 3059 instituti
1309 3023 1516 3058 Societatis
1529 3023 1645 3070 Jesu,
1669 3033 1780 3069 capp.
1801 3021 1895 3056 XH-

260 3089 368 3124 XIX.
