2098 3470
580 273 856 310 Momnmmz
880 277 1139 308 Pnovmcnz
1162 269 1478 312 Austrum—49
1733 274 1804 311 299

210 389 282 429 ce,
300 373 451 419 italice
471 373 696 430 expedite.
722 371 892 418 Scribit
909 364 1213 416 mediocriter.
1234 371 1276 414 V
1278 369 1397 412 alet
1386 368 1592 425 ingenio,
1613 366 1849 452 memoria,

214 451 480 495 fortitudine
501 450 718 507 corporis,
741 449 1012 506 diligentia'
1001 464 1048 491 m
1069 448 1232 492 studiis
1253 454 1300 492 et
1321 446 1497 490 officiis.

298 541 344 583 4.
367 530 462 571 P.
495 527 811 572 Theodoricus
842 541 935 570 non
963 526 1157 568 multum
1186 525 1287 577 scit,
1327 538 1413 568 nec
1442 524 1633 566 idoneus
1662 521 1846 564 uidetur

209 606 268 649 ad
289 604 441 648 studia
462 605 537 648 uel
557 605 819 661 legendum.
846 603 1070 659 Loquitur
1091 602 1246 654 latine,
1273 601 1550 659 germanice,
1577 598 1727 642 italice
1750 611 1848 639 me-

209 681 444 734 diocriter,
470 682 640 738 aliquid
661 681 842 738 gallice:
868 680 1028 724 scribit
1049 695 1141 723 non
1162 667 1291 723 scite.
1322 678 1515 735 Ingenio
1538 678 1740 733 practico
1763 688 1846 719 ua-

209 760 272 803 let
299 773 353 802 ac
373 758 615 816 :memoria
639 765 686 802 et
713 759 929 802 robustus
955 767 1024 801 est
1053 772 1255 814 corpore.
1288 758 1338 800 In
1361 755 1457 799 suis
1478 755 1638 798 officiis
1661 763 1706 799 et
1735 758 1847 801 obe-

209 835 393 879 dientiis
414 850 506 882 non
527 835 770 878 admodum
792 835 1002 891 diligens.
1221 819 1226 823 ³

300 924 341 967 5.
409 914 462 956 P.
487 913 689 970 Joannes
714 911 934 955 Nicolaus
963 911 1262 955 mediocriter·
1283 910 1485 967 phisicus
1522 917 1614 963 est,
1646 918 1693 954 et
1730 926 1847 955 non-

209 989 325 1033 nihil
347 990 605 1045 theologus,
629 996 675 1032 et
695 989 846 1032 bonus
862 988 1148 1040 haebraicus,
1167 996 1214 1031 et
1230 989 1287 1031 ad
1303 987 1566 1031 huiusmodi
1584 988 1736 1031 studia
1753 1003 1849 1032 non

161 1056 166 1061 ⁵
212 1066 394 1111 uidetur
414 1065 612 1122 ineptus.
646 1067 803 1109 Potest
830 1067 985 1122 legere
1012 1065 1226 1110 hebraice
1253 1072 1300 1108 et
1327 1064 1639 1121 grammatice.
1676 1066 1847 1120 Loqui-

210 1149 286 1186 tur
312 1142 468 1198 latine,
491 1142 725 1195 flandrice,
756 1142 1034 1199 germanice,
1065 1141 1218 1197 italice
1253 1141 1476 1198 expedite.
1509 1141 1678 1185 Scribit
1710 1143 1847 1186 male.

210 1219 400 1276 Ingenio
422 1219 654 1273 mediocri,
678 1233 733 1262 ac
755 1219 972 1263 memoria
993 1234 1083 1262 non
1109 1218 1274 1262 foelici.
1299 1219 1533 1262 Robustus
1549 1226 1620 1262 est
1636 1232 1847 1274 corpore,

209 1310 264 1341 ac
284 1295 484 1353 diligens
505 1296 552 1339 in
573 1296 669 1339 suis
691 1296 850 1340 officiis
870 1304 917 1340 et
936 1296 1115 1340 studiis.

302 1374 346 1417 6.
382 1380 385 1390 '
412 1374 466 1416 Ρ.
498 1374 694 1418 Scherer
716 1373 1001 1417 mediocriter
1022 1373 1214 1430 profecit
1240 1373 1288 1417 in
1318 1373 1505 1430 phisicis
1531 1380 1578 1416 et
1605 1372 1777 1428 aliquid
1800 1372 1848 1414 in

214 1449 503 1513 theologicis.
529 1449 603 1493 Ad
626 1450 882 1507 theologica
905 1451 1085 1495 uidetur
1105 1450 1254 1507 magis
1281 1450 1491 1494 idoneus.
1518 1451 1682 1493 Posset
1704 1450 1846 1506 profi-

213 1526 298 1571 teri
331 1525 378 1569 in
415 1526 740 1582 grammaticis,
771 1526 1137 1579 humanioribus,
1168 1525 1349 1571 ethicis.
1381 1526 1607 1582 Loquitur
1634 1526 1773 1570 latine
1801 1534 1848 1569 et

209 1603 473 1660 germanice
494 1604 628 1646 bene.
653 1603 821 1648 Scribit
844 1603 1146 1648 mediocriter.
1173 1604 1308 1648 Valet
1330 1603 1516 1660 ingenio
1537 1611 1584 1646 et
1605 1602 1841 1647 memoria.

210 1681 314 1724 Non
336 1686 406 1724 est
421 1680 638 1723 robustus
658 1694 864 1736 corpore,
888 1682 969 1724 sed
991 1695 1146 1724 sanus.
1172 1682 1220 1724 In
1243 1696 1328 1725 suo
1344 1681 1497 1724 officio
1518 1680 1732 1737 diligens,
1753 1689 1840 1724 etc.

298 1769 344 1812 7.
407 1758 459 1800 P.
483 1758 677 1802 Morales
693 1757 934 1801 mediocris
950 1758 1171 1814 phisicus,
1191 1758 1367 1802 doctior
1383 1757 1748 1801 mathematicus.
1769 1757 1846 1800 Ad

212 1835 337 1878 nulla
357 1834 510 1878 studia
531 1834 714 1879 uidetur
734 1834 942 1888 idoneus,
967 1836 1091 1891 quod
1113 1835 1172 1879 sit
1194 1835 1458 1879 inconstans
1479 1834 1527 1878 in
1555 1834 1661 1880 illis.
1687 1836 1845 1877 Potest

207 1911 363 1968 legere
398 1911 783 1964 mathematicam,
808 1926 947 1969 grece
976 1927 1174 1969 quoque,
1205 1912 1376 1968 aliquid
1403 1911 1592 1969 phisice.
1619 1911 1851 1966 Loquitur

209 1987 364 2041 latine,
390 1988 641 2044 hispanice,
666 1988 831 2032 italice.
863 1989 1032 2034 Scribit
1055 1990 1188 2034 bene.
1220 1989 1412 2046 Ingenio
1438 1997 1509 2034 est
1537 1988 1770 2042 mediocri,
1800 1996 1847 2030 et

213 2064 431 2110 memoria
452 2065 595 2120 tenui,
620 2079 675 2109 ac
695 2080 885 2122 corpore
905 2081 1061 2110 sanus.
1086 2066 1298 2123 Diligens
1321 2066 1368 2109 in
1396 2067 1492 2110 suis
1514 2066 1692 2110 officiis.

297 2142 344 2185 8.
415 2142 468 2184 P.
494 2142 773 2199 Wolfangus
795 2143 1038 2188 mediocris
1059 2143 1281 2200 phisicus,
1309 2143 1386 2187 uix
1409 2144 1669 2200 theologus,
1695 2144 1846 2186 bonus

205 2219 380 2272 rhetor,
399 2233 610 2275 graecus,
637 2224 785 2276 poeta.
818 2221 894 2264 Ad
922 2221 1151 2265 rethorica
1182 2221 1330 2278 magis
1358 2220 1567 2272 idoneus,
1593 2228 1639 2263 et
1662 2235 1715 2264 ea
1743 2227 1845 2275 pot-

207 2301 279 2339 est
305 2296 462 2352 legere
488 2310 593 2339 cum
622 2297 816 2353 graecis,
847 2305 935 2342 etc.
970 2286 1196 2353 Loquitur
1221 2298 1378 2351 latine,
1404 2306 1450 2343 et
1487 2297 1766 2354 germanice,
1799 2303 1846 2339 et

207 2371 495 2417 mediocriter
516 2372 688 2416 scribit.
715 2376 847 2417 Bono
868 2382 938 2418 est
959 2373 1146 2431 ingenio
1169 2389 1221 2418 ac
1250 2375 1485 2426 memoria,
1511 2389 1604 2417 non
1632 2374 1741 2417 item
1770 2387 1844 2415 ro·

201 2449 374 2514 *bustus
395 2444 603 2505 corpore.
634 2450 844 2507 Diligens
866 2459 935 2495 est
956 2451 1003 2494 in
1024 2451 1119 2494 suis
1141 2451 1304 2495 studiis
1326 2459 1372 2495 et
1394 2451 1554 2494 oficiis.

296 2540 340 2583 9.
407 2527 460 2569 P.
486 2527 686 2570 Thomas
707 2528 901 2584 profecit
927 2528 975 2571 in
1002 2528 1205 2584 phisicis,
1231 2529 1425 2585 graecis,
1451 2537 1496 2571 et
1525 2527 1672 2583 magis
1702 2527 1747 2569 in
1771 2541 1845 2571 re-

210 2602 397 2646 thoricis
418 2610 464 2646 et
485 2604 688 2660 poeticis,
710 2606 787 2648 Ad
803 2605 975 2660 phisica
990 2612 1037 2650 et
1059 2606 1315 2662 theologica
1332 2613 1466 2661 aptus
1489 2613 1574 2656 est,
1594 2605 1675 2648 sed
1698 2603 1847 2659 aptior

211 2686 282 2723 est
293 2679 356 2722 ‘ad
372 2680 612 2724 rhetorica.
630 2682 787 2724 Potest
802 2682 956 2738 legere
974 2682 1194 2738 phisicam
1206 2690 1253 2725 et
1269 2691 1511 2739 praecepta
1528 2681 1696 2734 omnia,
1711 2695 1843 2736 prae-

210 2762 280 2800 ter
315 2756 621 2813 theologiam.
664 2758 887 2814 Loquitur
924 2759 1063 2803 latine
1099 2767 1145 2802 et
1182 2759 1432 2815 hungarice
1470 2767 1515 2802 et
1554 2756 1833 2801 sclauonice.

208 2831 376 2876 Scribit
403 2833 707 2879 mediocriter.
739 2835 874 2878 Valet
901 2835 1088 2892 ingenio
1120 2843 1166 2879 et
1194 2835 1413 2878 memoria
1445 2849 1498 2877 ac
1527 2836 1741 2877 robustus
1773 2841 1844 2875 est

209 2922 413 2964 corpore.
438 2910 648 2965 Diligens
669 2918 739 2955 est
761 2911 807 2954 in
830 2911 925 2954 suis
948 2912 1112 2955 studiis
1134 2920 1180 2954 et
1202 2911 1380 2954 officiis.

303 2997 372 3030 10.
436 2988 494 3029 P.
527 2988 790 3031 Balthassar
811 2988 982 3044 aliquid
999 2988 1191 3044 profecit
1209 2987 1255 3029 in
1273 2987 1451 3044 graecis
1472 2995 1518 3030 et
1535 2987 1579 3028 in
1598 2985 1842 3038 hebraicis,

207 3069 255 3106 et
277 3062 392 3105 haec
413 3070 564 3118 potest
585 3064 802 3119 profiteri.
831 3066 905 3108 Ad
926 3064 1078 3109 studia
1099 3079 1191 3108 non
1214 3064 1396 3107 uidetur
1419 3065 1610 3108 idoneus
1634 3065 1692 3106 ob
1715 3070 1841 3106 aeta·
