2098 3470
325 239 396 283 824
908 239 1046 275 Episr.
1074 239 1118 274 P.
1146 237 1296 276 NADAL

262 339 345 383 nisi
369 341 456 382 hoc
480 340 710 396 prooemio
732 340 940 392 vtereris,
971 348 1108 395 atque
1130 340 1175 383 in
1199 340 1352 384 odium
1371 342 1502 384 simul
1522 349 1567 386 et
1599 343 1905 398 contemptio·

264 431 366 460 nem
391 416 601 472 primum,
627 416 732 460 dein
755 417 799 460 in
824 417 1041 460 inuidiam
1065 431 1251 461 vocares
1274 417 1500 474 Ignatium
1524 418 1667 471 illum,
1693 426 1740 462 at
1762 420 1903 475 pede-

264 493 440 546 tentim,
465 494 622 536 saltem
642 508 733 536 non
751 493 830 546 ita,
855 495 934 537 sed
963 499 1110 546 ἀθρόως,
1138 494 1182 537 id
1200 502 1285 546 est,
1306 494 1562 547 confertim,
1585 496 1902 547 vehementer,

267 569 498 614 atrociter.
1591 560 1596 564 ’

353 646 539 699 Odium,
566 648 691 702 quod
713 647 770 690 de
792 647 967 691 haeresi
988 655 1188 699 notatus3
1211 655 1541 703 contemptum,
1569 648 1691 703 quod
1710 647 1774 691 ita
1791 662 1904 692 con-

265 723 483 779 temptiue
519 712 626 767 eumv
662 723 881 775 nominas,
908 732 953 766 et
987 724 1110 779 quod
1148 723 1390 780 fugitiuu33
1433 724 1650 767 inuidiam
1677 739 1768 767 non
1795 725 1906 768 satis

268 802 494 855 consulte,
515 800 590 843 vbi
608 801 857 858 potentiam
880 801 1045 857 Ignatii
1070 808 1116 844 et
1138 800 1338 844 diuinam
1357 801 1550 857 gratiam
1570 801 1790 845 insinuas.
1816 803 1907 847 Sed

265 879 351 921 hoc
374 885 443 922 est
466 880 614 921 Deum
637 877 682 920 in
714 877 933 922 inuidiam
959 892 1143 929 vocare,
1178 877 1261 920 nisi
1285 887 1419 921 acute
1444 886 1461 903 ²
1488 878 1613 922 dicas
1635 893 1772 935 agere
1796 886 1840 922 te
1861 886 1907 922 et

266 954 439 998 iudicas
461 955 559 998 eius
581 954 907 1006 celebritatem,
937 969 1055 1009 quae
1078 954 1256 998 etiamsi
1281 955 1394 998 adeo
1416 969 1517 998 esse
1539 962 1687 1010 potest
1715 962 1817 1011 post
1839 955 1903 998 la-

268 1046 399 1088 psum
430 1039 477 1074 vt
509 1032 682 1075 electus
711 1031 783 1081 sit,
809 1039 959 1075 tamen
990 1039 1038 1074 tu
1069 1031 1310 1074 contendis
1339 1031 1515 1076 fortiter
1538 1032 1698 1074 falsum
1727 1046 1827 1076 esse
1849 1046 1904 1076 ex

269 1109 584 1164 sequentibus.
611 1107 653 1153 Ιῦ

357 1185 600 1229 Noluimus
621 1187 846 1229 hactenus
870 1185 1051 1240 quidem
1073 1185 1265 1228 virtutes
1283 1184 1430 1227 Patris
1447 1184 1610 1240 Ignatii
1628 1184 1903 1240 praedicare;

271 1262 351 1306 sed
374 1262 581 1318 exemplo
600 1261 731 1306 Pauli
753 1261 796 1304 id
818 1276 939 1305 nunc
963 1261 1234 1313 necessario,
1260 1261 1388 1316 quasi
1410 1261 1455 1303 in
1472 1261 1746 1317 insipientia,
1768 1261 1901 1305 facie-

266 1353 383 1381 mus.
410 1340 599 1384 Summa
616 1338 715 1382 eius
738 1338 861 1382 vitae
884 1339 1169 1394 exponenda,
1194 1346 1239 1381 et
1268 1339 1390 1393 quod
1418 1338 1505 1380 iam
1535 1353 1560 1381 a
1588 1337 1808 1395 principio
1830 1338 1903 1381 lit-

265 1424 384 1460 teras
406 1416 666 1472 quaesierit,
693 1423 932 1471 totumque
955 1415 1217 1458 institutum
1241 1430 1373 1459 suurn
1398 1415 1631 1460 ordinasse
1658 1422 1821 1463 contra,
1837 1415 1903 1458 lu·

265 1495 494 1546 theranos,
515 1501 560 1537 et
577 1492 709 1536 simul
729 1494 844 1536 duos
858 1492 1092 1536 hominum
1112 1493 1342 1550 erro[re]s:
1363 1502 1458 1535 turn
1476 1506 1650 1545 eorum,
1670 1492 1747 1548 qui
1763 1493 1904 1535 solam

262 1570 569 1622 deuotionem,
595 1570 816 1626 neglectis
853 1569 1103 1625 scripturis,
1143 1576 1254 1621 etc.,
1295 1577 1551 1622 sectantur;
1594 1577 1689 1612 tum
1719 1568 1900 1612 illorum

263 1647 417 1700 etiam,
445 1647 522 1703 qui
550 1647 722 1690 litteras
758 1647 854 1690 sine
891 1646 1136 1690 deuotione
1172 1647 1489 1703 amplexantur
1526 1653 1572 1690 et
1609 1653 1774 1690 amant.
1798 1646 1904 1689 Duo

263 1726 375 1769 haec
397 1724 575 1768 censuit
598 1738 776 1780 semper
806 1724 1147 1780 coniungenda,
1173 1731 1266 1768 etc.

352 1801 524 1858 Aperte
546 1802 603 1844 de
625 1801 1027 1857 persecutionibus
1049 1800 1312 1854 dicendum,
1338 1801 1462 1855 quod
1493 1814 1725 1859 nunquam
1748 1801 1805 1843 ab
1833 1799 1905 1842 in-

263 1879 557 1935 quisitoribus
578 1885 762 1921 notatus
786 1892 838 1920 ac
862 1893 919 1921 ne
943 1885 1133 1921 vocatus
1162 1877 1363 1934 quidem,
1394 1877 1474 1920 sed
1506 1878 1562 1919 ab
1591 1876 1903 1933 prouisoribus

261 1955 593 2012 episcoporum,
619 1963 664 1998 et
702 1969 760 1999 ne
783 1956 839 1997 ab
863 1954 934 1997 his
977 1954 1161 2010 quidem
1196 1962 1380 1997 notatus
1417 1955 1474 1998 de
1501 1953 1686 1996 minimo
1721 1952 1903 2009 quidem

261 2047 430 2077 errore.
458 2034 576 2076 Acta
598 2039 755 2075 extant
779 2031 1011 2087 Compluti
1041 2033 1047 2052 ¹
1075 2039 1121 2074 et
1145 2030 1466 2075 Salmanticae.

353 2111 418 2153 Ex
442 2111 561 2153 fama
582 2108 797 2165 impingis
819 2108 1160 2172 atrocissimum¹
1175 2108 1364 2160 crimen,
1390 2107 1494 2150 vide
1517 2122 1653 2162 quam
1673 2107 1900 2160 consulte,

266 2202 402 2243 quam
427 2188 658 2243 theologe,
685 2201 821 2242 quam
845 2185 1024 2241 xpiane.

357 2265 424 2307 Ex
458 2265 616 2308 eadem
642 2264 758 2307 fama
782 2262 884 2307 vide
922 2262 1031 2318 quid
1069 2261 1314 2318 contigerit
1344 2264 1514 2306 Romae
1551 2261 1637 2305 illis
1665 2274 1709 2316 4.
1736 2261 1762 2305 ΙΙ
1787 2260 1904 2306 Vide

267 2341 490 2398 Magistro
513 2340 669 2383 Ioanni
690 2355 716 2383 a
740 2342 943 2384 Mercato
966 2338 984 2363 b
1004 2341 1040 2382 ².
1139 2325 1144 2330 .

922 2418 1001 2460 Fo.
1030 2428 1074 2472 5.
1100 2417 1158 2460 fa.
1186 2425 1254 2473 p.a

357 2497 511 2539 «Haec
534 2496 807 2538 documenta
830 2508 882 2537 ac
905 2493 1157 2550 spiritualia
1181 2492 1440 2545 exercitia»,
1466 2500 1554 2536 etc.

354 2573 479 2629 Quid
501 2574 572 2615 tu?
598 2573 801 2615 «Acerca
822 2571 951 2615 desta
974 2571 1132 2622 letra»,
1159 2577 1248 2615 etc.
1274 2569 1400 2632 Quid
1423 2570 1562 2613 habes
1585 2568 1659 2612 hic
1687 2569 1810 2624 quod
1834 2567 1904 2612 vi·-

333 2744 351 2761 a
400 2732 580 2770 Obscure
599 2731 801 2778 scriptum.
854 2733 918 2758 —b
947 2731 1040 2766 Post
1054 2732 1150 2766 haec
1168 2730 1305 2766 relicta
1321 2735 1383 2764 est
1400 2730 1536 2765 lacuna
1551 2740 1620 2776 pro
1637 2728 1805 2764 caeteris
1819 2739 1902 2775 per-

262 2792 534 2828 secutionibus
552 2790 786 2828 scribendis,

338 2931 346 2950 ¹
399 2929 514 2964 Edita
532 2933 624 2964 sunt
642 2940 662 2963 a
682 2927 794 2964 nobis
819 2928 858 2963 in
877 2928 1057 2964 Monum.
1077 2927 1232 2974 Ignat.‚
1253 2926 1338 2962 Ser.
1359 2924 1429 2971 IV,
1449 2926 1478 2971 1,
1504 2925 1588 2971 598.

333 2993 347 3011 ³
398 2990 479 3024 Has
495 2994 630 3024 contra
648 2987 844 3033 Ignatium
863 2986 1158 3033 persecutiones
1177 2985 1268 3021 vide
1286 2984 1389 3031 apud
1408 2985 1659 3028 POLANCUM,
1677 2982 1851 3023 Chron„
1867 2981 1902 3028 1,

259 3049 323 3093 67,
346 3057 427 3093 127,
450 3047 529 3093 169,
550 3053 627 3083 etc.
649 3047 748 3082 Item
768 3046 807 3081 in
826 3045 1012 3081 Manum.
1038 3045 1192 3092 Ignat„
1212 3045 1272 3080 loc
1289 3043 1374 3087 cit.,
1395 3054 1510 3089 pagg.
1530 3042 1592 3088 96,
1614 3040 1696 3087 123,
1720 3040 1801 3086 148,
1821 3045 1900 3077 etc.
