2098 3470
302 250 373 298 448
774 253 927 289 Partus
954 253 1197 290 Hmnomrrn
1223 253 1375 290 NADAL

255 352 418 408 psalmi
456 353 802 409 poenitentiales
833 369 936 398 cum
959 354 1181 406 laetaniis,
1215 355 1287 398 vel
1313 369 1367 398 ea
1395 363 1443 398 vt
1466 355 1748 411 frequentius
1777 358 1895 402 fiant-

254 429 447 486 singulis
465 430 839 475 hebdomadibus.
862 433 999 476 Ferre
1017 432 1328 487 eleemosynas
1345 432 1401 475 ad
1418 446 1637 477 carceres.
1660 435 1734 477 Ad
1752 435 1887 478 Indos

253 513 411 562 petere
435 514 481 550 vt
505 507 759 560 mittantur,
780 521 882 552 cum
906 508 1025 551 omni
1046 516 1195 552 tamen
1211 508 1528 553 indifferentia.
1550 511 1618 552 Ire
1641 510 1885 554 fructifica-

255 590 350 626 tum
370 597 450 639 per
479 584 627 627 vicina
653 584 816 640 oppida
844 585 975 628 binos
1004 585 1048 627 in
1077 592 1360 642 paupertate.
1388 588 1549 630 Petere
1576 586 1885 632 mortificatio*

254 675 357 703 nem
390 660 437 702 in
465 660 535 703 his
562 662 722 714 rebus,
757 661 804 705 in
836 662 1000 718 quibus
1036 661 1248 704 maiorem
1282 662 1484 706 sentiunt
1515 663 1880 719 repugnantiam.

253 737 387 780 Dicat
416 737 584 793 quiuis,
616 738 653 780 si
685 738 792 794 quid
816 746 1048 794 praeterea
1071 738 1429 793 mortificationis
1466 739 1691 784 desideret
1719 741 1881 784 facere.

253 814 451 858 Videant
473 815 608 858 etiarn
636 816 909 872 superiores,
943 816 979 858 si
1011 815 1120 870 quid
1142 823 1375 871 praeterea
1413 817 1772 860 mortificationis
1794 831 1884 872 ,pro

251 891 475 947 praesenti
505 892 686 948 collegii
709 894 781 936 vel
802 894 963 935 domus
986 900 1108 935 statu
1131 900 1176 935 et
1198 906 1351 936 rerum
1375 893 1448 935 vel
1470 907 1762 948 personarum
1786 893 1885 938 exi-

251 968 407 1025 gentia
430 968 487 1011 sit
509 969 849 1026 imponendum.

249 1081 341 1126 2⁰6
434 1095 718 1127 CATALOGUS
747 1097 934 1135 EORUM,
968 1096 1096 1134 QUAE
1127 1096 1238 1126 LEGI
1263 1097 1324 1126 AD
1349 1097 1544 1126 MENSAM
1579 1096 1792 1127 POSSUNT

784 1151 1089 1203 PRAES⁷ERT1M
1113 1173 1162 1202 IN
1181 1173 1435 1203 COLLEGns

338 1278 473 1322 Initio
494 1279 701 1323 lectionis
722 1280 902 1335 legatur
924 1293 1102 1335 semper
1124 1285 1261 1335 caput
1293 1293 1431 1321 vnum
1463 1279 1724 1323 testamenti
1752 1280 1876 1332 noui,

248 1363 434 1411 sumpto
455 1355 586 1399 initio
607 1357 664 1399 ab
686 1355 927 1411 euangelio
951 1355 1045 1398 diui
1082 1355 1301 1399 Matthaei
1323 1370 1466 1411 vsque
1494 1357 1550 1398 ad
1583 1356 1719 1400 finem
1751 1358 1880 1412 Apo-

247 1433 428 1489 calipsis
451 1435 505 1476 Β.
532 1434 655 1478 Ioan.
680 1432 1007 1489 euangelistae.
1029 1434 1229 1475 Possunt
1251 1431 1342 1488 legi
1360 1432 1515 1476 selecti
1539 1433 1639 1475 libri
1657 1449 1713 1478 ex
1735 1434 1879 1478 veteri

248 1517 538 1554 testamento.

334 1587 540 1643 Vesperi,
566 1588 772 1630 absoluta
799 1586 992 1629 lectione
1020 1586 1092 1630 vel
1114 1585 1467 1641 praedicatione,
1492 1587 1674 1642 legatur
1706 1595 1878 1643 marty—

244 1663 469 1720 rologium
493 1647 756 1720 vulgariter.
784 1664 889 1719 Quo
911 1678 1019 1706 vero
1041 1662 1113 1705 die
1130 1663 1181 1704 fit
1203 1661 1492 1715 abstinentia,
1512 1663 1688 1719 vesperi
1711 1663 1878 1720 legitur

244 1748 384 1797 caput
405 1755 461 1784 ex
484 1747 755 1784 testamento
777 1754 902 1782 nouo
923 1747 968 1782 et
990 1738 1380 1795 martyrologium.
1407 1740 1514 1794 Quo
1535 1739 1609 1784 die
1630 1739 1872 1794 ieiunatur,

242 1817 356 1860 nihil
377 1817 546 1874 legitur
568 1816 760 1873 vesperi,
786 1817 865 1860 sed
887 1815 1259 1872 martyrologium
1288 1815 1458 1872 legitur
1479 1817 1536 1858 ad
1558 1816 1812 1872 prandium.

332 1894 472 1947 Libri,
499 1893 575 1950 qui
598 1893 689 1949 legi
713 1900 903 1950 possunt
925 1892 1165 1944 ordinarie,
1190 1899 1235 1935 et
1259 1892 1422 1935 mutari
1452 1893 1508 1935 ad
1531 1892 1779 1949 superioris
1800 1909 1874 1936 ar-

240 1971 443 2024 bitrium,
468 1985 569 2015 esse
593 1977 780 2027 possunt
802 1970 879 2026 qui
902 1978 1169 2025 sequuntur:

330 2048 534 2092 Historia
555 2046 860 2092 ecclesiastica
883 2046 1081 2091 Eusebii.

332 2125 534 2169 Historia
571 2123 875 2168 ecclesiastica
912 2122 1179 2180 Nicephori,
1220 2123 1307 2167 2⁰7
1335 2123 1585 2167 emendatis
1623 2123 1870 2176 nonnullis,

242 2217 359 2258 quae
388 2202 544 2245 scribit
571 2201 715 2271 primo
744 2201 929 2257 (opinor)
959 2208 1005 2244 et
1033 2200 1234 2243 secundo
1261 2199 1398 2252 libro,
1433 2214 1548 2256 quae
1586 2199 1780 2244 attinent
1815 2202 1874 2244 ad

240 2293 510 2336 graecorum
533 2292 708 2322 errores
729 2285 775 2320 et
803 2278 1062 2333 apocrypha
1085 2277 1321 2332 quaedam.

329 2357 517 2400 Summa
539 2354 783 2398 historialis
803 2356 862 2397 D.
890 2353 1127 2405 Antonini,
1160 2354 1281 2396 facto
1308 2352 1436 2396 initio
1463 2368 1489 2396 a
1517 2355 1719 2397 secunda
1744 2361 1872 2411 parte

240 2434 297 2478 de
329 2433 522 2480 ecclesia
549 2430 793 2489 primitiua,
825 2445 925 2486 cap.
966 2431 1045 2483 2.⁰,
1082 2430 1189 2473 folio
1232 2431 1371 2484 133.⁰,
1403 2429 1450 2472 in
1482 2430 1868 2486 impressionibus,

237 2525 355 2566 quae
379 2524 501 2553 nunc
524 2507 824 2552 communiter
844 2508 1086 2559 habentur,
1113 2506 1291 2551 tametsi
1314 2507 1454 2563 possit
1485 2507 1619 2552 etiam
1652 2509 1710 2551 ab
1738 2506 1871 2551 initio

235 2588 344 2644 legi,
371 2588 451 2631 sed
474 2593 744 2629 consuetum
771 2592 840 2628 est
869 2584 989 2636 inde,
1026 2585 1142 2627 vnde
1163 2584 1382 2636 diximus,
1414 2584 1654 2629 lectionem
1677 2584 1777 2629 eius
1797 2585 1864 2629 in-

235 2667 420 2708 choare.

322 2741 546 2797 Dialogus
568 2741 617 2786 S.
643 2738 872 2795 Gregorii.

322 2817 525 2861 Historia
548 2816 825 2868 sanctorum,
852 2815 1087 2870 Lipomani
1111 2815 1182 2860 vel
1199 2814 1320 2859 Surii
1337 2822 1355 2840 ³
1372 2829 1476 2857 cum
1496 2815 1872 2859 annotationibus

233 2897 289 2940 ad
313 2895 581 2952 marginem.

301 3074 319 3091 a
368 3063 478 3097 Haec
497 3070 517 3096 2
536 3062 657 3098 verba
675 3058 868 3107 posterius
887 3043 1030 3094 addita.
