2098 3470
307 272 354 317 84
500 325 510 329 -
884 273 1064 309 ΝοτιτιΑ
1091 282 1283 311 conicum

253 378 407 414 uiene.»
434 377 489 414 2.³
510 389 617 425 pars,
637 377 714 415 sub
735 378 813 415 hoc
833 377 959 416 titulo:
983 377 1164 416 «Aeerea
1185 378 1237 415 de
1253 378 1314 415 los
1333 378 1567 416 sacerdotes
1588 379 1640 416 de
1657 390 1785 418 casa.»
1819 392 1895 418 sex

253 453 410 485 tantum
429 449 590 499 regulas
611 449 746 487 habet.
767 449 850 487 Ine.
877 449 1046 498 «Ayude
1062 461 1140 487 con
1157 462 1204 487 su
1220 449 1478 498 exemplo...»
1495 449 1592 487 Des.
1691 450 1749 488 las
1765 451 1902 501 reglas

255 530 336 566 que
357 519 380 556 a
399 519 499 557 ellos
518 525 678 558 tocan.»
703 521 757 570 35¹
776 533 881 569 pars,
902 520 978 558 sub
999 522 1077 558 hoe
1097 521 1223 558 titulo:
1248 520 1430 558 «Acerea
1450 520 1516 558 del
1537 521 1724 569 pueblo.»
1750 522 1898 560 decem

190 590 192 592 ’
255 590 416 640 regulas
438 591 573 629 habet.
595 592 678 630 Inc.
701 592 814 629 «Vea
833 604 914 640 que
934 604 987 629 no
1008 591 1130 629 salten
1151 592 1474 630 confessores...»
1496 591 1593 630 Des.
1613 608 1674 630 «...
1690 604 1787 640 para
1804 604 1901 630 sen-

256 667 364 700 tarse
384 673 435 700 en
452 668 538 700 otra
558 668 709 711 parte.»
731 664 788 710 45²
808 675 900 711 pars
923 662 1103 700 «Aeerea
1124 663 1176 700 de
1197 663 1233 700 la
1254 663 1431 712 iglesia.»
1449 662 1534 700 Sub
1556 664 1634 700 hoe
1654 663 1783 711 titulo,
1804 668 1903 702 octo

257 734 422 784 regulae
443 741 661 783 ponuntur.
683 735 766 771 Ine.
790 734 851 771 «A
871 734 906 771 el
926 739 1018 772 toea
1039 746 1119 782 que
1135 734 1172 771 la
1188 734 1327 784 iglesia
1350 746 1375 783 y
1399 735 1643 772 sacristia...»
1662 735 1759 774 Des.
1778 751 1838 773 «...
1865 736 1903 773 al

259 807 444 855 superior
475 818 572 854 para
606 817 686 854 que
714 805 753 842 lo
783 817 972 853 prouea.»
1004 806 1164 843 Deinde
1198 806 1360 854 ponitur
1390 805 1545 854 duplex
1572 806 1797 854 appendix,
1826 807 1907 844 sub

259 877 410 926 duplici
429 877 558 923 titulo,
579 889 752 924 quorum
774 876 925 924 primus
946 882 1007 914 est
1026 877 1271 925 hujusmodi:
1302 877 1446 913 «Estas
1473 887 1553 924 que
1581 888 1624 913 se
1654 877 1797 926 siguen
1826 889 1901 915 son

260 949 456 986 anadidas
482 960 533 985 en
561 949 726 985 Roma.»
757 947 991 995 Sequuntur
1015 947 1099 985 duo
1126 953 1282 985 tantum
1308 947 1485 997 regulae.
1520 948 1614 985 Ine.¹
1641 947 1832 996 «Quanto
1866 949 1903 986 al

260 1021 429 1057 numero
450 1019 502 1056 de
521 1019 580 1056 las
600 1019 808 1056 missas...»
830 1019 926 1056 Des.
953 1035 1010 1056 «...
1030 1030 1085 1056 no
1106 1030 1149 1055 se
1165 1018 1251 1055 dira
1268 1018 1427 1066 aquella
1443 1019 1601 1055 missa.»
1621 1019 1680 1056 2.³'
1692 1018 1906 1067 appendix

261 1093 340 1128 hoc
365 1090 481 1128 titulo
507 1095 680 1128 notatur:
713 1089 947 1127 «Anadidas
973 1089 1010 1126 al
1031 1090 1212 1138 prefecto
1240 1090 1292 1127 de
1319 1090 1356 1127 la
1376 1090 1516 1140 iglesia
1537 1089 1588 1126 de
1616 1089 1653 1126 la
1681 1088 1907 1139 Compafiia

262 1174 313 1199 en
332 1162 579 1210 Hespania.»
603 1162 837 1209 Sequuntur
862 1171 906 1210 17
927 1161 1090 1211 regulae
1115 1161 1291 1199 additae.
1319 1161 1402 1199 Ine.
1433 1161 1519 1198 «En
1548 1161 1584 1198 la
1615 1161 1755 1211 iglesia
1781 1173 1836 1199 no
1863 1173 1911 1199 se

264 1233 469 1271 demande
495 1233 730 1270 limosna...›
755 1232 852 1270 Des.
876 1249 937 1270 «...
958 1232 1055 1270 Dira
1075 1233 1178 1270 cada
1198 1233 1354 1270 sabado
1376 1233 1412 1270 al
1433 1233 1627 1270 sacristan
1649 1233 1708 1270 las
1727 1232 1865 1270 fiestas
1883 1245 1909 1282 y

265 1317 423 1355 ayunos
450 1317 530 1353 que
556 1305 652 1342 avra
684 1316 735 1341 en
761 1304 799 1341 la
826 1316 993 1341 semana
1020 1304 1232 1353 signiente,
1263 1316 1360 1352 para
1389 1316 1470 1352 que
1498 1304 1537 1341 lo
1569 1303 1765 1352 publique
1793 1315 1845 1341 en
1873 1304 1914 1341 el

265 1377 519 1414 refectorio.»
542 1376 649 1413 Vide
669 1375 777 1412 dicta
802 1376 842 1412 in
862 1375 1113 1423 praefatione
1134 1375 1186 1412 de
1206 1375 1355 1424 regulis
1370 1375 1584 1413 Societatis
1601 1375 1709 1423 Jesu.

348 1448 437 1486 Fol.
459 1448 647 1495 48v·53r,
669 1447 929 1484 eontinentur
947 1446 1139 1494 antiquae
1164 1446 1328 1496 regulae
1354 1446 1521 1493 aeditui,
1547 1446 1673 1484 multo
1706 1446 1916 1496 longiores

265 1520 325 1566 iis,
347 1531 451 1567 quas
471 1530 579 1556 nunc
601 1518 799 1556 habemus
819 1518 859 1555 in
880 1518 1070 1555 Instituto
1090 1518 1130 1556 S.
1145 1518 1177 1566 J.
1199 1517 1362 1555 Titulus
1383 1523 1455 1555 est:
1480 1518 1657 1567 «Reglas
1677 1529 1774 1566 para
1793 1517 1830 1554 el
1846 1528 1910 1554 sa-

267 1591 454 1628 cristan.»
476 1591 522 1627 In
541 1601 567 1638 4
587 1595 724 1639 partes
744 1589 991 1628 dividuntur.
1018 1590 1069 1628 1.a
1092 1589 1275 1627 «Acerca
1295 1589 1348 1627 de
1369 1593 1437 1628 si.»
1462 1589 1579 1627 Haec
1599 1601 1693 1637 pars
1718 1589 1744 1626 6
1762 1588 1917 1638 regulis

267 1667 439 1700 constat.
460 1662 544 1699 Inc.
569 1661 672 1699 «Sea
692 1673 746 1698 no
767 1661 992 1698 solamente
1013 1660 1266 1698 modesto...»
1289 1660 1386 1698 Des.
1407 1676 1467 1698 «...
1485 1660 1695 1698 intencion
1709 1671 1762 1696 en
1777 1659 1817 1696 lo
1833 1670 1914 1708 que

269 1734 369 1772 abra
388 1734 441 1771 de
462 1734 620 1771 hazer.»
645 1733 704 1771 2?
729 1732 909 1770 «Acerca
929 1732 982 1769 de
1001 1732 1063 1769 los
1083 1732 1136 1769 dc
1156 1743 1288 1770 casa.»
1310 1731 1476 1780 Septem
1496 1731 1657 1781 regulas
1673 1731 1808 1768 habet.
1829 1731 1917 1768 Ine.

272 1805 464 1855 «Quanto
485 1804 522 1842 al
543 1804 758 1842 sacerdote
784 1815 865 1852 que
898 1804 1008 1840 tiene
1030 1803 1067 1840 13
1099 1814 1259 1842 cura...»
1295 1803 1392 1841 Des.
1416 1819 1477 1841 «...
1499 1802 1697 1840 avisando
1724 1807 1868 1850 quatro
1888 1801 1915 1838 ό

269 1877 388 1914 einco
409 1876 499 1914 dias
520 1881 677 1914 antes.»
701 1875 757 1922 3?
779 1875 961 1912 «Aeerca
981 1875 1034 1912 de
1057 1875 1118 1911 los
1139 1874 1191 1911 de
1211 1874 1361 1912 fuera.»
1386 1874 1408 1911 8
1429 1873 1590 1923 regulas
1618 1874 1810 1911 continet.
1830 1872 1917 1910 Ine.

271 1947 542 1985 «Esfuercese
563 1947 616 1984 de
647 1951 765 1984 tener
783 1946 919 1984 buena
939 1947 1144 1996 gracia...»
1180 1945 1278 1984 Des.
1315 1946 1470 1995 «segun
1489 1945 1527 1982 la
1560 1944 1719 1982 calidad
1739 1943 1792 1981 de
1811 1944 1849 1981 la
1867 1943 1915 1981 li-

271 2031 452 2057 mosna.»
474 2019 532 2066 43
555 2018 736 2056 «Acerca
752 2017 804 2054 de
819 2018 857 2054 la
872 2017 1049 2067 iglesia.»
1067 2017 1302 2065 Sequuntur
1316 2017 1458 2066 viginti
1476 2016 1653 2068 regulae.
1672 2016 1756 2054 Ine.
1778 2014 1915 2052 «Abra

271 2090 332 2128 las
352 2095 516 2139 puertas
537 2089 707 2127 della...»
729 2089 827 2127 Des.
852 2104 914 2127 «...
936 2100 1098 2136 avnque
1122 2089 1355 2126 estuviesen
1382 2099 1536 2126 cerea.»
1568 2088 1716 2125 Postea
1741 2085 1918 2124 habetur

274 2161 498 2210 appendix,
515 2161 555 2198 in
576 2172 658 2209 qua
683 2170 731 2207 19
749 2160 849 2197 aliae
869 2159 1033 2210 regulae
1053 2159 1259 2197 adduntur
1278 2158 1632 2207 praecedentibus,
1647 2157 1736 2197 sub
1762 2158 1842 2196 hoc
1861 2157 1914 2195 ti-

276 2233 374 2271 tulo:
394 2232 628 2270 «Afiadidas
644 2232 680 2269 al
696 2231 929 2269 sacristzin.»
945 2231 1029 2269 Ine.
1047 2231 1218 2268 «Piense
1233 2243 1258 2280 y
1275 2230 1409 2268 confie
1425 2242 1477 2267 en
1489 2230 1654 2268 Dios...»
1671 2229 1769 2266 Des.
1789 2243 1848 2267 «...
1864 2238 1917 2265 en

280 2305 318 2342 el
350 2304 480 2342 Sefior
513 2304 688 2352 siempre
715 2308 821 2340 estar
844 2302 941 2340 bien
976 2302 1227 2350 occupado.»
1263 2300 1419 2339 Omnes
1452 2301 1603 2338 aeditui
1637 2299 1813 2350 regulae,
1841 2310 1916 2336 ex-

281 2376 410 2424 ceptis
428 2375 455 2412 6
474 2375 637 2421 ultimis,
659 2379 699 2411 et
718 2375 864 2422 partim
896 2373 974 2420 13.a
999 2373 1250 2421 appendicis,
1285 2377 1378 2409 sunt
1410 2371 1461 2409 ab
1483 2372 1631 2409 eodem
1664 2382 1917 2408 amanuense

282 2451 487 2484 exaratae.
508 2445 545 2483 A
566 2446 662 2483 folio
686 2453 754 2492 53r
773 2445 911 2493 incipit
930 2444 1006 2482 alia
1034 2456 1178 2481 manus
1199 2444 1351 2493 ignota,
1372 2448 1413 2480 et
1448 2442 1593 2480 eadem
1627 2453 1718 2479 esse
1743 2441 1920 2488 videtur,

283 2529 390 2566 quae
410 2517 450 2554 in
471 2517 569 2554 folio
596 2517 682 2563 18v‚
703 2516 755 2553 ad
776 2516 942 2562 calcem,
963 2515 1118 2552 notavit
1136 2514 1296 2564 regulas
1316 2514 1402 2550 illas
1419 2515 1535 2562 jussu
1555 2514 1596 2551 P.
1617 2512 1820 2551 Francisei
1841 2512 1915 2550 ad-

285 2589 391 2627 ditas
410 2589 546 2626 fuisse.
567 2588 614 2624 In
634 2588 710 2624 hae
730 2592 865 2624 autem
885 2586 1106 2632 additione,
1125 2591 1168 2623 ut
1186 2586 1227 2622 in
1247 2585 1345 2633 ipsis
1370 2585 1533 2634 regulis,
1560 2582 1717 2623 Natalis
1745 2584 1860 2621 stilus
1879 2588 1923 2621 et

285 2660 501 2709 prolixitas
521 2659 784 2707 conspicitur,
804 2658 914 2695 unde
934 2669 1027 2695 eum
1046 2656 1246 2705 prioribus
1267 2656 1318 2693 ad
1339 2655 1590 2693 Lusitaniam
1610 2655 1662 2692 ab
1677 2656 1766 2703 ipso
1787 2654 1920 2704 perla-

286 2737 348 2769 tas
369 2731 591 2769 eredimus.

369 2802 457 2840 Fol.
483 2810 572 2851 53v‚
594 2801 739 2838 eadem
759 2811 916 2846 manus,
937 2811 1044 2847 quae
1063 2799 1103 2836 in
1123 2798 1193 2853 fol.
1210 2809 1263 2845 44
1282 2798 1509 2846 scripserat:
1540 2796 1924 2835 «Considerationes

289 2874 342 2911 de
362 2873 428 2910 los
450 2885 576 2923 gozos
595 2873 648 2910 de
667 2872 704 2910 13
723 2871 1117 2909 benauenturanza.»
1153 2869 1217 2907 hic
1252 2869 1422 2917 scripsit:
1473 2867 1853 2906 «considerationes
1869 2868 1923 2905 de

287 2945 493 2994 patientia.
512 2960 532 2976 »
569 2943 802 2991 Sequuntur
835 2951 857 2991 7
883 2946 1035 2990 puncta
1068 2940 1379 2980 consideranda.
1423 2939 1506 2977 Inc.
1535 2938 1805 2977 «Considerar
1839 2950 1921 2987 que

289 3016 394 3054 cada
413 3027 496 3052 vno
513 3016 565 3052 ha
585 3015 638 3052 de
658 3014 918 3064 padescer...»
940 3013 1038 3051 Des.
1060 3028 1122 3051 «...
1141 3024 1167 3061 y
1188 3024 1298 3049 amar
1316 3011 1353 3048 la
1374 3023 1466 3049 cruz
1486 3011 1538 3048 de
1559 3010 1754 3049 Christo.»

373 3087 460 3125 Fol.
493 3094 687 3134 54r-55v,
715 3086 890 3137 «Reglas
917 3085 970 3123 de
1002 3084 1270 3123 sacerdotes.»
1305 3084 1378 3121 Est
1406 3084 1642 3131 exemplum
1668 3071 1925 3132 hispanicum
