2098 3470
707 269 1146 312 Summuranum—25
1627 271 1694 317 851

109 383 214 416 mus
235 373 293 416 ad
314 371 546 425 exercitia,
576 378 624 416 et
650 369 859 428 purgatis
881 384 935 412 ac
961 368 1217 412 iustificatis
1239 370 1447 415 dabimus
1478 373 1739 427 electiones3

44 495 51 499 ,
108 449 235 505 quod
255 449 293 492 si
315 448 459 493 velint
479 450 538 493 de
557 447 680 491 vitae
700 454 823 490 statu
844 446 1102 498 consulere,
1128 454 1369 502 antequam
1392 458 1582 504 peccata
1603 451 1741 495 defle-

115 525 279 579 nerim,
304 534 548 581 antequam
570 525 628 568 ad
656 530 941 568 sacramenta
969 522 1247 567 accesserint
1277 525 1581 580 poenitentiae
1610 534 1747 583 atque

111 616 271 647 sacrae
291 602 644 655 communionis,
669 615 774 644 cum
797 600 868 644 his
884 615 968 644 nos
983 601 1332 653 contendemus,
1353 609 1403 643 vt
1419 617 1509 645 non
1527 612 1749 658 quaerant

115 678 302 724 omnino
337 679 720 735 quemadmodum
749 677 890 722 vitam
929 677 1200 734 transigant,
1243 692 1330 733 qua
1368 678 1439 721 via
1478 680 1534 722 ad
1571 682 1747 724 coelum

111 756 297 809 adeant,
322 755 409 799 nisi
430 755 558 812 prius
586 762 633 799 et
661 755 838 808 viuant,
869 761 916 799 et
936 754 1000 798 ita
1025 756 1033 812 Ι
1060 753 1234 806 viuant‚
1260 762 1310 797 vt
1341 755 1426 799 iter
1442 757 1577 799 etiam
1601 758 1750 802 facere

114 832 306 889 possint;
330 840 511 876 mortuo
532 832 654 876 enim
677 832 788 888 quid
809 840 879 878 est
900 832 1232 876 consulendum
1256 832 1341 875 nisi
1364 842 1412 875 vt
1429 833 1575 876 viuat?
1597 834 1751 890 quain

117 921 167 953 re
187 909 300 953 nihil
320 917 391 954 est
412 917 760 953 controuersum
784 908 896 952 nihil
918 909 1040 965 quod
1061 908 1259 951 dubitari
1282 909 1437 965 possit.
1471 912 1681 954 Mortuus
1702 925 1751 955 es

114 986 164 1030 in
183 994 390 1043 peccato,
419 1001 600 1044 «surge,
625 985 704 1042 qui
725 986 912 1038 dormis,
936 999 1111 1042 exurge
1133 1001 1160 1028 a
1181 986 1388 1038 mortuis,
1413 995 1459 1030 et
1480 986 1752 1031 illuminabit

114 1070 164 1106 'te
191 1065 368 1120 Xpus.»
406 1065 435 1116 ¹;
460 1063 786 1120 poenitentiam
808 1077 913 1119 age,
938 1062 1324 1119 appropinquauit
1346 1063 1466 1105 enim
1491 1079 1682 1120 regnum
1714 1065 1747 1107 ².

118 1139 202 1183 Vis
226 1146 274 1182 tu
295 1139 344 1183 in
364 1147 509 1183 morte
530 1139 702 1191 viuere,
728 1139 913 1191 sentire,
939 1139 1193 1182 ambulare?
1214 1138 1297 1182 Vis
1316 1139 1362 1181 in
1381 1140 1579 1183 tenebris
1595 1141 1749 1184 lumen

115 1215 292 1260 videre?
313 1218 549 1273 Recupera
569 1216 725 1270 vitam,
750 1216 905 1261 lumen
928 1215 1095 1272 recipe,
1120 1229 1211 1271 quo
1233 1223 1279 1260 et
1302 1217 1545 1273 perspicias
1563 1232 1652 1272 qua
1669 1217 1755 1260 tibi

46 1308 48 1310 ·
117 1292 468 1351 ingrediendum
489 1293 547 1337 sit
569 1303 616 1338 et
637 1293 757 1338 vires
778 1293 984 1350 recipias,
1010 1292 1178 1348 quibus
1198 1293 1377 1350 ingredi
1401 1294 1593 1353 [possis].

209 1370 374 1423 Docui,
394 1371 617 1424 infideles,
636 1370 906 1423 haereticos,
927 1378 1206 1427 peccatores,
1227 1385 1318 1426 quo
1336 1379 1469 1427 pacto
1486 1372 1656 1428 eligere
1672 1373 1754 1417 de-

120 1447 260 1491 beant
280 1462 334 1491 ac
355 1448 543 1504 possint.
566 1448 657 1492 Sed
680 1447 757 1492 21⁰
782 1455 933 1492 tamen
967 1448 1025 1491 de
1054 1447 1127 1490 his
1154 1448 1304 1491 adhuc
1344 1450 1535 1504 paucula
1573 1451 1754 1494 addam.

123 1523 210 1568 His
229 1524 340 1581 ipsis
360 1539 418 1568 ex
439 1524 661 1569 charitate
682 1524 896 1582 eligenda
910 1539 1011 1568 esse
1027 1524 1177 1568 omnia
1196 1539 1375 1568 rursum
1393 1527 1628 1579 confirmo;
1650 1541 1753 1570 nam

117 1602 179 1644 ad
199 1602 336 1646 finem
358 1602 596 1646 referenda
616 1610 725 1645 sunt
746 1601 912 1654 omnia3
937 1601 1044 1645 inde
1066 1593 1291 1658 proficisci
1315 1615 1501 1646 necesse
1519 1610 1587 1646 est
1605 1603 1755 1660 consi-

123 1677 199 1731 lia,
221 1678 488 1732 electiones,
514 1678 717 1723 actiones
739 1693 913 1730 omnes,
947 1685 998 1720 vt
1026 1679 1160 1734 plena
1187 1679 1246 1723 sit
1274 1679 1453 1732 electio,
1479 1680 1611 1735 plena
1633 1680 1755 1723 actio

118 1763 260 1811 atque
290 1756 514 1799 absoluta.
546 1757 681 1808 Nam,
711 1755 750 1799 si
775 1754 877 1811 quis
913 1755 999 1798 alia
1036 1755 1211 1801 ratione
1246 1756 1445 1809 ducitur,
1481 1756 1657 1810 timore,
1693 1756 1755 1810 vi,

119 1832 306 1885 affectu,
338 1832 651 1888 persuasione,
688 1846 885 1888 quonam
917 1833 1031 1877 haec
1058 1833 1212 1876 omnia
1246 1841 1455 1889 spectant
1491 1833 1576 1876 nisi
1614 1842 1664 1876 ut
1701 1835 1758 1877 ad

123 1908 260 1953 finem
298 1910 599 1963 manducant,
639 1909 1060 1965 perfectionemque
1106 1909 1342 1954 electionis
1383 1919 1755 1954 commonstrent.

122 1983 273 2038 Initia,
297 1986 483 2042 quidem
504 1988 616 2030 haec
639 1995 762 2038 sunt,
788 1994 835 2031 et
855 1987 984 2042 quasi
1011 1986 1228 2031 informes
1263 1988 1486 2042 quaedam
1514 1995 1651 2043 atque
1673 1988 1759 2030 im-

123 2063 352 2118 perfectae
374 2062 594 2116 actiones;
619 2064 741 2119 quod
764 2071 834 2108 est
856 2063 1146 2107 manifestum
1162 2063 1211 2107 in
1232 2074 1471 2120 peccatore
1498 2065 1504 2120 1
1532 2079 1588 2107 ex
1605 2064 1758 2108 seruili

123 2135 300 2192 timore,
319 2154 411 2196 quo
432 2141 490 2183 ad
511 2139 787 2185 attritionem
811 2147 1028 2197 peccator
1048 2141 1349 2197 compellitur,
1371 2142 1476 2184 item
1500 2141 1545 2183 in
1568 2141 1755 2193 infideli,

121 2216 202 2272 qui
221 2217 280 2260 ad
301 2216 577 2273 baptismum
600 2217 786 2260 ducitur
807 2232 887 2274 per
909 2225 1103 2261 terrores
1125 2226 1435 2274 peccatorum,
1461 2218 1505 2260 in
1530 2218 1696 2273 quibus
1712 2232 1760 2261 se

124 2293 248 2338 videt
273 2293 565 2351 impeditum,
594 2295 719 2350 quod
746 2295 973 2350 praeclare
1010 2294 1253 2338 concilium
1291 2295 1582 2340 tridentinum
1621 2308 1760 2350 expo-

124 2370 192 2414 nit
211 2369 244 2414 ⁸.
270 2371 526 2427 Postremo,
553 2371 600 2414 in
621 2371 866 2424 haeretico,
891 2371 968 2414 vbi
997 2370 1119 2428 ignis
1147 2373 1349 2424 horrore,
1371 2373 1441 2416 vel
1465 2378 1758 2427 argument&

123 2458 224 2491 rum
245 2447 309 2502 vi,
332 2447 453 2491 viam
475 2447 634 2504 incipit
655 2447 812 2492 videre
832 2449 889 2491 ad
910 2449 1122 2501 salutem,
1148 2457 1286 2505 atque
1314 2448 1535 2492 confiteri.

214 2525 343 2568 Haec
363 2523 507 2591 igitur
526 2539 669 2580 quum
691 2524 756 2568 ita
776 2525 884 2578 sint,
904 2533 1099 2578 constat,
1120 2526 1296 2570 etiamsi
1315 2526 1400 2568 alia
1415 2525 1506 2568 sint
1529 2526 1646 2568 vnde
1668 2525 1761 2569 ele-

123 2601 300 2646 ctiones
326 2601 531 2646 inchoari
558 2609 696 2658 atque
725 2601 874 2646 iuuari
902 2602 1097 2659 possint,
1136 2602 1184 2646 in
1221 2591 1430 2646 omnibus
1465 2610 1613 2644 tamen
1650 2600 1761 2643 illud

125 2692 227 2724 esse
246 2677 596 2723 desiderandum
626 2678 914 2736 principium,
945 2679 1058 2723 illud
1089 2680 1365 2730 docendum,
1398 2680 1454 2721 ad
1491 2679 1601 2720 illud
1635 2678 1764 2721 vnice

124 2756 512 2807 contendendum,
538 2756 661 2812 quod
693 2756 751 2800 211
778 2771 920 2799 vnum
949 2764 1020 2800 est
1047 2756 1318 2813 principium
1352 2766 1397 2800 et
1429 2754 1531 2797 finis
1563 2754 1764 2797 omnium

125 2839 174 2876 et
193 2845 353 2876 verum
375 2839 423 2876 et
442 2831 636 2875 solidum
659 2840 705 2876 et
726 2834 997 2890 perfectum.
1023 2834 1099 2877 Ad
1127 2835 1214 2876 hoc
1241 2832 1512 2889 principium
1545 2830 1646 2886 quis
1673 2839 1758 2882 est,

50 2924 53 2925 ⁷
125 2907 207 2964 qui
240 2923 332 2951 non
373 2909 537 2953 debeat
577 2909 748 2953 hortari
785 2924 943 2954 omnes
982 2910 1214 2954 homines?
1252 2909 1375 2965 Quid
1413 2907 1531 2951 enim
1570 2907 1762 2950 docebat

130 3046 135 3059 ,
199 3015 209 3035 ·
261 3015 435 3061 Epulas„
454 3015 504 3058 V,
525 3023 583 3061 14.
1177 3018 1191 3036 ²
1243 3015 1425 3059 Manu..
1448 3014 1516 3057 ΙΙΙ,
1539 3021 1572 3049 2.

159 3125 162 3127 Β
199 3074 214 3095 ³
262 3073 324 3110 Cf.
344 3073 564 3110 Concilium
587 3074 711 3120 Trid.‚
730 3075 838 3111 Sess.
857 3075 924 3119 Vl,
946 3077 1003 3110 De
1012 3073 1318 3121 justificatione,
1337 3084 1420 3119 cap.
1443 3073 1509 3107 VI.
