2098 3470
274 257 346 294 710
747 250 902 287 PATms
926 251 1168 287 Hlssnonvm
1196 250 1346 286 NADAL

228 349 434 393 lectualis
456 349 502 392 in
524 350 701 407 spiritu,
728 358 823 394 tum
845 366 1007 396 sensus
1024 351 1190 395 interni
1208 351 1253 394 in
1272 353 1429 396 eodem
1447 351 1623 408 spiritu.
1645 353 1736 396 Sed
1755 362 1862 396 tunc

227 431 314 472 222
340 434 410 471 est
438 426 513 470 hic
541 429 674 470 homo
702 430 948 484 perfectus,
981 428 1055 471 vbi
1084 427 1195 471 nihil
1224 428 1484 472 inferiorem
1514 428 1759 482 hominem,
1785 430 1861 485 qui

229 518 334 547 caro
366 511 450 556 est,
486 504 706 560 sequitur,
745 513 791 548 et
826 507 939 549 haec
976 505 1188 551 inferiora
1226 504 1338 547 nihil
1375 505 1698 558 interturbant;
1739 507 1862 560 quod

230 595 380 623 rarum
403 588 472 625 est
494 580 541 623 in
562 582 647 624 hac
668 581 953 626 mortalitate.
981 583 1177 626 Sensum
1201 583 1361 625 harum
1387 596 1537 626 rerum
1559 583 1684 625 hunc
1706 583 1864 626 habuit

230 657 428 714 quidam:
449 657 686 701 videbatur
703 658 855 702 videre
873 659 1066 701 animam
1088 659 1330 701 creandam
1349 673 1374 701 a
1386 660 1503 711 Deo,
1515 665 1563 700 vt
1581 657 1866 702 innocentiae

230 741 353 777 statu
383 736 530 779 fuerat
555 743 723 788 creata,
753 735 1051 791 splendidam,
1086 734 1241 778 diuina
1274 735 1467 790 quadarn
1505 735 1608 779 luce
1645 749 1699 778 ac
1736 736 1868 779 donis

231 811 514 855 naturalibus
544 811 780 865 illustrem,
816 819 912 854 tum
941 811 1150 868 immergi
1177 826 1229 855 ac
1260 812 1560 855 contaminari
1587 819 1632 856 et
1663 812 1866 868 colligari

232 890 316 931 hac
349 887 643 945 corruptione
673 888 835 932 carnis.
873 888 994 931 Hinc
1028 888 1103 931 vbi
1135 889 1368 933 contendit
1401 890 1458 932 ad
1490 889 1611 932 illam
1644 890 1789 934 lucem
1824 897 1868 933 et

232 964 504 1017 libertatem,
527 965 615 1008 Dei
636 965 783 1022 gratia
804 965 850 1008 in
873 967 992 1021 Xpo.
1019 966 1085 1018 fit,
1112 973 1159 1008 vt
1181 965 1484 1008 constituatur
1506 967 1642 1009 homo
1665 965 1865 1017 interior,

234 1041 311 1097 qui
333 1043 462 1093 solus
480 1042 538 1086 sit
562 1050 707 1085 totum
730 1043 956 1086 hominem
978 1043 1334 1099 gubernaturus.
1356 1043 1445 1085 Hic
1468 1057 1576 1087 vero
1599 1043 1795 1086 sentitur
1824 1043 1870 1086 in

235 1121 339 1164 luce
356 1121 551 1176 quadam
569 1119 753 1176 spiritus
770 1128 814 1164 et
832 1135 986 1174 sensu,
999 1119 1128 1175 quasi
1145 1119 1380 1164 Christum
1399 1120 1641 1163 induamus
1659 1127 1755 1163 tota
1771 1120 1871 1163 ani-

238 1211 311 1239 ma
333 1204 379 1240 et
401 1211 589 1252 corpore
612 1204 723 1249 toto,
743 1196 1047 1251 virtutemque
1069 1197 1210 1253 ipsius
1233 1197 1355 1239 omni
1377 1211 1435 1241 ex
1453 1205 1578 1253 parte
1600 1196 1865 1241 sentiamus.

325 1273 594 1325 Renouatio,
625 1274 754 1329 quasi
782 1286 903 1316 nunc
932 1272 1125 1328 primum
1159 1272 1203 1315 in
1236 1273 1509 1317 Societatem
1547 1273 1784 1329 reciperer,
1825 1280 1874 1317 et*

235 1365 398 1395 sensus
420 1365 615 1407 magnus
637 1350 888 1394 vocationis
909 1365 961 1394 ac
989 1350 1184 1393 instituti
1212 1358 1256 1394 et
1286 1350 1405 1394 vitae
1435 1350 1580 1393 Patris
1609 1349 1790 1406 Ignatii,
1825 1349 1872 1392 in

237 1427 448 1470 omnibus
470 1427 590 1472 vitae
612 1427 732 1470 illius
753 1432 838 1474 223
859 1427 1130 1480 actionibus,
1163 1427 1274 1469 nihil
1304 1427 1594 1480 inueniendo‚
1626 1427 1746 1470 vnde
1780 1441 1868 1469 non

236 1505 463 1561 possimus
484 1506 741 1561 exemplum
764 1506 1010 1549 vehemens
1032 1511 1217 1548 sanctae
1239 1504 1502 1547 imitationis
1524 1503 1792 1560 colligere...

327 1581 560 1625 Inuocatio
582 1581 831 1634 Trinitatis,
863 1580 938 1624 vbi
964 1581 1157 1637 primum
1187 1597 1212 1625 e
1241 1581 1362 1625 lecto
1391 1580 1682 1643 egurgimus,
1704 1580 1875 1626 beatis-

235 1658 376 1702 simae
411 1658 642 1715 Virginis„
672 1658 919 1711 Michaelis,
954 1658 1143 1715 Joannis
1182 1658 1428 1714 Baptistae,
1471 1658 1593 1701 Petri
1631 1666 1676 1702 et
1710 1657 1870 1710 Pauli,

238 1735 500 1792 archangeli
528 1735 846 1792 gubernatoris
879 1735 1133 1787 Societatis,
1171 1735 1318 1791 angeli
1353 1735 1573 1788 custodis,
1607 1744 1652 1779 et
1686 1733 1873 1792 Ignatii,

239 1812 442 1856 omnium
463 1820 740 1866 sanctorum,
765 1820 810 1855 et
832 1813 1116 1868 angelorum.
1614 1864 1619 1869 ⁵

327 1895 416 1937 224
452 1892 522 1933 De
563 1889 1085 1947 profundis.—Exurgat
1128 1891 1530 1945 Deus—Magnus
1572 1889 1877 1933 Dominus.—

241 1968 385 2020 Deus,
400 1967 478 2022 qui
501 1982 599 2010 nos.

330 2044 507 2088 Orabat
524 2043 707 2100 quidam
729 2043 774 2085 in
792 2043 1108 2087 communione
1126 2043 1289 2087 missae
1307 2043 1556 2095 Christum,
1577 2051 1626 2085 vt
1643 2041 1875 2099 gratifica-

241 2128 365 2165 retur
387 2120 473 2164 sibi
494 2120 789 2170 imitationem
815 2120 962 2163 Patris
980 2120 1157 2177 Ignatii,
1180 2120 1327 2163 Patris
1344 2120 1495 2172 Fabri,
1518 2119 1666 2163 Patris
1685 2119 1873 2172 Xauier;

239 2198 366 2241 visus
387 2205 457 2243 est
477 2197 666 2241 interius
688 2197 844 2240 audire
867 2199 1034 2253 Xpum.
1053 2198 1124 2240 sui
1141 2198 1390 2242 concedere
1407 2196 1724 2240 imitationem:
1746 2195 1877 2238 intel-

240 2275 348 2319 lexit
369 2288 478 2318 vero
504 2274 626 2318 «sui»
651 2274 786 2318 etiam
812 2274 858 2316 in
881 2289 946 2326 se,
973 2289 1064 2318 non
1087 2275 1233 2317 solum
1257 2274 1303 2316 in
1326 2274 1413 2316 illis
1439 2273 1668 2317 Patribus.

330 2353 475 2396 Multa
495 2351 636 2396 sensit
665 2351 849 2407 quidam
879 2352 926 2395 in
956 2351 1346 2394 confirmationem
1377 2350 1634 2402 Societatis,
1660 2365 1714 2394 eo
1744 2365 1878 2406 prae-

244 2429 398 2472 sertim
427 2438 644 2485 tempore‚
676 2443 766 2483 quo
797 2429 968 2471 Paulus
996 2442 1025 2482 4
1053 2428 1247 2472 iusserat
1274 2427 1490 2471 exhibere
1513 2425 1731 2470 cardinali
1763 2428 1877 2470 Tra-

245 2505 375 2552 nensi
392 2514 438 2548 et
454 2507 686 2549 Reomano
702 2513 856 2548 nostra
873 2505 1093 2561 rescripta
1109 2505 1276 2558 omnia,
1291 2512 1426 2559 atque
1445 2503 1810 2556 constitutiones3
1831 2509 1879 2547 et

245 2584 338 2626 duo
357 2582 403 2626 in
427 2582 597 2639 primis:
623 2590 671 2624 vt
693 2597 750 2626 ne
772 2581 1007 2624 minimum
1032 2581 1214 2637 quidem
1238 2582 1294 2625 de
1316 2581 1524 2624 instituto
1546 2582 1619 2624 vel
1648 2580 1877 2624 dubitaret

228 2661 321 2703 .vel
343 2659 537 2712 timeret3
563 2666 608 2703 et
629 2659 751 2714 quod
772 2658 938 2710 omnia,
965 2673 1083 2713 quae
1106 2665 1263 2712 ageret
1285 2673 1489 2701 summus
1511 2657 1733 2713 pontifex,
1758 2663 1878 2700 esset

247 2736 355 2779 boni
377 2736 668 2779 consulturus
690 2742 735 2778 et
756 2736 922 2778 deuote
944 2743 1233 2791 accepturus;
1259 2735 1339 2779 sed
1369 2741 1519 2778 tamen
1548 2741 1593 2777 et
1625 2732 1878 2790 diligentis-

249 2812 363 2856 sime
385 2820 431 2858 et
452 2817 536 2861 225
559 2798 792 2856 verissime
808 2826 908 2856 esse
925 2813 1195 2865 curandum,
1215 2819 1265 2855 vt
1281 2811 1516 2856 veritatem
1534 2810 1731 2854 instituti
1747 2808 1878 2853 intel-

248 2890 363 2947 ligat
385 2904 558 2946 papa...

338 2968 374 3010 F
377 2966 603 3010 ortissima
623 2981 762 3010 causa
783 2965 1065 3009 contritionis
1082 2967 1254 3008 offensa
1271 2965 1372 3008 Dei:
1394 2973 1488 3008 tum
1507 2965 1627 3020 quod
1650 2967 1780 3007 Deus
1796 2977 1879 3020 pro

251 3043 450 3099 peccatis
472 3043 530 3088 sit
552 3049 773 3087 mortuus.
