2098 3470
523 269 798 305 Monmnzuu
823 273 1079 304 Pnovmcmss
1104 265 1396 302 FLAnnmAiz-
1401 273 1447 311 57
1710 263 1780 310 347

192 368 508 414 commentarii
530 382 795 413 communes
815 367 862 411 in
883 365 1212 424 philosophiam
1243 373 1289 410 et
1326 365 1622 410 humaniores
1653 365 1823 418 literas,

193 454 241 492 et
263 460 531 490 communes
558 446 769 489 doctores
791 443 993 502 theologi
1020 441 1279 488 scholastici
1300 451 1334 496 ²,
1359 443 1440 487 sed
1462 442 1597 487 etiam
1627 443 1826 500 glossam

193 522 469 567 ordinariam
493 530 730 579 reponant,
755 524 814 566 D.
839 520 1134 578 Gregorium,
1154 521 1215 566 D.
1235 519 1518 566 Bernardum
1537 527 1583 562 et
1605 520 1641 563 si
1660 519 1737 575 qui
1754 519 1829 562 alii

194 599 488 652 videbuntur,
521 614 615 643 non
651 600 765 642 adeo
802 597 949 651 multi,
979 597 1058 654 ‘qui
1094 597 1208 641 nihil
1245 597 1444 642 habeant
1475 596 1724 640 admixtum
1756 597 1830 641 vel

195 677 389 729 Erasini,
420 677 494 720 uel
521 675 721 733 suspecti
749 675 936 728 autoris;
975 674 1037 718 ita
1075 673 1366 732 paucioribus
1401 673 1486 717 erit
1523 673 1829 717 necessarium

194 760 351 810 patere
382 753 598 798 maiorem
635 752 974 796 bibliothecam.
1008 752 1057 795 Id
1088 751 1173 795 erit
1211 750 1430 794 iudicium
1464 750 1612 794 Patris
1644 749 1829 806 provin-

196 829 334 873 tialis.

283 907 332 952 Si
354 922 468 964 quas
489 908 676 964 regulas
697 908 912 960 habeant,
936 920 1050 961 quas
1073 919 1166 964 non
1191 904 1400 949 refecerit
1424 905 1562 948 Pater
1584 903 1828 960 generalis,

195 985 285 1028 illis
306 999 398 1028 non
420 991 621 1036 vtentur,
647 985 728 1028 sed
749 983 896 1026 nouis.
980 1029 983 1030 ⁷

285 1060 468 1117 Quibus
490 1060 632 1118 possit
653 1059 842 1103 concedi
863 1060 1058 1103 facultas
1084 1058 1269 1116 legendi
1296 1058 1436 1102 libros
1463 1057 1735 1110 haereticos,
1761 1057 1830 1099 iu-

196 1137 370 1182 dicabit
391 1145 437 1182 et
460 1137 596 1181 faciet
626 1139 762 1181 Pater
799 1123 1083 1193 prouintialis
1109 1151 1166 1180 ex
1193 1135 1410 1180 facultate
1447 1149 1584 1191 quam
1612 1135 1767 1187 habet,
1793 1134 1830 1177 si

193 1229 332 1271 quam
361 1215 518 1258 habet.

286 1292 351 1335 Vt
372 1299 442 1336 est
464 1291 707 1336 Societatis
735 1291 1038 1346 consuetudo,
1064 1306 1091 1334 a
1118 1290 1308 1348 prandio
1330 1297 1376 1334 et
1406 1304 1431 1333 a
1458 1303 1601 1337 coena
1632 1290 1831 1332 habeant

198 1368 524 1414 recreationem
541 1382 699 1411 omnes
723 1369 882 1412 Patres
902 1374 949 1412 et
970 1368 1132 1412 fratres
1153 1367 1312 1412 eodem
1334 1367 1452 1410 loco.

283 1445 388 1488 Non
409 1444 590 1488 videtur
610 1446 871 1497 honestum,
890 1451 940 1487 vt
955 1445 1121 1488 habeat
1138 1443 1383 1500 collegium
1400 1442 1628 1500 virginem
1646 1441 1832 1498 emptri-

198 1535 316 1574 cem:
341 1536 491 1566 meum
514 1521 655 1578 igitur
675 1528 744 1565 est
768 1521 1002 1574 iudicium,
1028 1527 1079 1564 ut
1096 1535 1197 1564 eam
1218 1528 1415 1566 mutent.
1447 1520 1587 1576 Quod
1609 1519 1647 1562 si
1674 1518 1831 1562 videa-

195 1605 271 1642 tur
291 1606 534 1655 propterea
555 1598 736 1655 grauari
760 1597 1022 1654 collegium,
1043 1599 1167 1654 quod
1187 1612 1241 1641 ea
1269 1598 1328 1642 sit
1355 1596 1496 1651 vtilis,
1520 1604 1631 1650 ete.,
1662 1610 1832 1639 consu-

195 1675 293 1720 lant
316 1677 499 1719 Patrem
527 1675 805 1732 generalem,
830 1682 878 1718 et
901 1682 1063 1732 petant
1091 1676 1148 1719 ab
1170 1689 1243 1728 eo,
1268 1682 1318 1718 vt
1341 1674 1476 1720 liceat
1507 1688 1607 1718 eam
1642 1674 1828 1717 habere.

286 1752 460 1796 Poterit
482 1752 639 1809 reponi
660 1752 734 1795 die
753 1753 874 1808 jouis
896 1759 1055 1796 sancto
1076 1752 1122 1795 in
1145 1753 1327 1805 sacello,
1353 1751 1737 1809 quemadmodum
1755 1764 1833 1793 so-

195 1829 258 1874 let
280 1829 378 1872 fieri
400 1828 447 1872 in
469 1829 689 1882 ecclesiis,
710 1837 756 1874 et
774 1830 944 1873 facturn
962 1838 1031 1874 est
1049 1828 1301 1884 Colloniae,
1321 1828 1659 1873 sanctissimum
1678 1842 1832 1871 sacra-

192 1913 415 1959 mentum;
440 1914 487 1951 et
508 1907 565 1949 ab
597 1908 726 1960 hora,
757 1921 848 1963 qua
885 1906 1136 1963 repositum
1173 1905 1276 1959 erit,
1308 1920 1453 1963 vsque
1486 1905 1533 1949 in
1560 1913 1828 1961 sequentem

191 1982 312 2026 diem
333 1989 379 2028 et
399 1984 575 2037 horam,
601 1997 691 2039 qua
714 1983 821 2026 ferri
842 1984 960 2026 solet
983 1983 1038 2026 ad
1062 1983 1327 2036 sacrarium,
1352 1982 1447 2026 bini
1465 1997 1522 2026 ex
1546 1982 1762 2026 Patribus
1786 1990 1834 2025 et

194 2058 410 2103 fratribus
430 2059 626 2116 singulis
661 2059 787 2103 horis
816 2059 992 2103 diurnis
1028 2068 1074 2104 et
1113 2059 1349 2103 nocturnis
1371 2059 1599 2103 submissa
1628 2074 1741 2104 voce
1763 2058 1834 2101 di—

191 2143 297 2179 cent
318 2136 583 2193 psalterium
605 2135 910 2189 continenter,
935 2144 997 2190 et,
1018 2137 1228 2181 absoluta
1249 2137 1380 2189 hora,
1406 2152 1462 2182 ex
1479 2136 1675 2193 singulis
1698 2136 1833 2179 bina-

194 2212 287 2266 riis,
319 2227 438 2256 vnus
465 2213 672 2257 recitabit
700 2214 821 2257 illam
851 2214 1118 2259 orationem:
1154 2213 1374 2270 «Respice
1412 2227 1707 2269 quaesumus,
1734 2215 1832 2256 Do-

192 2288 338 2335 mine»
363 2298 452 2333 etc,
480 2291 629 2335 Pedes
652 2299 802 2334 tamen
825 2305 917 2334 non
938 2292 1152 2336 lauentur
1174 2291 1434 2344 duodecim,
1464 2298 1574 2345 ete.,
1606 2290 1713 2346 quia
1738 2305 1828 2333 non

192 2373 264 2410 est
283 2367 406 2423 apud
426 2381 511 2410 nos
534 2367 687 2411 moris.

282 2444 406 2487 Ante
426 2443 628 2488 Vltimam
651 2446 812 2489 horam
836 2445 1253 2499 antemeridianam,
1273 2460 1409 2502 quam
1428 2453 1535 2489 eant
1558 2446 1614 2488 ad
1633 2445 1828 2496 scholas,

189 2519 448 2564 examinent
469 2521 771 2566 conscientias
800 2537 908 2566 suas
939 2523 1218 2577 scholastici,
1244 2539 1351 2568 nam
1378 2532 1480 2581 post
1513 2523 1632 2565 illam
1669 2521 1831 2565 lectio-

189 2610 294 2640 nem
321 2611 413 2640 non
441 2605 650 2654 possunt,
676 2612 781 2642 cum
809 2600 960 2644 statim
992 2601 1238 2645 redeuntes
1268 2602 1467 2646 debeant
1497 2613 1681 2643 mensae
1715 2597 1829 2640 assi-

191 2673 317 2718 dere.

277 2750 328 2795 Si
347 2750 503 2795 haberi
525 2752 670 2807 possit
692 2759 820 2796 extra
841 2753 1075 2798 ciuitatem
1093 2755 1258 2798 domus
1276 2769 1381 2797 cum
1399 2755 1533 2796 horto
1552 2753 1623 2796 vel
1642 2765 1825 2806 campo,

191 2826 270 2869 vbi
290 2835 478 2883 possent
498 2829 691 2873 recreari
713 2830 873 2884 nostri,
898 2838 944 2873 et
963 2832 1131 2875 habere
1154 2832 1338 2874 domum
1362 2837 1565 2886 paratam
1595 2843 1676 2884 pro
1712 2835 1831 2870 tem-

185 2916 296 2958 pore
317 2903 475 2958 pestis,
501 2918 636 2959 quam
665 2905 891 2950 Dominus
928 2914 1120 2959 auertat,
1146 2908 1234 2950 hoc
1263 2906 1441 2950 curabit
1469 2903 1757 2961 prouintialis
1784 2910 1830 2947 et

261 3075 280 3092 ²
303 3115 306 3117 -
329 3065 411 3101 Sic.
436 3065 561 3102 Casus
579 3073 708 3103 autem
728 3067 960 3104 nominativi
979 3068 1019 3104 in
1036 3069 1303 3105 accusativum
1323 3068 1487 3104 transire
1505 3067 1666 3102 debent.
