<?xml version="1.0" encoding="UTF-8"?>
<!DOCTYPE html PUBLIC "-//W3C//DTD XHTML 1.0 Transitional//EN"
    "http://www.w3.org/TR/xhtml1/DTD/xhtml1-transitional.dtd">
<html xmlns="http://www.w3.org/1999/xhtml" xml:lang="en" lang="en">
 <head>
  <title>
</title>
<meta http-equiv="Content-Type" content="text/html;charset=utf-8" />
  <meta name='ocr-system' content='tesseract 3.04.00' />
  <meta name='ocr-capabilities' content='ocr_page ocr_carea ocr_par ocr_line ocrx_word'/>
</head>
<body>
  <div class='ocr_page' id='page_1' title='image "./epistolaephieron04nadauoft_0840.png"; bbox 0 0 2098 3470; ppageno 0'>
   <div class='ocr_carea' id='block_1_1' title="bbox 337 245 1302 290">
    <p class='ocr_par' dir='ltr' id='par_1_1' title="bbox 337 245 1302 290">
     <span class='ocr_line' id='line_1_1' title="bbox 337 245 1302 290; baseline 0.005 -10"><span class='ocrx_word' id='word_1_1' title='bbox 337 245 407 290; x_wconf 86' lang='lat'><strong>814</strong></span> <span class='ocrx_word' id='word_1_2' title='bbox 913 250 1050 285; x_wconf 76' lang='lat' dir='ltr'><strong>Emsr.</strong></span> <span class='ocrx_word' id='word_1_3' title='bbox 1079 249 1122 284; x_wconf 91' lang='lat' dir='ltr'><strong>P.</strong></span> <span class='ocrx_word' id='word_1_4' title='bbox 1152 249 1302 285; x_wconf 71' lang='lat' dir='ltr'><strong>NADAL</strong></span> 
     </span>
    </p>
   </div>
   <div class='ocr_carea' id='block_1_2' title="bbox 785 387 1425 500">
    <p class='ocr_par' dir='ltr' id='par_1_2' title="bbox 785 387 1425 500">
     <span class='ocr_line' id='line_1_2' title="bbox 1069 387 1148 429; baseline 0 0"><span class='ocrx_word' id='word_1_5' title='bbox 1069 387 1148 429; x_wconf 71' lang='lat'><strong>22</strong></span> 
     </span>
     <span class='ocr_line' id='line_1_3' title="bbox 785 462 1425 500; baseline -0.002 -1"><span class='ocrx_word' id='word_1_6' title='bbox 785 463 834 499; x_wconf 87' lang='lat' dir='ltr'><strong>D.</strong></span> <span class='ocrx_word' id='word_1_7' title='bbox 866 462 1154 499; x_wconf 86' lang='lat' dir='ltr'>GERARDUS</span> <span class='ocrx_word' id='word_1_8' title='bbox 1184 462 1425 500; x_wconf 87' lang='lat' dir='ltr'>BUSAEUS</span> 
     </span>
    </p>
   </div>
   <div class='ocr_carea' id='block_1_3' title="bbox 603 537 1609 585">
    <p class='ocr_par' dir='ltr' id='par_1_3' title="bbox 603 537 1609 585">
     <span class='ocr_line' id='line_1_4' title="bbox 603 537 1609 585; baseline 0.004 -4"><span class='ocrx_word' id='word_1_9' title='bbox 603 537 820 583; x_wconf 88' lang='lat' dir='ltr'><strong>PATRI</strong></span> <span class='ocrx_word' id='word_1_10' title='bbox 858 541 1298 584; x_wconf 83' lang='lat' dir='ltr'>HIERONYMO</span> <span class='ocrx_word' id='word_1_11' title='bbox 1339 542 1609 585; x_wconf 90' lang='lat' dir='ltr'>NATALI</span> 
     </span>
    </p>
   </div>
   <div class='ocr_carea' id='block_1_4' title="bbox 761 635 1443 680">
    <p class='ocr_par' dir='ltr' id='par_1_4' title="bbox 761 635 1443 680">
     <span class='ocr_line' id='line_1_5' title="bbox 761 635 1443 680; baseline 0 -10"><span class='ocrx_word' id='word_1_12' title='bbox 761 643 963 679; x_wconf 73' lang='lat' dir='ltr'><strong>XANTms,</strong></span> <span class='ocrx_word' id='word_1_13' title='bbox 984 644 1006 677; x_wconf 85' lang='lat'>9</span> <span class='ocrx_word' id='word_1_14' title='bbox 1025 643 1285 670; x_wconf 76' lang='lat' dir='ltr'><strong>SEPTEMBRls</strong></span> <span class='ocrx_word' id='word_1_15' title='bbox 1309 643 1397 680; x_wconf 83' lang='lat'>1572</span> <span class='ocrx_word' id='word_1_16' title='bbox 1419 635 1443 670; x_wconf 89' lang='lat'><strong>¹.</strong></span> 
     </span>
    </p>
   </div>
   <div class='ocr_carea' id='block_1_5' title="bbox 667 717 1532 764">
    <p class='ocr_par' dir='ltr' id='par_1_5' title="bbox 667 717 1532 764">
     <span class='ocr_line' id='line_1_6' title="bbox 667 717 1532 764; baseline 0.002 -12"><span class='ocrx_word' id='word_1_17' title='bbox 667 717 725 752; x_wconf 84' lang='lat' dir='ltr'><strong>De</strong></span> <span class='ocrx_word' id='word_1_18' title='bbox 749 717 793 755; x_wconf 86' lang='grc' dir='ltr'><strong>Ρ,</strong></span> <span class='ocrx_word' id='word_1_19' title='bbox 815 718 1026 752; x_wconf 76' lang='lat' dir='ltr'><strong>Xantheno</strong></span> <span class='ocrx_word' id='word_1_20' title='bbox 1046 717 1292 764; x_wconf 77' lang='lat' dir='ltr'><strong>Noviomagi</strong></span> <span class='ocrx_word' id='word_1_21' title='bbox 1310 719 1532 754; x_wconf 77' lang='lat' dir='ltr'><strong>retinendo.</strong></span> 
     </span>
    </p>
   </div>
   <div class='ocr_carea' id='block_1_6' title="bbox 1095 800 1125 858">
    <p class='ocr_par' dir='ltr' id='par_1_6' title="bbox 1095 800 1125 858">
     <span class='ocr_line' id='line_1_7' title="bbox 1095 800 1125 858; baseline 0 -34"><span class='ocrx_word' id='word_1_22' title='bbox 1095 800 1125 858; x_wconf 46' lang='lat'><strong>,2</strong></span> 
     </span>
    </p>
   </div>
   <div class='ocr_carea' id='block_1_7' title="bbox 281 893 1920 1951">
    <p class='ocr_par' dir='ltr' id='par_1_7' title="bbox 281 893 1920 1951">
     <span class='ocr_line' id='line_1_8' title="bbox 378 893 1919 953; baseline 0.003 -16"><span class='ocrx_word' id='word_1_23' title='bbox 378 894 473 937; x_wconf 88' lang='lat' dir='ltr'><strong>Pax</strong></span> <span class='ocrx_word' id='word_1_24' title='bbox 497 893 683 937; x_wconf 86' lang='lat' dir='ltr'><strong>Christi.</strong></span> <span class='ocrx_word' id='word_1_25' title='bbox 705 895 816 939; x_wconf 90' lang='lat' dir='ltr'><strong>Rde.</strong></span> <span class='ocrx_word' id='word_1_26' title='bbox 847 897 995 938; x_wconf 86' lang='lat' dir='ltr'><strong>Pater.</strong></span> <span class='ocrx_word' id='word_1_27' title='bbox 1020 895 1115 937; x_wconf 87' lang='lat' dir='ltr'><strong>Etsi</strong></span> <span class='ocrx_word' id='word_1_28' title='bbox 1133 896 1248 940; x_wconf 89' lang='lat' dir='ltr'><strong>facie</strong></span> <span class='ocrx_word' id='word_1_29' title='bbox 1265 905 1310 940; x_wconf 90' lang='lat' dir='ltr'><strong>et</strong></span> <span class='ocrx_word' id='word_1_30' title='bbox 1327 896 1510 940; x_wconf 90' lang='lat' dir='ltr'><strong>nomine</strong></span> <span class='ocrx_word' id='word_1_31' title='bbox 1527 896 1713 953; x_wconf 85' lang='lat' dir='ltr'><strong>ignotus</strong></span> <span class='ocrx_word' id='word_1_32' title='bbox 1730 897 1830 951; x_wconf 91' lang='lat' dir='ltr'><strong>sim,</strong></span> <span class='ocrx_word' id='word_1_33' title='bbox 1851 906 1919 942; x_wconf 90' lang='lat' dir='ltr'><strong>ta—</strong></span> 
     </span>
     <span class='ocr_line' id='line_1_9' title="bbox 287 968 1918 1028; baseline 0.004 -16"><span class='ocrx_word' id='word_1_34' title='bbox 287 984 390 1013; x_wconf 91' lang='lat' dir='ltr'><strong>men</strong></span> <span class='ocrx_word' id='word_1_35' title='bbox 413 968 616 1014; x_wconf 71' lang='lat' dir='ltr'><strong>familiae</strong></span> <span class='ocrx_word' id='word_1_36' title='bbox 644 985 807 1014; x_wconf 89' lang='lat' dir='ltr'><strong>nomen</strong></span> <span class='ocrx_word' id='word_1_37' title='bbox 846 971 1038 1014; x_wconf 83' lang='lat' dir='ltr'>arbitror</span> <span class='ocrx_word' id='word_1_38' title='bbox 1071 973 1126 1014; x_wconf 93' lang='lat' dir='ltr'><strong>T.</strong></span> <span class='ocrx_word' id='word_1_39' title='bbox 1171 974 1224 1017; x_wconf 83' lang='lat' dir='ltr'><strong>R.</strong></span> <span class='ocrx_word' id='word_1_40' title='bbox 1257 987 1348 1015; x_wconf 90' lang='lat' dir='ltr'><strong>non</strong></span> <span class='ocrx_word' id='word_1_41' title='bbox 1385 973 1540 1017; x_wconf 86' lang='lat' dir='ltr'><strong>latere.</strong></span> <span class='ocrx_word' id='word_1_42' title='bbox 1568 975 1774 1017; x_wconf 89' lang='lat' dir='ltr'><strong>Busaeus</strong></span> <span class='ocrx_word' id='word_1_43' title='bbox 1801 989 1918 1028; x_wconf 86' lang='lat' dir='ltr'><strong>sum,</strong></span> 
     </span>
     <span class='ocr_line' id='line_1_10' title="bbox 285 1048 1919 1107; baseline 0.002 -17"><span class='ocrx_word' id='word_1_44' title='bbox 285 1061 532 1104; x_wconf 84' lang='lat' dir='ltr'><strong>germanus</strong></span> <span class='ocrx_word' id='word_1_45' title='bbox 550 1048 689 1092; x_wconf 85' lang='lat' dir='ltr'><strong>frater</strong></span> <span class='ocrx_word' id='word_1_46' title='bbox 706 1050 762 1092; x_wconf 92' lang='lat' dir='ltr'><strong>D.</strong></span> <span class='ocrx_word' id='word_1_47' title='bbox 789 1049 910 1093; x_wconf 83' lang='lat' dir='ltr'><strong>Petri</strong></span> <span class='ocrx_word' id='word_1_48' title='bbox 930 1049 1111 1099; x_wconf 85' lang='lat' dir='ltr'><strong>Busaei,</strong></span> <span class='ocrx_word' id='word_1_49' title='bbox 1124 1049 1244 1104; x_wconf 91' lang='lat' dir='ltr'><strong>apud</strong></span> <span class='ocrx_word' id='word_1_50' title='bbox 1263 1049 1535 1094; x_wconf 80' lang='lat' dir='ltr'><strong>viennenses</strong></span> <span class='ocrx_word' id='word_1_51' title='bbox 1551 1050 1806 1107; x_wconf 82' lang='lat' dir='ltr'><strong>theologiae</strong></span> <span class='ocrx_word' id='word_1_52' title='bbox 1817 1066 1919 1107; x_wconf 90' lang='lat' dir='ltr'><strong>pro-</strong></span> 
     </span>
     <span class='ocr_line' id='line_1_11' title="bbox 286 1123 1918 1183; baseline 0.001 -15"><span class='ocrx_word' id='word_1_53' title='bbox 286 1123 484 1177; x_wconf 88' lang='lat' dir='ltr'><strong>fessoris,</strong></span> <span class='ocrx_word' id='word_1_54' title='bbox 509 1131 556 1167; x_wconf 90' lang='lat' dir='ltr'><strong>et</strong></span> <span class='ocrx_word' id='word_1_55' title='bbox 578 1126 642 1170; x_wconf 87' lang='lat' dir='ltr'><strong>M.</strong></span> <span class='ocrx_word' id='word_1_56' title='bbox 659 1126 850 1183; x_wconf 90' lang='lat' dir='ltr'><strong>Joannis</strong></span> <span class='ocrx_word' id='word_1_57' title='bbox 874 1125 1038 1168; x_wconf 86' lang='lat' dir='ltr'><strong>Busaei</strong></span> <span class='ocrx_word' id='word_1_58' title='bbox 1060 1126 1094 1177; x_wconf 76' lang='lat'><strong>³,</strong></span> <span class='ocrx_word' id='word_1_59' title='bbox 1120 1126 1196 1180; x_wconf 89' lang='lat' dir='ltr'><strong>qui</strong></span> <span class='ocrx_word' id='word_1_60' title='bbox 1220 1125 1424 1181; x_wconf 87' lang='lat' dir='ltr'><strong>proximo</strong></span> <span class='ocrx_word' id='word_1_61' title='bbox 1454 1127 1701 1170; x_wconf 90' lang='lat' dir='ltr'><strong>Nouembri</strong></span> <span class='ocrx_word' id='word_1_62' title='bbox 1731 1129 1918 1172; x_wconf 86' lang='lat' dir='ltr'>Romam</span> 
     </span>
     <span class='ocr_line' id='line_1_12' title="bbox 285 1201 1916 1258; baseline 0.002 -14"><span class='ocrx_word' id='word_1_63' title='bbox 285 1201 466 1254; x_wconf 87' lang='lat' dir='ltr'><strong>missus,</strong></span> <span class='ocrx_word' id='word_1_64' title='bbox 491 1201 536 1244; x_wconf 92' lang='lat' dir='ltr'><strong>in</strong></span> <span class='ocrx_word' id='word_1_65' title='bbox 559 1202 752 1258; x_wconf 83' lang='lat' dir='ltr'><strong>collegio</strong></span> <span class='ocrx_word' id='word_1_66' title='bbox 775 1210 976 1245; x_wconf 90' lang='lat' dir='ltr'><strong>moratur</strong></span> <span class='ocrx_word' id='word_1_67' title='bbox 997 1202 1276 1258; x_wconf 83' lang='lat' dir='ltr'><strong>germanico.</strong></span> <span class='ocrx_word' id='word_1_68' title='bbox 1302 1203 1518 1247; x_wconf 88' lang='lat' dir='ltr'><strong>Societati</strong></span> <span class='ocrx_word' id='word_1_69' title='bbox 1542 1218 1614 1248; x_wconf 89' lang='lat' dir='ltr'><strong>me</strong></span> <span class='ocrx_word' id='word_1_70' title='bbox 1636 1218 1726 1246; x_wconf 90' lang='lat' dir='ltr'><strong>non</strong></span> <span class='ocrx_word' id='word_1_71' title='bbox 1749 1204 1916 1256; x_wconf 84' lang='lat' dir='ltr'>addixi,</span> 
     </span>
     <span class='ocr_line' id='line_1_13' title="bbox 285 1279 1919 1337; baseline 0.002 -16"><span class='ocrx_word' id='word_1_72' title='bbox 285 1279 365 1322; x_wconf 91' lang='lat' dir='ltr'><strong>sed</strong></span> <span class='ocrx_word' id='word_1_73' title='bbox 392 1292 496 1321; x_wconf 91' lang='lat' dir='ltr'><strong>cum</strong></span> <span class='ocrx_word' id='word_1_74' title='bbox 520 1287 612 1323; x_wconf 87' lang='lat' dir='ltr'><strong>tres</strong></span> <span class='ocrx_word' id='word_1_75' title='bbox 635 1280 823 1322; x_wconf 87' lang='lat' dir='ltr'>habeam</span> <span class='ocrx_word' id='word_1_76' title='bbox 857 1281 1021 1322; x_wconf 89' lang='lat' dir='ltr'><strong>fratres</strong></span> <span class='ocrx_word' id='word_1_77' title='bbox 1058 1279 1314 1331; x_wconf 89' lang='lat' dir='ltr'><strong>Societatis,</strong></span> <span class='ocrx_word' id='word_1_78' title='bbox 1346 1287 1392 1323; x_wconf 88' lang='lat' dir='ltr'><strong>et</strong></span> <span class='ocrx_word' id='word_1_79' title='bbox 1422 1295 1449 1322; x_wconf 90' lang='lat' dir='ltr'><strong>a</strong></span> <span class='ocrx_word' id='word_1_80' title='bbox 1476 1280 1687 1333; x_wconf 87' lang='lat' dir='ltr'><strong>Canisiis‚</strong></span> <span class='ocrx_word' id='word_1_81' title='bbox 1711 1281 1919 1337; x_wconf 86' lang='lat' dir='ltr'><strong>cognatis</strong></span> 
     </span>
     <span class='ocr_line' id='line_1_14' title="bbox 284 1355 1917 1409; baseline 0.001 -11"><span class='ocrx_word' id='word_1_82' title='bbox 284 1355 412 1408; x_wconf 88' lang='lat' dir='ltr'><strong>meis,</strong></span> <span class='ocrx_word' id='word_1_83' title='bbox 437 1355 547 1399; x_wconf 87' lang='lat' dir='ltr'><strong>viris</strong></span> <span class='ocrx_word' id='word_1_84' title='bbox 574 1355 620 1399; x_wconf 92' lang='lat' dir='ltr'><strong>in</strong></span> <span class='ocrx_word' id='word_1_85' title='bbox 652 1356 901 1400; x_wconf 87' lang='lat' dir='ltr'><strong>Germania</strong></span> <span class='ocrx_word' id='word_1_86' title='bbox 929 1356 1250 1409; x_wconf 79' lang='lat' dir='ltr'><strong>celeberrimis,</strong></span> <span class='ocrx_word' id='word_1_87' title='bbox 1276 1356 1593 1400; x_wconf 88' lang='lat' dir='ltr'><strong>canonicatum</strong></span> <span class='ocrx_word' id='word_1_88' title='bbox 1622 1360 1917 1402; x_wconf 83' lang='lat' dir='ltr'><strong>xanthensem</strong></span> 
     </span>
     <span class='ocr_line' id='line_1_15' title="bbox 283 1432 1913 1489; baseline 0.002 -14"><span class='ocrx_word' id='word_1_89' title='bbox 283 1432 329 1475; x_wconf 90' lang='lat' dir='ltr'><strong>in</strong></span> <span class='ocrx_word' id='word_1_90' title='bbox 352 1432 501 1476; x_wconf 90' lang='lat' dir='ltr'><strong>Cliuia</strong></span> <span class='ocrx_word' id='word_1_91' title='bbox 523 1434 538 1454; x_wconf 79' lang='lat'><strong>³</strong></span> <span class='ocrx_word' id='word_1_92' title='bbox 561 1433 829 1489; x_wconf 87' lang='lat' dir='ltr'><strong>acceperim,</strong></span> <span class='ocrx_word' id='word_1_93' title='bbox 849 1433 896 1476; x_wconf 90' lang='lat' dir='ltr'><strong>in</strong></span> <span class='ocrx_word' id='word_1_94' title='bbox 913 1447 1004 1488; x_wconf 92' lang='lat' dir='ltr'><strong>quo</strong></span> <span class='ocrx_word' id='word_1_95' title='bbox 1021 1448 1105 1489; x_wconf 93' lang='lat' dir='ltr'><strong>pro</strong></span> <span class='ocrx_word' id='word_1_96' title='bbox 1125 1447 1226 1477; x_wconf 85' lang='lat' dir='ltr'><strong>mea</strong></span> <span class='ocrx_word' id='word_1_97' title='bbox 1247 1433 1468 1478; x_wconf 85' lang='lat' dir='ltr'><strong>tenuitate</strong></span> <span class='ocrx_word' id='word_1_98' title='bbox 1491 1436 1589 1478; x_wconf 89' lang='lat' dir='ltr'><strong>Deo</strong></span> <span class='ocrx_word' id='word_1_99' title='bbox 1609 1441 1656 1477; x_wconf 89' lang='lat' dir='ltr'><strong>et</strong></span> <span class='ocrx_word' id='word_1_100' title='bbox 1677 1434 1913 1487; x_wconf 89' lang='lat' dir='ltr'><strong>ecclesiae,</strong></span> 
     </span>
     <span class='ocr_line' id='line_1_16' title="bbox 284 1509 1917 1567; baseline 0.001 -15"><span class='ocrx_word' id='word_1_101' title='bbox 284 1517 379 1553; x_wconf 86' lang='lat' dir='ltr'><strong>turn</strong></span> <span class='ocrx_word' id='word_1_102' title='bbox 401 1509 562 1553; x_wconf 86' lang='lat' dir='ltr'><strong>altaris.</strong></span> <span class='ocrx_word' id='word_1_103' title='bbox 576 1509 841 1562; x_wconf 85' lang='lat' dir='ltr'><strong>ministerio,</strong></span> <span class='ocrx_word' id='word_1_104' title='bbox 867 1517 964 1553; x_wconf 89' lang='lat' dir='ltr'><strong>tum</strong></span> <span class='ocrx_word' id='word_1_105' title='bbox 987 1510 1287 1553; x_wconf 85' lang='lat' dir='ltr'><strong>concionibus</strong></span> <span class='ocrx_word' id='word_1_106' title='bbox 1308 1510 1477 1563; x_wconf 74' lang='lat' dir='ltr'><strong>sex-uio,</strong></span> <span class='ocrx_word' id='word_1_107' title='bbox 1502 1525 1595 1554; x_wconf 92' lang='lat' dir='ltr'><strong>non</strong></span> <span class='ocrx_word' id='word_1_108' title='bbox 1619 1525 1806 1567; x_wconf 84' lang='lat' dir='ltr'><strong>possum</strong></span> <span class='ocrx_word' id='word_1_109' title='bbox 1827 1525 1917 1554; x_wconf 89' lang='lat' dir='ltr'><strong>non</strong></span> 
     </span>
     <span class='ocr_line' id='line_1_17' title="bbox 283 1584 1920 1642; baseline 0 -11"><span class='ocrx_word' id='word_1_110' title='bbox 283 1586 500 1632; x_wconf 87' lang='lat' dir='ltr'><strong>Societati</strong></span> <span class='ocrx_word' id='word_1_111' title='bbox 521 1586 568 1630; x_wconf 91' lang='lat' dir='ltr'><strong>in</strong></span> <span class='ocrx_word' id='word_1_112' title='bbox 605 1587 760 1642; x_wconf 89' lang='lat' dir='ltr'><strong>primis</strong></span> <span class='ocrx_word' id='word_1_113' title='bbox 795 1587 964 1640; x_wconf 88' lang='lat' dir='ltr'><strong>fauere,</strong></span> <span class='ocrx_word' id='word_1_114' title='bbox 996 1594 1042 1629; x_wconf 92' lang='lat' dir='ltr'><strong>et</strong></span> <span class='ocrx_word' id='word_1_115' title='bbox 1071 1587 1248 1642; x_wconf 89' lang='lat' dir='ltr'><strong>quoties</strong></span> <span class='ocrx_word' id='word_1_116' title='bbox 1277 1587 1334 1630; x_wconf 85' lang='lat' dir='ltr'><strong>ad</strong></span> <span class='ocrx_word' id='word_1_117' title='bbox 1362 1601 1434 1630; x_wconf 91' lang='lat' dir='ltr'><strong>me</strong></span> <span class='ocrx_word' id='word_1_118' title='bbox 1461 1587 1731 1630; x_wconf 89' lang='lat' dir='ltr'><strong>diuerterint</strong></span> <span class='ocrx_word' id='word_1_119' title='bbox 1759 1584 1920 1631; x_wconf 84' lang='lat' dir='ltr'><strong>Patres</strong></span> 
     </span>
     <span class='ocr_line' id='line_1_18' title="bbox 282 1664 1918 1720; baseline 0 -14"><span class='ocrx_word' id='word_1_120' title='bbox 282 1670 361 1707; x_wconf 89' lang='lat' dir='ltr'><strong>aut</strong></span> <span class='ocrx_word' id='word_1_121' title='bbox 382 1664 560 1716; x_wconf 86' lang='lat' dir='ltr'><strong>fratres,</strong></span> <span class='ocrx_word' id='word_1_122' title='bbox 581 1664 727 1707; x_wconf 88' lang='lat' dir='ltr'><strong>laetus</strong></span> <span class='ocrx_word' id='word_1_123' title='bbox 744 1678 844 1708; x_wconf 91' lang='lat' dir='ltr'><strong>esse</strong></span> <span class='ocrx_word' id='word_1_124' title='bbox 861 1665 1043 1720; x_wconf 88' lang='lat' dir='ltr'><strong>hospes.</strong></span> <span class='ocrx_word' id='word_1_125' title='bbox 1070 1665 1469 1720; x_wconf 77' lang='lat' dir='ltr'><strong>Quemadmodum</strong></span> <span class='ocrx_word' id='word_1_126' title='bbox 1489 1671 1640 1707; x_wconf 89' lang='lat' dir='ltr'><strong>autem</strong></span> <span class='ocrx_word' id='word_1_127' title='bbox 1658 1665 1918 1708; x_wconf 90' lang='lat' dir='ltr'><strong>consultum</strong></span> 
     </span>
     <span class='ocr_line' id='line_1_19' title="bbox 282 1740 1918 1797; baseline 0.001 -15"><span class='ocrx_word' id='word_1_128' title='bbox 282 1740 415 1786; x_wconf 91' lang='lat' dir='ltr'><strong>velim</strong></span> <span class='ocrx_word' id='word_1_129' title='bbox 439 1740 683 1785; x_wconf 90' lang='lat' dir='ltr'><strong>Societatis</strong></span> <span class='ocrx_word' id='word_1_130' title='bbox 703 1741 931 1795; x_wconf 87' lang='lat' dir='ltr'><strong>Patribus,</strong></span> <span class='ocrx_word' id='word_1_131' title='bbox 957 1742 1018 1784; x_wconf 88' lang='lat' dir='ltr'><strong>ita</strong></span> <span class='ocrx_word' id='word_1_132' title='bbox 1040 1740 1241 1784; x_wconf 89' lang='lat' dir='ltr'><strong>vicissim</strong></span> <span class='ocrx_word' id='word_1_133' title='bbox 1265 1741 1431 1797; x_wconf 87' lang='lat' dir='ltr'><strong>quibus</strong></span> <span class='ocrx_word' id='word_1_134' title='bbox 1453 1755 1638 1797; x_wconf 88' lang='lat' dir='ltr'><strong>possum</strong></span> <span class='ocrx_word' id='word_1_135' title='bbox 1671 1740 1816 1784; x_wconf 91' lang='lat' dir='ltr'><strong>modis</strong></span> <span class='ocrx_word' id='word_1_136' title='bbox 1837 1755 1918 1797; x_wconf 91' lang='lat' dir='ltr'><strong>per</strong></span> 
     </span>
     <span class='ocr_line' id='line_1_20' title="bbox 281 1817 1917 1875; baseline 0.001 -16"><span class='ocrx_word' id='word_1_137' title='bbox 281 1818 381 1861; x_wconf 92' lang='lat' dir='ltr'><strong>illos</strong></span> <span class='ocrx_word' id='word_1_138' title='bbox 403 1817 584 1874; x_wconf 91' lang='lat' dir='ltr'><strong>cupiam</strong></span> <span class='ocrx_word' id='word_1_139' title='bbox 614 1818 871 1861; x_wconf 90' lang='lat' dir='ltr'><strong>consultum</strong></span> <span class='ocrx_word' id='word_1_140' title='bbox 903 1818 1180 1874; x_wconf 90' lang='lat' dir='ltr'><strong>reipublicae</strong></span> <span class='ocrx_word' id='word_1_141' title='bbox 1210 1817 1440 1874; x_wconf 88' lang='lat' dir='ltr'><strong>gelriensi,</strong></span> <span class='ocrx_word' id='word_1_142' title='bbox 1467 1825 1511 1863; x_wconf 90' lang='lat' dir='ltr'><strong>et</strong></span> <span class='ocrx_word' id='word_1_143' title='bbox 1539 1818 1585 1861; x_wconf 93' lang='lat' dir='ltr'><strong>in</strong></span> <span class='ocrx_word' id='word_1_144' title='bbox 1608 1817 1763 1875; x_wconf 89' lang='lat' dir='ltr'><strong>primis</strong></span> <span class='ocrx_word' id='word_1_145' title='bbox 1787 1818 1917 1861; x_wconf 91' lang='lat' dir='ltr'><strong>noui-</strong></span> 
     </span>
     <span class='ocr_line' id='line_1_21' title="bbox 282 1894 1916 1951; baseline -0.001 -13"><span class='ocrx_word' id='word_1_146' title='bbox 282 1894 487 1949; x_wconf 72' lang='lat' dir='ltr'><strong>magensi</strong></span> <span class='ocrx_word' id='word_1_147' title='bbox 509 1902 781 1950; x_wconf 90' lang='lat' dir='ltr'><strong>nostraeque</strong></span> <span class='ocrx_word' id='word_1_148' title='bbox 804 1894 980 1938; x_wconf 89' lang='lat' dir='ltr'><strong>vicinae</strong></span> <span class='ocrx_word' id='word_1_149' title='bbox 1018 1895 1210 1939; x_wconf 90' lang='lat' dir='ltr'><strong>Cliuiae.</strong></span> <span class='ocrx_word' id='word_1_150' title='bbox 1254 1896 1329 1938; x_wconf 90' lang='lat' dir='ltr'><strong>Ad</strong></span> <span class='ocrx_word' id='word_1_151' title='bbox 1366 1910 1500 1950; x_wconf 89' lang='lat' dir='ltr'><strong>quam</strong></span> <span class='ocrx_word' id='word_1_152' title='bbox 1530 1909 1624 1938; x_wconf 90' lang='lat' dir='ltr'><strong>rem</strong></span> <span class='ocrx_word' id='word_1_153' title='bbox 1647 1909 1916 1951; x_wconf 89' lang='lat' dir='ltr'><strong>promouen-</strong></span> 
     </span>
    </p>
   </div>
   <div class='ocr_carea' id='block_1_8' title="bbox 275 2054 1957 2991">
    <p class='ocr_par' dir='ltr' id='par_1_8' title="bbox 275 2054 1957 2873">
     <span class='ocr_line' id='line_1_22' title="bbox 354 2054 1916 2102; baseline -0.001 -11"><span class='ocrx_word' id='word_1_154' title='bbox 354 2057 363 2078; x_wconf 89' lang='lat'><strong>¹</strong></span> <span class='ocrx_word' id='word_1_155' title='bbox 414 2056 474 2091; x_wconf 83' lang='lat' dir='ltr'><strong>Ex</strong></span> <span class='ocrx_word' id='word_1_156' title='bbox 492 2055 720 2101; x_wconf 88' lang='lat' dir='ltr'><strong>archetypo,</strong></span> <span class='ocrx_word' id='word_1_157' title='bbox 740 2054 779 2090; x_wconf 91' lang='lat' dir='ltr'><strong>in</strong></span> <span class='ocrx_word' id='word_1_158' title='bbox 799 2055 938 2092; x_wconf 86' lang='lat' dir='ltr'><strong>Germ.</strong></span> <span class='ocrx_word' id='word_1_159' title='bbox 954 2055 1100 2101; x_wconf 65' lang='lat' dir='ltr'><strong>Epist„</strong></span> <span class='ocrx_word' id='word_1_160' title='bbox 1121 2055 1229 2101; x_wconf 89' lang='lat' dir='ltr'>XIII,</span> <span class='ocrx_word' id='word_1_161' title='bbox 1244 2055 1391 2102; x_wconf 89' lang='lat' dir='ltr'><strong>duplici</strong></span> <span class='ocrx_word' id='word_1_162' title='bbox 1403 2054 1486 2101; x_wconf 89' lang='lat' dir='ltr'><strong>fol.‚</strong></span> <span class='ocrx_word' id='word_1_163' title='bbox 1506 2054 1586 2101; x_wconf 88' lang='lat'>103,</span> <span class='ocrx_word' id='word_1_164' title='bbox 1604 2063 1672 2100; x_wconf 87' lang='lat'><strong>104</strong></span> <span class='ocrx_word' id='word_1_165' title='bbox 1684 2057 1799 2101; x_wconf 85' lang='lat'><strong>(157).</strong></span> <span class='ocrx_word' id='word_1_166' title='bbox 1814 2054 1916 2100; x_wconf 76' lang='lat' dir='ltr'><strong>Qua-</strong></span> 
     </span>
     <span class='ocr_line' id='line_1_23' title="bbox 283 2113 1915 2161; baseline -0.001 -11"><span class='ocrx_word' id='word_1_167' title='bbox 283 2126 371 2150; x_wconf 89' lang='lat' dir='ltr'><strong>nam</strong></span> <span class='ocrx_word' id='word_1_168' title='bbox 389 2115 486 2150; x_wconf 88' lang='lat' dir='ltr'><strong>haec</strong></span> <span class='ocrx_word' id='word_1_169' title='bbox 511 2113 676 2161; x_wconf 89' lang='lat' dir='ltr'><strong>epistola</strong></span> <span class='ocrx_word' id='word_1_170' title='bbox 700 2113 906 2149; x_wconf 85' lang='lat' dir='ltr'><strong>occasione</strong></span> <span class='ocrx_word' id='word_1_171' title='bbox 935 2113 1025 2149; x_wconf 87' lang='lat' dir='ltr'><strong>data</strong></span> <span class='ocrx_word' id='word_1_172' title='bbox 1057 2113 1188 2160; x_wconf 87' lang='lat' dir='ltr'><strong>fuerit,</strong></span> <span class='ocrx_word' id='word_1_173' title='bbox 1218 2115 1332 2160; x_wconf 91' lang='lat' dir='ltr'><strong>plane</strong></span> <span class='ocrx_word' id='word_1_174' title='bbox 1362 2114 1594 2160; x_wconf 88' lang='lat' dir='ltr'><strong>intelligitur</strong></span> <span class='ocrx_word' id='word_1_175' title='bbox 1623 2126 1672 2149; x_wconf 88' lang='lat' dir='ltr'><strong>ex</strong></span> <span class='ocrx_word' id='word_1_176' title='bbox 1690 2114 1752 2158; x_wconf 90' lang='lat' dir='ltr'><strong>iis,</strong></span> <span class='ocrx_word' id='word_1_177' title='bbox 1777 2125 1876 2161; x_wconf 90' lang='lat' dir='ltr'><strong>quae</strong></span> <span class='ocrx_word' id='word_1_178' title='bbox 1893 2125 1915 2148; x_wconf 91' lang='lat' dir='ltr'><strong>a</strong></span> 
     </span>
     <span class='ocr_line' id='line_1_24' title="bbox 281 2172 1915 2220; baseline -0.001 -10"><span class='ocrx_word' id='word_1_179' title='bbox 281 2172 473 2210; x_wconf 89' lang='lat' dir='ltr'><strong>Sacchino</strong></span> <span class='ocrx_word' id='word_1_180' title='bbox 498 2172 607 2209; x_wconf 91' lang='lat' dir='ltr'><strong>hisce</strong></span> <span class='ocrx_word' id='word_1_181' title='bbox 631 2172 764 2209; x_wconf 85' lang='lat' dir='ltr'><strong>verbis</strong></span> <span class='ocrx_word' id='word_1_182' title='bbox 789 2178 1032 2208; x_wconf 80' lang='lat' dir='ltr'><strong>enarrantur:</strong></span> <span class='ocrx_word' id='word_1_183' title='bbox 1060 2173 1283 2218; x_wconf 85' lang='lat' dir='ltr'><strong>«Le0dii,...</strong></span> <span class='ocrx_word' id='word_1_184' title='bbox 1311 2173 1468 2220; x_wconf 84' lang='lat' dir='ltr'><strong>Brugis,</strong></span> <span class='ocrx_word' id='word_1_185' title='bbox 1499 2174 1565 2209; x_wconf 88' lang='lat' dir='ltr'><strong>vbi</strong></span> <span class='ocrx_word' id='word_1_186' title='bbox 1589 2173 1818 2209; x_wconf 87' lang='lat' dir='ltr'><strong>Franciscus</strong></span> <span class='ocrx_word' id='word_1_187' title='bbox 1842 2172 1915 2209; x_wconf 90' lang='lat' dir='ltr'><strong>Co-</strong></span> 
     </span>
     <span class='ocr_line' id='line_1_25' title="bbox 279 2232 1914 2279; baseline -0.001 -10"><span class='ocrx_word' id='word_1_188' title='bbox 279 2239 407 2270; x_wconf 84' lang='lat' dir='ltr'><strong>sterus</strong></span> <span class='ocrx_word' id='word_1_189' title='bbox 421 2238 462 2268; x_wconf 91' lang='lat' dir='ltr'><strong>et</strong></span> <span class='ocrx_word' id='word_1_190' title='bbox 475 2232 660 2268; x_wconf 90' lang='lat' dir='ltr'><strong>Nicolaus</strong></span> <span class='ocrx_word' id='word_1_191' title='bbox 675 2232 913 2279; x_wconf 77' lang='lat' dir='ltr'><strong>Harlemiu53</strong></span> <span class='ocrx_word' id='word_1_192' title='bbox 932 2238 971 2268; x_wconf 87' lang='lat' dir='ltr'><strong>et</strong></span> <span class='ocrx_word' id='word_1_193' title='bbox 991 2232 1183 2278; x_wconf 89' lang='lat' dir='ltr'><strong>Neomagi</strong></span> <span class='ocrx_word' id='word_1_194' title='bbox 1201 2232 1240 2268; x_wconf 91' lang='lat' dir='ltr'><strong>in</strong></span> <span class='ocrx_word' id='word_1_195' title='bbox 1259 2232 1434 2278; x_wconf 90' lang='lat' dir='ltr'><strong>Geldria,</strong></span> <span class='ocrx_word' id='word_1_196' title='bbox 1450 2234 1516 2268; x_wconf 88' lang='lat' dir='ltr'><strong>vbi</strong></span> <span class='ocrx_word' id='word_1_197' title='bbox 1530 2234 1701 2279; x_wconf 89' lang='lat' dir='ltr'><strong>Joannes</strong></span> <span class='ocrx_word' id='word_1_198' title='bbox 1715 2233 1914 2268; x_wconf 88' lang='lat' dir='ltr'><strong>Zantenus</strong></span> 
     </span>
     <span class='ocr_line' id='line_1_26' title="bbox 280 2291 1911 2339; baseline -0.001 -11"><span class='ocrx_word' id='word_1_199' title='bbox 280 2291 522 2328; x_wconf 80' lang='lat' dir='ltr'><strong>memorabili</strong></span> <span class='ocrx_word' id='word_1_200' title='bbox 545 2302 731 2327; x_wconf 91' lang='lat' dir='ltr'><strong>successu</strong></span> <span class='ocrx_word' id='word_1_201' title='bbox 760 2291 981 2339; x_wconf 90' lang='lat' dir='ltr'><strong>conciones,</strong></span> <span class='ocrx_word' id='word_1_202' title='bbox 1015 2291 1314 2338; x_wconf 86' lang='lat' dir='ltr'><strong>disputationes,</strong></span> <span class='ocrx_word' id='word_1_203' title='bbox 1344 2291 1496 2339; x_wconf 88' lang='lat' dir='ltr'><strong>aliaque</strong></span> <span class='ocrx_word' id='word_1_204' title='bbox 1525 2297 1658 2327; x_wconf 88' lang='lat' dir='ltr'><strong>contra</strong></span> <span class='ocrx_word' id='word_1_205' title='bbox 1681 2291 1911 2335; x_wconf 86' lang='lat' dir='ltr'><strong>haereticos,</strong></span> 
     </span>
     <span class='ocr_line' id='line_1_27' title="bbox 278 2350 1914 2398; baseline -0.001 -11"><span class='ocrx_word' id='word_1_206' title='bbox 278 2357 318 2387; x_wconf 89' lang='lat' dir='ltr'><strong>et</strong></span> <span class='ocrx_word' id='word_1_207' title='bbox 349 2350 445 2387; x_wconf 90' lang='lat' dir='ltr'><strong>vitia</strong></span> <span class='ocrx_word' id='word_1_208' title='bbox 476 2351 634 2398; x_wconf 88' lang='lat' dir='ltr'><strong>pietatis</strong></span> <span class='ocrx_word' id='word_1_209' title='bbox 657 2361 763 2386; x_wconf 88' lang='lat' dir='ltr'><strong>arma</strong></span> <span class='ocrx_word' id='word_1_210' title='bbox 790 2356 1018 2394; x_wconf 88' lang='lat' dir='ltr'><strong>tractarunt,</strong></span> <span class='ocrx_word' id='word_1_211' title='bbox 1044 2351 1212 2396; x_wconf 86' lang='lat' dir='ltr'><strong>collegia</strong></span> <span class='ocrx_word' id='word_1_212' title='bbox 1237 2362 1471 2397; x_wconf 87' lang='lat' dir='ltr'><strong>magnopere</strong></span> <span class='ocrx_word' id='word_1_213' title='bbox 1497 2351 1798 2397; x_wconf 86' lang='lat' dir='ltr'><strong>expetebantur.</strong></span> <span class='ocrx_word' id='word_1_214' title='bbox 1835 2350 1914 2386; x_wconf 91' lang='lat' dir='ltr'><strong>Sed</strong></span> 
     </span>
     <span class='ocr_line' id='line_1_28' title="bbox 278 2409 1914 2457; baseline -0.001 -11"><span class='ocrx_word' id='word_1_215' title='bbox 278 2411 506 2457; x_wconf 90' lang='lat' dir='ltr'><strong>geusiorum</strong></span> <span class='ocrx_word' id='word_1_216' title='bbox 525 2409 652 2446; x_wconf 91' lang='lat' dir='ltr'><strong>insani</strong></span> <span class='ocrx_word' id='word_1_217' title='bbox 676 2414 817 2452; x_wconf 89' lang='lat' dir='ltr'><strong>motus,</strong></span> <span class='ocrx_word' id='word_1_218' title='bbox 844 2415 884 2445; x_wconf 88' lang='lat' dir='ltr'><strong>et</strong></span> <span class='ocrx_word' id='word_1_219' title='bbox 909 2411 995 2456; x_wconf 90' lang='lat' dir='ltr'><strong>plus</strong></span> <span class='ocrx_word' id='word_1_220' title='bbox 1025 2422 1140 2457; x_wconf 88' lang='lat' dir='ltr'><strong>quam</strong></span> <span class='ocrx_word' id='word_1_221' title='bbox 1166 2410 1286 2445; x_wconf 91' lang='lat' dir='ltr'><strong>nimio</strong></span> <span class='ocrx_word' id='word_1_222' title='bbox 1317 2421 1386 2456; x_wconf 91' lang='lat' dir='ltr'><strong>per</strong></span> <span class='ocrx_word' id='word_1_223' title='bbox 1415 2409 1453 2445; x_wconf 94' lang='lat' dir='ltr'><strong>id</strong></span> <span class='ocrx_word' id='word_1_224' title='bbox 1478 2416 1632 2456; x_wconf 90' lang='lat' dir='ltr'><strong>tempus</strong></span> <span class='ocrx_word' id='word_1_225' title='bbox 1650 2409 1811 2445; x_wconf 90' lang='lat' dir='ltr'><strong>secundi</strong></span> <span class='ocrx_word' id='word_1_226' title='bbox 1829 2421 1914 2456; x_wconf 88' lang='lat' dir='ltr'><strong>pro-</strong></span> 
     </span>
     <span class='ocr_line' id='line_1_29' title="bbox 279 2467 1914 2517; baseline -0.002 -11"><span class='ocrx_word' id='word_1_227' title='bbox 279 2481 452 2517; x_wconf 86' lang='lat' dir='ltr'><strong>gressus,</strong></span> <span class='ocrx_word' id='word_1_228' title='bbox 482 2481 627 2505; x_wconf 90' lang='lat' dir='ltr'><strong>moram</strong></span> <span class='ocrx_word' id='word_1_229' title='bbox 651 2467 849 2516; x_wconf 87' lang='lat' dir='ltr'><strong>plerisque</strong></span> <span class='ocrx_word' id='word_1_230' title='bbox 876 2471 1065 2505; x_wconf 88' lang='lat' dir='ltr'><strong>bonorum</strong></span> <span class='ocrx_word' id='word_1_231' title='bbox 1090 2469 1266 2505; x_wconf 90' lang='lat' dir='ltr'><strong>consiliis</strong></span> <span class='ocrx_word' id='word_1_232' title='bbox 1287 2468 1520 2505; x_wconf 82' lang='lat' dir='ltr'><strong>afferebant.</strong></span> <span class='ocrx_word' id='word_1_233' title='bbox 1547 2469 1719 2504; x_wconf 88' lang='lat' dir='ltr'><strong>Venerat</strong></span> <span class='ocrx_word' id='word_1_234' title='bbox 1749 2469 1914 2504; x_wconf 89' lang='lat' dir='ltr'><strong>Neoma-</strong></span> 
     </span>
     <span class='ocr_line' id='line_1_30' title="bbox 278 2527 1913 2576; baseline -0.002 -10"><span class='ocrx_word' id='word_1_235' title='bbox 278 2541 372 2576; x_wconf 88' lang='lat' dir='ltr'><strong>gum</strong></span> <span class='ocrx_word' id='word_1_236' title='bbox 390 2530 639 2575; x_wconf 87' lang='lat' dir='ltr'><strong>Bransberga</strong></span> <span class='ocrx_word' id='word_1_237' title='bbox 662 2530 879 2575; x_wconf 88' lang='lat' dir='ltr'><strong>Zantenus,</strong></span> <span class='ocrx_word' id='word_1_238' title='bbox 908 2534 951 2564; x_wconf 91' lang='lat' dir='ltr'><strong>vt</strong></span> <span class='ocrx_word' id='word_1_239' title='bbox 973 2530 1092 2564; x_wconf 91' lang='lat' dir='ltr'><strong>rebus</strong></span> <span class='ocrx_word' id='word_1_240' title='bbox 1114 2540 1203 2564; x_wconf 87' lang='lat' dir='ltr'><strong>sese</strong></span> <span class='ocrx_word' id='word_1_241' title='bbox 1223 2528 1450 2564; x_wconf 90' lang='lat' dir='ltr'><strong>domesticis</strong></span> <span class='ocrx_word' id='word_1_242' title='bbox 1468 2527 1686 2573; x_wconf 87' lang='lat' dir='ltr'><strong>expediret.</strong></span> <span class='ocrx_word' id='word_1_243' title='bbox 1713 2527 1791 2564; x_wconf 91' lang='lat' dir='ltr'><strong>Sed</strong></span> <span class='ocrx_word' id='word_1_244' title='bbox 1815 2527 1913 2564; x_wconf 89' lang='lat' dir='ltr'><strong>inte-</strong></span> 
     </span>
     <span class='ocr_line' id='line_1_31' title="bbox 279 2581 1957 2636; baseline -0.001 -12"><span class='ocrx_word' id='word_1_245' title='bbox 279 2589 352 2625; x_wconf 88' lang='lat' dir='ltr'><strong>rim</strong></span> <span class='ocrx_word' id='word_1_246' title='bbox 380 2588 420 2624; x_wconf 92' lang='lat' dir='ltr'><strong>in</strong></span> <span class='ocrx_word' id='word_1_247' title='bbox 445 2581 686 2635; x_wconf 63' lang='lat' dir='ltr'><strong>suggestum⁴</strong></span> <span class='ocrx_word' id='word_1_248' title='bbox 702 2588 928 2636; x_wconf 89' lang='lat' dir='ltr'><strong>productus,</strong></span> <span class='ocrx_word' id='word_1_249' title='bbox 953 2599 1042 2623; x_wconf 91' lang='lat' dir='ltr'><strong>cum</strong></span> <span class='ocrx_word' id='word_1_250' title='bbox 1065 2587 1211 2624; x_wconf 90' lang='lat' dir='ltr'><strong>ciuium</strong></span> <span class='ocrx_word' id='word_1_251' title='bbox 1234 2587 1384 2623; x_wconf 88' lang='lat' dir='ltr'><strong>animos</strong></span> <span class='ocrx_word' id='word_1_252' title='bbox 1408 2587 1504 2623; x_wconf 90' lang='lat' dir='ltr'><strong>mire</strong></span> <span class='ocrx_word' id='word_1_253' title='bbox 1529 2593 1694 2633; x_wconf 89' lang='lat' dir='ltr'><strong>teneret,</strong></span> <span class='ocrx_word' id='word_1_254' title='bbox 1714 2593 1755 2622; x_wconf 90' lang='lat' dir='ltr'><strong>et</strong></span> <span class='ocrx_word' id='word_1_255' title='bbox 1778 2588 1912 2622; x_wconf 86' lang='lat' dir='ltr'><strong>subor-</strong></span> <span class='ocrx_word' id='word_1_256' title='bbox 1952 2608 1957 2618; x_wconf 44' lang='grc' dir='ltr'><strong>κ</strong></span> 
     </span>
     <span class='ocr_line' id='line_1_32' title="bbox 275 2645 1910 2696; baseline -0.002 -12"><span class='ocrx_word' id='word_1_257' title='bbox 275 2647 326 2684; x_wconf 88' lang='lat' dir='ltr'><strong>tis</strong></span> <span class='ocrx_word' id='word_1_258' title='bbox 344 2648 579 2685; x_wconf 91' lang='lat' dir='ltr'><strong>tumultibus</strong></span> <span class='ocrx_word' id='word_1_259' title='bbox 595 2647 764 2696; x_wconf 90' lang='lat' dir='ltr'><strong>vndique</strong></span> <span class='ocrx_word' id='word_1_260' title='bbox 779 2659 801 2683; x_wconf 90' lang='lat' dir='ltr'><strong>a</strong></span> <span class='ocrx_word' id='word_1_261' title='bbox 815 2646 1031 2683; x_wconf 88' lang='lat' dir='ltr'><strong>rebellibus</strong></span> <span class='ocrx_word' id='word_1_262' title='bbox 1049 2653 1191 2682; x_wconf 88' lang='lat' dir='ltr'><strong>cuncta</strong></span> <span class='ocrx_word' id='word_1_263' title='bbox 1206 2651 1504 2693; x_wconf 83' lang='lat' dir='ltr'><strong>occuparentur3</strong></span> <span class='ocrx_word' id='word_1_264' title='bbox 1524 2645 1622 2681; x_wconf 89' lang='lat' dir='ltr'><strong>tanti</strong></span> <span class='ocrx_word' id='word_1_265' title='bbox 1640 2657 1715 2681; x_wconf 86' lang='lat' dir='ltr'><strong>vox</strong></span> <span class='ocrx_word' id='word_1_266' title='bbox 1730 2645 1814 2681; x_wconf 91' lang='lat' dir='ltr'><strong>eius</strong></span> <span class='ocrx_word' id='word_1_267' title='bbox 1833 2646 1910 2681; x_wconf 89' lang='lat' dir='ltr'><strong>exi-</strong></span> 
     </span>
     <span class='ocr_line' id='line_1_33' title="bbox 275 2704 1913 2756; baseline -0.002 -13"><span class='ocrx_word' id='word_1_268' title='bbox 275 2707 432 2743; x_wconf 88' lang='lat' dir='ltr'><strong>stimata</strong></span> <span class='ocrx_word' id='word_1_269' title='bbox 450 2707 639 2743; x_wconf 88' lang='lat' dir='ltr'><strong>momenti</strong></span> <span class='ocrx_word' id='word_1_270' title='bbox 657 2712 729 2752; x_wconf 90' lang='lat' dir='ltr'><strong>est,</strong></span> <span class='ocrx_word' id='word_1_271' title='bbox 751 2711 795 2742; x_wconf 91' lang='lat' dir='ltr'><strong>vt</strong></span> <span class='ocrx_word' id='word_1_272' title='bbox 811 2706 878 2742; x_wconf 92' lang='lat' dir='ltr'><strong>diu</strong></span> <span class='ocrx_word' id='word_1_273' title='bbox 897 2711 1076 2742; x_wconf 88' lang='lat' dir='ltr'><strong>retentus</strong></span> <span class='ocrx_word' id='word_1_274' title='bbox 1095 2705 1243 2741; x_wconf 87' lang='lat' dir='ltr'><strong>inuitus</strong></span> <span class='ocrx_word' id='word_1_275' title='bbox 1262 2705 1327 2741; x_wconf 87' lang='lat' dir='ltr'><strong>sit:</strong></span> <span class='ocrx_word' id='word_1_276' title='bbox 1350 2705 1442 2756; x_wconf 90' lang='lat' dir='ltr'><strong>dato</strong></span> <span class='ocrx_word' id='word_1_277' title='bbox 1468 2710 1664 2752; x_wconf 85' lang='lat' dir='ltr'><strong>portarum</strong></span> <span class='ocrx_word' id='word_1_278' title='bbox 1683 2704 1913 2740; x_wconf 90' lang='lat' dir='ltr'><strong>custodibus</strong></span> 
     </span>
     <span class='ocr_line' id='line_1_34' title="bbox 277 2763 1910 2813; baseline -0.001 -11"><span class='ocrx_word' id='word_1_279' title='bbox 277 2766 452 2813; x_wconf 89' lang='lat' dir='ltr'><strong>negotio,</strong></span> <span class='ocrx_word' id='word_1_280' title='bbox 462 2771 505 2802; x_wconf 90' lang='lat' dir='ltr'><strong>vt</strong></span> <span class='ocrx_word' id='word_1_281' title='bbox 519 2777 596 2802; x_wconf 90' lang='lat' dir='ltr'><strong>non</strong></span> <span class='ocrx_word' id='word_1_282' title='bbox 611 2766 738 2802; x_wconf 88' lang='lat' dir='ltr'><strong>minus</strong></span> <span class='ocrx_word' id='word_1_283' title='bbox 753 2766 862 2802; x_wconf 81' lang='lat' dir='ltr'><strong>exitu</strong></span> <span class='ocrx_word' id='word_1_284' title='bbox 877 2765 1001 2811; x_wconf 89' lang='lat' dir='ltr'><strong>illum,</strong></span> <span class='ocrx_word' id='word_1_285' title='bbox 1017 2777 1132 2812; x_wconf 90' lang='lat' dir='ltr'><strong>quam</strong></span> <span class='ocrx_word' id='word_1_286' title='bbox 1147 2765 1282 2800; x_wconf 88' lang='lat' dir='ltr'><strong>hostes</strong></span> <span class='ocrx_word' id='word_1_287' title='bbox 1296 2764 1405 2800; x_wconf 90' lang='lat' dir='ltr'><strong>aditu</strong></span> <span class='ocrx_word' id='word_1_288' title='bbox 1418 2763 1709 2811; x_wconf 82' lang='lat' dir='ltr'><strong>prohiberent.»</strong></span> <span class='ocrx_word' id='word_1_289' title='bbox 1719 2764 1812 2801; x_wconf 91' lang='lat' dir='ltr'><strong>Loc.</strong></span> <span class='ocrx_word' id='word_1_290' title='bbox 1827 2763 1910 2808; x_wconf 87' lang='lat' dir='ltr'><strong>cit.‚</strong></span> 
     </span>
     <span class='ocr_line' id='line_1_35' title="bbox 278 2824 852 2873; baseline 0.003 -12"><span class='ocrx_word' id='word_1_291' title='bbox 278 2832 388 2873; x_wconf 90' lang='lat' dir='ltr'><strong>parte</strong></span> <span class='ocrx_word' id='word_1_292' title='bbox 406 2826 478 2871; x_wconf 94' lang='lat' dir='ltr'><strong>III,</strong></span> <span class='ocrx_word' id='word_1_293' title='bbox 497 2826 566 2862; x_wconf 91' lang='lat' dir='ltr'><strong>lib.</strong></span> <span class='ocrx_word' id='word_1_294' title='bbox 583 2826 689 2873; x_wconf 91' lang='lat' dir='ltr'><strong>VIlI,</strong></span> <span class='ocrx_word' id='word_1_295' title='bbox 709 2837 747 2861; x_wconf 87' lang='lat' dir='ltr'><strong>n.</strong></span> <span class='ocrx_word' id='word_1_296' title='bbox 769 2824 852 2863; x_wconf 87' lang='lat'><strong>233.</strong></span> 
     </span>
    </p>

    <p class='ocr_par' dir='ltr' id='par_1_9' title="bbox 275 2883 1911 2991">
     <span class='ocr_line' id='line_1_36' title="bbox 345 2883 1910 2930; baseline -0.001 -10"><span class='ocrx_word' id='word_1_297' title='bbox 345 2884 361 2905; x_wconf 73' lang='lat'><strong>³</strong></span> <span class='ocrx_word' id='word_1_298' title='bbox 409 2886 470 2921; x_wconf 90' lang='lat' dir='ltr'><strong>De</strong></span> <span class='ocrx_word' id='word_1_299' title='bbox 488 2884 703 2920; x_wconf 90' lang='lat' dir='ltr'><strong>notissimis</strong></span> <span class='ocrx_word' id='word_1_300' title='bbox 722 2883 932 2920; x_wconf 87' lang='lat' dir='ltr'><strong>Societatis</strong></span> <span class='ocrx_word' id='word_1_301' title='bbox 947 2889 1104 2920; x_wconf 92' lang='lat' dir='ltr'><strong>nostrae</strong></span> <span class='ocrx_word' id='word_1_302' title='bbox 1123 2883 1380 2930; x_wconf 89' lang='lat' dir='ltr'><strong>scriptoribus</strong></span> <span class='ocrx_word' id='word_1_303' title='bbox 1399 2883 1515 2918; x_wconf 89' lang='lat' dir='ltr'><strong>Petro</strong></span> <span class='ocrx_word' id='word_1_304' title='bbox 1539 2888 1579 2918; x_wconf 90' lang='lat' dir='ltr'><strong>et</strong></span> <span class='ocrx_word' id='word_1_305' title='bbox 1591 2883 1741 2929; x_wconf 89' lang='lat' dir='ltr'><strong>Joanne</strong></span> <span class='ocrx_word' id='word_1_306' title='bbox 1758 2883 1910 2918; x_wconf 90' lang='lat' dir='ltr'><strong>Busaeo</strong></span> 
     </span>
     <span class='ocr_line' id='line_1_37' title="bbox 275 2941 1911 2991; baseline -0.002 -11"><span class='ocrx_word' id='word_1_307' title='bbox 275 2944 340 2989; x_wconf 91' lang='lat' dir='ltr'><strong>(de</strong></span> <span class='ocrx_word' id='word_1_308' title='bbox 358 2945 495 2991; x_wconf 92' lang='lat' dir='ltr'><strong>Buys),</strong></span> <span class='ocrx_word' id='word_1_309' title='bbox 513 2943 564 2980; x_wconf 81' lang='lat' dir='ltr'><strong>cf.</strong></span> <span class='ocrx_word' id='word_1_310' title='bbox 590 2944 923 2988; x_wconf 80' lang='lat' dir='ltr'><strong>SOMMERVOGEL,</strong></span> <span class='ocrx_word' id='word_1_311' title='bbox 958 2945 1029 2979; x_wconf 89' lang='lat' dir='ltr'><strong>loc.</strong></span> <span class='ocrx_word' id='word_1_312' title='bbox 1052 2943 1137 2990; x_wconf 90' lang='lat' dir='ltr'><strong>cit.,</strong></span> <span class='ocrx_word' id='word_1_313' title='bbox 1168 2948 1208 2978; x_wconf 86' lang='lat' dir='ltr'><strong>et</strong></span> <span class='ocrx_word' id='word_1_314' title='bbox 1235 2943 1428 2987; x_wconf 79' lang='lat' dir='ltr'>HANSEN‚</span> <span class='ocrx_word' id='word_1_315' title='bbox 1456 2941 1661 2977; x_wconf 81' lang='lat' dir='ltr'><strong>Reinische</strong></span> <span class='ocrx_word' id='word_1_316' title='bbox 1685 2942 1815 2977; x_wconf 72' lang='lat' dir='ltr'><strong>Aleten</strong></span> <span class='ocrx_word' id='word_1_317' title='bbox 1838 2953 1911 2977; x_wconf 79' lang='lat' dir='ltr'><strong>zur</strong></span> 
     </span>
    </p>
   </div>
   <div class='ocr_carea' id='block_1_9' title="bbox 281 3003 1128 3101">
    <p class='ocr_par' dir='ltr' id='par_1_10' title="bbox 281 3003 1128 3101">
     <span class='ocr_line' id='line_1_38' title="bbox 281 3003 1128 3051; baseline 0 -11"><span class='ocrx_word' id='word_1_318' title='bbox 281 3004 505 3040; x_wconf 82' lang='lat' dir='ltr'><strong>Geschichte</strong></span> <span class='ocrx_word' id='word_1_319' title='bbox 522 3003 939 3051; x_wconf 80' lang='lat' dir='ltr'><strong>dessesuitenordens,</strong></span> <span class='ocrx_word' id='word_1_320' title='bbox 960 3003 1128 3049; x_wconf 87' lang='lat' dir='ltr'><strong>saepius.</strong></span> 
     </span>
     <span class='ocr_line' id='line_1_39' title="bbox 348 3062 646 3101; baseline 0.007 -3"><span class='ocrx_word' id='word_1_321' title='bbox 348 3063 362 3084; x_wconf 81' lang='lat'><strong>³</strong></span> <span class='ocrx_word' id='word_1_322' title='bbox 414 3062 646 3101; x_wconf 85' lang='lat' dir='ltr'><strong>Kleveland.</strong></span> 
     </span>
    </p>
   </div>
   <div class='ocr_carea' id='block_1_10' title="bbox 2039 2379 2098 3470">
    <p class='ocr_par' dir='ltr' id='par_1_11' title="bbox 2039 2379 2098 3470">
     <span class='ocr_line' id='line_1_40' title="bbox 2039 2379 2098 3470; baseline 0 0"><span class='ocrx_word' id='word_1_323' title='bbox 2039 2379 2098 3470; x_wconf 95' lang='lat' dir='ltr'><strong> </strong></span> 
     </span>
    </p>
   </div>
  </div>
 </body>
</html>
