2098 3470
335 282 404 328 ²34
807 283 962 322 PA’rms
988 284 1232 320 HmRONYm
1258 284 1409 321 NADAL

374 385 442 427 Ex
464 383 666 437 nouitiis,
692 382 773 440 qui
791 400 884 429 non
909 385 1116 430 fecerunt
1139 384 1497 441 promissionem,
1522 385 1578 428 de
1607 399 1697 440 qua
1724 386 1926 431 habetur

284 461 330 505 in
352 460 573 518 principio
601 460 749 517 quarti
777 461 939 518 capitis
966 461 1203 516 examinis,
1233 476 1334 505 eam
1363 461 1532 505 faciant
1562 461 1707 518 primo
1737 476 1946 518 quoque

285 545 507 595 tempore.
1352 543 1354 545 ’

371 616 442 659 De
463 613 698 659 beneficiis
720 615 909 672 Georgii
933 617 1108 660 Schorn
1131 609 1312 672 agetur,
1336 629 1440 658 cum
1470 616 1522 658 P.
1554 614 1729 659 Natalis
1758 614 1841 658 ibit
1870 615 1920 659 in.

283 692 319 734 F
322 691 562 735 landriam.
830 747 832 749 .

371 768 604 825 Georgius
625 769 875 814 Sedelmair
896 770 1063 813 habeat
1084 768 1325 813 lectionem
1348 768 1587 825 priuatam.

368 846 552 890 Samuel
575 847 742 891 habeat
763 846 1013 889 Hortalum
1036 847 1221 888 animae
1247 848 1275 890 ¹.

368 923 606 967 Habeatur
620 911 823 979 'diligens
846 937 957 966 cura
980 922 1165 965 sartoris
1188 929 1234 966 et
1255 922 1390 978 coqui
1411 922 1456 964 in
1481 922 1658 979 spiritu.

365 999 583 1044 Rationes
604 999 862 1043 debitorum
886 1006 1144 1043 nostrorum
1169 1000 1467 1055 deportentur
1482 999 1731 1056 Dilingam.

365 1077 533 1120 Nullus
555 1076 724 1121 habeat
746 1078 920 1120 clauem
938 1077 1111 1132 januae
1133 1075 1379 1132 superioris
1402 1077 1459 1119 ad
1476 1077 1672 1120 scholas.

365 1153 502 1197 Vitus
524 1153 583 1196 sit
605 1167 710 1196 cum
733 1153 935 1206 nouitiis,
956 1160 1001 1196 et
1025 1160 1175 1195 tamen
1199 1153 1394 1196 studeat.

365 1229 611 1273 Zacharias
633 1230 692 1274 sit
713 1229 946 1286 syndicus.

365 1307 411 1352 Si
431 1306 565 1351 alicui
583 1314 771 1351 externo
789 1306 848 1349 sit
864 1306 1125 1351 offerendus
1140 1307 1349 1358 haustus,
1370 1305 1416 1348 id
1432 1306 1511 1349 fiat
1529 1305 1662 1349 vnico
1679 1306 1915 1362 scypho&

362 1383 610 1427 Zacharias
632 1390 677 1428 et
699 1383 978 1427 Godefridus
1000 1383 1240 1426 mittantur
1261 1383 1318 1426 ad
1340 1382 1524 1438 aliquod
1547 1382 1810 1439 collegium,
1836 1396 1909 1426 re-

275 1460 522 1506 creationis
543 1459 705 1517 gratia.

361 1537 600 1582 Godefridi
621 1537 835 1581 valetudo
857 1536 914 1579 sit
938 1538 1270 1580 commendata.
1536 1587 1538 1589 ,

361 1615 593 1671 Georgius
615 1614 792 1658 Schorn
815 1613 1000 1657 iuuetur
1023 1621 1068 1658 et
1090 1613 1313 1658 excitetur
1335 1614 1393 1657 ad
1414 1613 1676 1669 legendum.

360 1691 596 1748 Georgius
618 1690 866 1736 Sedelmair
888 1690 1072 1734 iuuetur
1093 1689 1284 1746 priuatis
1306 1689 1482 1733 studiis.

361 1768 556 1812 Michael
579 1768 779 1820 iuuetur,
805 1775 854 1809 vt
876 1767 921 1809 in
955 1767 1103 1810 officio
1135 1782 1219 1810 suo
1251 1767 1309 1810 sit
1341 1767 1523 1822 quietus
1545 1773 1591 1809 et
1623 1765 1914 1811 obedientiae:

270 1845 548 1902 acquiescat.

358 1923 629 1966 Edouardus
651 1921 779 1964 iuuet
801 1920 1070 1977 magistrum
1093 1921 1390 1963 nouitiorum.

358 2001 588 2055 Rupertus
610 1997 728 2042 serio
749 1997 895 2040 discat
916 1998 1119 2061 linguam
1143 1997 1469 2054 germanicam.

357 2078 537 2128 Petrus,
564 2075 639 2118 vbi
662 2082 732 2119 est
753 2075 1077 2127 necessarium,
1103 2074 1268 2131 poterit
1297 2074 1502 2117 comitari
1532 2075 1691 2117 Patres
1720 2074 1912 2129 quando

270 2161 456 2199 exeunt.

357 2231 592 2274 Abraham
617 2230 735 2273 bene
756 2228 1072 2274 mortificetur.

358 2309 412 2351 P.
448 2306 632 2352 Martini
668 2305 886 2363 perfectio
918 2312 963 2348 et
995 2305 1252 2350 obedientia
1284 2312 1470 2349 curetur
1499 2320 1525 2348 a
1558 2307 1612 2350 P.
1642 2304 1905 2349 Dominicot.

334 2480 353 2497 a
402 2469 521 2516 cypho
540 2479 613 2506 ms,

333 2612 342 2633 ¹
399 2611 597 2647 Hortalus
615 2609 779 2646 animae
797 2614 857 2644 est
876 2608 1033 2644 libellus
1051 2609 1091 2644 in
1110 2608 1179 2655 8.⁰‚
1194 2609 1248 2644 ita
1265 2620 1286 2644 a
1300 2610 1450 2644 Brunet
1463 2608 1695 2655 descriptus:
1712 2607 1906 2646 «Ortulus

260 2671 404 2717 anime,
423 2682 512 2706 curn
530 2668 785 2705 oratiunculis
802 2668 998 2715 aliquibus
1016 2667 1294 2714 superadditis,
1313 2679 1388 2715 que
1407 2668 1446 2703 in
1470 2667 1663 2714 prioribus
1687 2667 1798 2703 libris
1820 2679 1898 2703 non

259 2729 761 2767 habentur.—-Elaboratus
781 2730 902 2774 per...
915 2727 1146 2773 johannem
1168 2726 1414 2774 Griiniytger
1431 2727 1476 2762 in
1493 2727 1655 2762 civitate
1677 2726 1905 2774 argentina.

258 2801 367 2825 anno
392 2787 692 2824 incarnationis
715 2794 915 2822 M.CCCCC.
936 2785 1075 2830 pridie
1099 2797 1192 2821 vero
1215 2786 1409 2821 kalendas
1425 2785 1652 2832 februarii,
1674 2786 1785 2831 goth.
1810 2785 1900 2820 Ma-

259 2849 428 2885 nuel'du
447 2848 630 2889 libraire,
650 2845 721 2893 ΙΙΙ,
742 2844 828 2889 389.
853 2845 911 2880 Ex
939 2844 987 2879 iis
1006 2850 1151 2889 tamen,
1170 2856 1270 2891 quae
1294 2844 1402 2880 addit
1419 2846 1567 2880 Brunet
1584 2844 1634 2880 de
1658 2844 1903 2891 imaginibus

258 2919 393 2955 parum
412 2906 601 2952 honestis,
623 2905 714 2940 huic
732 2903 896 2940 editioni
923 2903 1096 2948 insertis,
1115 2909 1297 2950 putamus
1316 2905 1379 2939 vel
1397 2903 1446 2939 de
1464 2904 1539 2939 alia
1557 2903 1745 2950 editione,
1764 2904 1828 2939 vel
1846 2903 1904 2939 de

258 2967 335 3003 alio
353 2967 452 3002 libro
470 2965 533 3001 hie
552 2965 630 3012 agi3
651 2976 739 2999 nam
758 2964 831 2998 sub
850 2962 987 2998 eodem
1007 2963 1122 2998 titulo
1140 2964 1271 3009 plures
1289 2964 1446 2998 saeculo
1460 2963 1552 2997 XVI
1565 2962 1792 3009 prodierunt
1807 2962 1899 2998 libri

257 3025 539 3073 precationum,
560 3029 643 3059 tum
661 3023 794 3068 latino,
817 3027 898 3056 tum
917 3022 1142 3067 germanico
1157 3032 1336 3057 sermone
1350 3021 1576 3068 conscripti,
1591 3021 1640 3058 de
1653 3021 1796 3068 quibus
1810 3033 1902 3058 eru·

257 3085 338 3121 dite
357 3084 514 3119 disserit
533 3083 576 3122 Ρ.
597 3082 719 3120 ΟΤΤο
737 3082 1079 3116 BRAUNSBERGER
1098 3080 1139 3118 S,
1160 3081 1197 3126 J.
1219 3081 1258 3116 in
1279 3079 1438 3116 Canisii
1454 3082 1583 3126 epist„
1604 3081 1674 3127 IV,
1693 3088 1774 3126 251.
