2098 3470
765 233 1113 274 SUPPLEMENTUM
1124 252 1149 258 -—
1163 240 1208 277 25
1689 231 1755 268 831

169 337 391 382 creaturis
408 335 622 381 omnibus
637 336 716 379 fiat
731 335 945 379 voluntas
961 333 1064 387 Dei,
1077 340 1127 376 vt
1145 333 1427 377 santificetur
1444 334 1542 378 eius
1559 349 1741 388 nomen,
1762 343 1807 380 et

171 424 366 472 regnum
403 413 451 457 in
487 427 572 456 nos
601 411 840 456 adueniat.
871 410 998 454 Nulli
1029 417 1265 467 praeterea
1294 418 1527 454 creaturae
1556 411 1806 455 afficiamur

169 498 326 535 nostra
341 491 595 544 voluntate,
614 489 694 532 sed
711 488 884 541 diuina;
905 494 951 531 et
967 495 987 513 ²
1002 501 1095 543 qua
1110 501 1195 530 nos
1212 494 1420 530 creatura
1437 487 1564 532 iubet
1582 489 1646 531 uti
1658 490 1802 542 Deus,

169 567 246 612 illa
266 575 463 612 Vtamur:
487 566 534 610 in
556 565 668 610 alias
695 579 823 617 vero,
848 579 962 620 quas
990 573 1173 608 nostrae
1194 564 1391 608 libertati
1421 565 1601 620 reliquit
1629 566 1805 623 eligen-

170 645 269 698 das,
291 650 447 688 nostra
467 643 703 686 voluntate
724 656 817 684 non
834 642 1034 685 feramur
1049 640 1365 692 determinate,
1380 642 1459 684 sed
1476 641 1803 694 indifferenter,

170 726 220 765 vt
252 720 478 765 vtrumuis
509 718 734 779 Dominus
766 732 1055 774 quacumque
1086 717 1160 760 via
1191 717 1396 761 veritatis
1423 719 1802 771 commonstrarit,

169 797 283 842 illud
298 811 559 854 sequamur,
577 796 690 839 illud
706 795 724 821 ¹³
747 796 819 840 173
837 795 970 838 facile
986 793 1095 838 boni
1111 795 1419 838 consulamus.
1441 796 1573 839 Adde
1591 797 1712 851 quod
1733 811 1804 840 re-

169 876 280 933 gula
306 876 422 919 haec
442 873 501 917 sit
522 887 674 916 rerum
688 873 918 925 omnium,
943 887 1057 929 quas
1078 879 1096 898 0
1116 871 1164 914 in
1186 871 1388 935 oratione
1416 872 1614 928 petimus
1635 874 1707 917 vel
1729 874 1806 918 de-

169 951 436 1003 sideramus,
453 957 570 1007 qua'e
586 949 888 994 necessariam
906 964 999 992 non
1017 950 1191 993 habent
1208 963 1312 991 cum
1331 949 1421 992 fine
1439 949 1595 992 vltimo
1612 949 1805 993 coniun-

166 1027 382 1081 ctionem,
407 1027 560 1090 qualia
588 1034 695 1070 sunt
724 1026 946 1082 exempla,
982 1040 1100 1081 quae
1137 1039 1222 1068 nos
1257 1025 1540 1078 adducimus,
1582 1026 1802 1079 sanitatis,

168 1104 484 1162 aegritudinis,
508 1103 712 1156 honoris,
737 1110 1045 1159 contemptus,
1070 1102 1191 1146 vitae
1213 1102 1368 1146 breuis
1390 1117 1443 1145 ac
1473 1104 1690 1159 prolixae3
1721 1106 1804 1147 ho-

170 1195 268 1226 rum
291 1182 412 1226 enim
434 1183 550 1226 haec
571 1189 641 1224 est
662 1181 839 1237 regula,
858 1187 907 1222 vt
927 1181 1007 1222 fiat
1029 1179 1212 1223 Domini
1236 1180 1446 1223 voluntas
1463 1180 1508 1222 in
1527 1180 1626 1223 illis.
1650 1182 1806 1236 Itaque

168 1258 347 1304 etiamsi
382 1258 623 1303 sanitatem
664 1257 816 1314 potius
852 1266 1060 1314 petamus
1096 1273 1122 1300 a
1152 1259 1251 1301 Deo
1288 1272 1422 1313 quam
1455 1258 1803 1314 aegritudinem,

170 1343 322 1381 tamen
345 1349 583 1379 necessum
605 1342 676 1378 est
697 1343 746 1378 vt
767 1335 987 1378 addamus
1010 1335 1148 1391 <quod
1170 1336 1320 1391 Xpus.
1353 1334 1398 1376 in
1428 1337 1560 1378 horto
1588 1334 1619 1378 ²¹52
1650 1343 1699 1378 vt
1726 1337 1806 1379 fiat

170 1413 382 1457 voluntas
402 1412 604 1464 Domini,
628 1419 766 1468 atque
795 1411 1053 1456 necessario
1081 1413 1138 1454 ad
1167 1411 1517 1456 indifferentiam
1549 1413 1801 1466 redeamus3

167 1502 231 1533 ex
251 1503 343 1547 quo
369 1489 682 1547 intelligimus,
714 1488 791 1532 vbi
817 1490 875 1532 de
903 1489 1040 1533 rebus
1072 1489 1438 1533 indifferentibus
1460 1491 1681 1532 orandum
1714 1498 1799 1542 est,

170 1567 427 1611 necessario
447 1580 547 1610 esse
569 1566 702 1610 nobis
731 1567 1047 1611 adducendam
1069 1565 1222 1618 etiam,
1248 1574 1491 1621 antequam
1517 1581 1712 1618 oremus,
1734 1567 1803 1609 in-

169 1642 489 1696 differentiam,
515 1643 614 1688 siue
636 1644 759 1699 quod
780 1642 828 1686 in
850 1643 997 1696 nobis,
1024 1643 1122 1686 siue
1144 1644 1265 1699 quod
1287 1643 1332 1686 in
1358 1645 1496 1687 rebus
1518 1652 1603 1695 est,
1634 1645 1639 1700 1
1669 1652 1806 1700 atque

165 1707 219 1763 vt
239 1720 480 1777 vtrobique
501 1736 559 1765 ex
578 1721 816 1764 voluntate
837 1720 925 1766 Dei
947 1722 1226 1777 pendeamus
1247 1727 1385 1775 atque
1403 1705 1462 1764 ex
1484 1721 1805 1765 coniunctione

167 1810 320 1840 rerum
348 1797 525 1841 illarum
554 1811 659 1840 cum
689 1798 797 1850 fine,
829 1812 920 1853 quo
958 1797 1160 1841 actiones
1194 1812 1352 1841 omnes
1389 1805 1570 1841 nostrae
1598 1809 1806 1854 spectare

167 1874 353 1920 debent.
376 1875 513 1931 Quod
530 1876 642 1918 haec
664 1874 969 1919 indifferentia
991 1889 1083 1917 non
1104 1882 1299 1926 constet,
1324 1874 1634 1930 impatientiae
1658 1890 1801 1919 emer-

167 1957 303 2008 gunt,
324 1951 646 2008 blasphemiae,
675 1951 1030 2008 desperationes,
1062 1950 1414 2003 inobedientiae,
1447 1952 1803 2007 inquietudines

256 2027 395 2071 Dicas
417 2027 620 2071 fortassis
641 2036 658 2053 ⁰
678 2029 887 2071 hocloco
909 2027 1173 2071 discessisse
1190 2042 1262 2071 me
1280 2029 1337 2071 ab
1355 2028 1624 2072 scholastica
1642 2029 1803 2072 dictio-

169 2119 227 2148 ne
257 2112 305 2149 et
335 2105 493 2150 odiose
524 2113 663 2162 agere
691 2094 1057 2161 grammaticum.
1093 2107 1233 2149 Recte
1261 2106 1495 2158 admones;
1522 2106 1602 2149 sed
1631 2106 1806 2148 consilii

169 2181 256 2226 mei
278 2181 497 2225 rationem
521 2197 610 2239 ego
631 2196 871 2238 exponam,
903 2196 1038 2237 quam
1069 2183 1250 2225 confido
1275 2182 1354 2224 tibi
1384 2184 1622 2238 probatum
1654 2182 1722 2225 iri.
1757 2185 1802 2226 In

168 2259 323 2302 schola
343 2258 550 2314 equidem
576 2267 782 2302 versatus
803 2274 904 2302 sum
927 2273 980 2303 ac
1002 2259 1234 2315 disputaui
1255 2259 1425 2315 duplici
1447 2260 1581 2315 stylo:
1614 2261 1803 2302 alterum

165 2334 212 2378 in
235 2335 455 2392 principio
475 2336 611 2380 huius
633 2336 720 2379 loci
743 2336 1098 2393 repraesentaui,
1124 2337 1202 2392 qui
1226 2336 1310 2379 fuit
1333 2336 1376 2379 in
1401 2336 1567 2379 scholis
1590 2335 1604 2361 f
1618 2338 1799 2392 peruul-

43 2460 62 2467 ἡ
166 2419 316 2469 gatus.
340 2413 431 2456 Hic
453 2412 563 2455 mihi
585 2412 768 2470 quidem
791 2428 883 2456 non
904 2413 1164 2470 displiceret
1194 2413 1271 2457 174
1295 2422 1477 2469 propter
1506 2414 1603 2456 eius
1632 2413 1801 2468 simpli-

35 2476 82 2515 2]
108 2530 129 2534 ,,
165 2489 348 2534 citatem
371 2497 511 2546 atque
533 2490 804 2543 libertatem,
824 2490 910 2533 nisi
932 2490 1008 2533 illa
1025 2490 1212 2533 libertas
1229 2491 1274 2532 in
1293 2490 1542 2533 barbariem
1563 2491 1800 2545 quamdam

167 2565 310 2611 abiret
341 2573 387 2610 et
408 2566 697 2623 imperitiam,
722 2566 992 2612 insolentem
1017 2567 1228 2611 subinde.
1257 2568 1412 2622 Itaque
1435 2567 1567 2609 etiam
1593 2566 1800 2609 Lutetiae

165 2641 241 2686 ille
268 2622 690 2700 stylus'abrogatus
718 2651 804 2697 est3
830 2642 1050 2687 successit
1078 2657 1187 2686 vero
1216 2658 1377 2687 sensus
1406 2643 1585 2697 quidam
1610 2657 1662 2686 ac
1688 2642 1803 2685 ratio

166 2720 463 2764 scholasticae
499 2720 851 2765 concertationis
884 2734 939 2764 ac
972 2719 1289 2775 simplicitatis,
1322 2720 1532 2762 omnibus
1564 2719 1800 2762 affectibus

235 2871 256 2890 ι
301 2862 412 2898 Haec
428 2862 619 2909 particula
637 2861 769 2898 addita
787 2868 849 2898 est
866 2874 888 2898 a
907 2863 998 2898 Nat.
1019 2863 1110 2899 stilo
1135 2863 1289 2911 lapideo
1313 2873 1428 2908 supra
1450 2873 1550 2897 vers.
1603 2880 1638 2887 -—
1652 2863 1669 2888 b
1696 2861 1802 2896 illud.

167 2919 230 2957 bis
251 2919 420 2962 habetur
442 2921 483 2957 in
509 2932 585 2957 ms.
645 2931 706 2949 ..c
737 2921 997 2958 Emendatum
1021 2934 1071 2957 ex
1095 2933 1210 2969 quae.
1262 2923 1328 2949 -d
1361 2923 1401 2956 in
1432 2922 1544 2955 horto
1574 2919 1747 2955 additum
1780 2931 1800 2954 a

166 2978 258 3017 Nat.
274 2978 315 3016 ih
329 2991 450 3027 marg.
503 2991 567 3009 -e
576 2980 753 3027 fortasis
771 2993 845 3018 ms,
898 2983 958 3008 —f
980 2981 1197 3017 Emendata
1214 2982 1310 3016 haec
1328 2992 1349 3025 4
1375 2981 1493 3015 verba
1513 2991 1534 3013 a
1554 2979 1642 3013 Nat.
1664 2990 1712 3013 ex
1731 2980 1801 3024 qui

59 3055 67 3065 ‹
94 3037 99 3041 ”
158 3037 253 3085 suit
269 3038 370 3075 olim
384 3040 497 3086 apud
518 3039 733 3086 sophistas,
