2098 3470
327 286 396 331 484
797 287 951 324 PA‘rms
979 289 1221 325 HOERONYffl
1246 288 1398 326 NADAL

280 387 410 432 derio
431 387 717 444 ingrediendi
739 389 1011 434 Societatem
1035 390 1137 446 plus
1154 389 1322 445 aliquid
1341 390 1547 435 minusue
1564 399 1779 436 asserant.
1800 394 1904 437 Non

282 464 507 521 oportebit
529 472 680 508 autem
706 466 1021 522 responsiones
1043 466 1179 509 huius
1201 467 1420 512 examinis
1441 468 1652 513 scribere.

369 547 452 588 349
479 543 724 597 Postquam
753 544 809 586 ad
846 543 1033 599 primam
1067 543 1376 599 probationem
1410 545 1510 601 quis
1547 546 1771 589 admissus
1804 546 1903 599 erit,

280 619 494 663 succedet
523 619 774 662 secundum
811 634 1016 672 examen,
1042 620 1163 675 quod
1191 627 1263 664 est
1297 619 1413 664 idem
1445 635 1547 664 cum
1580 636 1651 674 eo,
1675 623 1796 677 quod
1818 623 1912 667 late

281 694 540 739 continetur
558 693 687 738 initio
705 696 1085 740 constitutionum
1109 704 1153 740 et
1171 696 1343 754 incipit:
1374 699 1528 742 «Haec
1548 698 1731 741 minima
1749 699 1905 743 Socie-

280 778 373 815 tas»
400 779 502 824 etc.;
524 773 645 827 quod
663 772 797 816 faciat
813 774 936 817 solus
953 774 1006 825 is,
1028 773 1102 816 cui
1120 773 1318 816 officium
1337 774 1627 818 commissum
1646 782 1715 818 est
1736 776 1907 819 exami-

279 849 465 892 natoris:
486 849 679 905 pertinet
698 849 817 893 enim
837 857 980 893 totum
1003 852 1091 892 hoc
1110 850 1352 907 negocium
1370 851 1427 894 ad
1444 851 1541 894 eius
1559 851 1787 908 proprium
1805 867 1905 895 mu-

280 940 382 978 nus;
408 926 637 981 agendum
660 934 901 991 autem'est
923 929 1009 970 hoc
1032 941 1220 971 examen
1249 942 1340 970 non
1371 928 1568 971 breuiter
1593 929 1655 985 (vt
1681 928 1902 985 superius)

279 990 359 1046 sed
381 1002 561 1056 diffuse3
587 1003 633 1045 in
654 1018 708 1047 eo
731 1004 849 1047 enim
876 1003 1066 1047 traditur
1095 1003 1295 1060 cognitio
1324 1003 1583 1058 Societatis,
1610 1004 1906 1061 imprimitur-

280 1094 368 1135 que
390 1079 488 1123 eius
509 1080 763 1123 substantia
785 1087 830 1124 et
854 1080 1018 1125 veritas
1041 1080 1087 1122 in
1116 1081 1255 1124 corde
1279 1079 1392 1134 eius,
1419 1080 1495 1136 qui
1527 1081 1705 1124 admitti
1732 1081 1909 1126 deside—

277 1164 362 1210 rat3
389 1157 523 1199 simul
545 1156 621 1212 qui
651 1157 894 1209 examinat,
929 1164 973 1200 et
1004 1156 1201 1212 inquiret
1230 1157 1456 1213 copiosius
1484 1172 1535 1200 ac
1570 1157 1833 1214 diligentius
1856 1166 1903 1203 et

275 1234 442 1278 clarius
465 1233 614 1276 omnia
643 1241 911 1290 cognoscet:
944 1242 989 1276 et
1017 1241 1117 1290 post
1145 1233 1334 1289 primam
1368 1249 1423 1277 ex
1453 1234 1671 1290 superiori
1701 1235 1905 1279 examine

273 1311 556 1363 relationem,
584 1318 679 1356 2.³¹¹¹
701 1310 826 1354 dabit
850 1310 1070 1367 superiori
1093 1310 1355 1367 pleniorem.
1382 1310 1607 1354 Iudicabit
1634 1325 1743 1355 vero
1771 1325 1905 1367 supe-

274 1387 364 1430 rior
387 1402 543 1430 rursus
565 1387 832 1440 consultius,
859 1387 975 1430 sitne
997 1387 1034 1430 is
1057 1394 1189 1443 aptus
1211 1387 1267 1429 ad
1289 1387 1577 1439 Societatem,
1604 1402 1659 1430 an
1683 1402 1789 1430 non:
1816 1403 1894 1430 no-

273 1463 477 1507 minatim
507 1478 616 1507 vero
643 1464 722 1507 fiat
752 1463 954 1507 exactius
982 1478 1172 1507 examen
1209 1463 1266 1507 de
1296 1461 1512 1507 bmnibus
1550 1463 1905 1519 impedimentis,

273 1555 365 1584 non
388 1541 534 1583 solum
551 1541 607 1584 de
630 1540 883 1584 necessario
906 1539 1270 1592 excludentibus,
1296 1541 1375 1583 sed
1397 1541 1454 1584 de
1476 1539 1573 1584 aliis
1595 1540 1730 1584 etiam
1753 1541 1898 1583 omni-

271 1619 358 1661 bus
381 1625 425 1660 et
454 1617 788 1674 impedimentis
816 1622 900 1664 350
929 1626 974 1659 et
1003 1617 1155 1671 rebus,
1181 1618 1236 1660 de
1259 1617 1423 1672 quibus
1451 1616 1670 1673 superiori
1698 1617 1903 1661 examine

272 1694 522 1751 attigimus.

359 1773 539 1816 Habeat
562 1770 840 1816 examinator
863 1785 1051 1815 examen
1074 1770 1118 1812 in
1142 1785 1294 1822 manu,
1315 1777 1393 1813 aut
1415 1771 1572 1813 saltem
1596 1770 1640 1813 in
1665 1769 1901 1824 memoria,

270 1855 317 1892 et
338 1848 483 1904 primo
505 1849 687 1901 referat,
713 1862 829 1903 quae
858 1846 1148 1891 continentur
1180 1847 1225 1889 in
1247 1847 1393 1903 primo
1423 1847 1585 1903 capite,
1610 1854 1825 1903 petatque
1845 1848 1902 1890 ab

271 1940 341 1978 e0‚
368 1925 445 1981 qui
474 1924 776 1977 examinatur,
801 1924 1068 1980 placeantne
1096 1923 1188 1976 illa,
1214 1939 1271 1967 an
1294 1938 1398 1968 non.
1421 1923 1598 1986 Deinde
1620 1923 1903 1969 examinetur

269 2002 396 2046 iuxta
418 2003 510 2055 illa,
538 2016 654 2059 quae
676 2001 890 2044 dicuntur
918 2002 962 2044 in
987 2001 1065 2044 2.⁰
1088 2001 1250 2057 capite.
1278 2002 1414 2056 Quod
1437 2001 1474 2044 si
1502 2015 1594 2044 non
1625 2000 1793 2044 fuerint
1815 2001 1896 2043 im-

272 2079 529 2136 pedimenta
552 2079 702 2135 aliqua
725 2078 998 2131 essentialia,
1024 2078 1332 2134 interrogetur
1360 2084 1692 2133 consequenter
1719 2078 1775 2122 de
1811 2077 1901 2130 his,

272 2171 387 2212 quae
414 2157 641 2213 pertinent
669 2156 724 2199 ad
756 2163 851 2210 3.‘¹¹¹¹
879 2164 1031 2212 caput,
1062 2162 1108 2199 et
1138 2154 1454 2211 responsiones
1482 2154 1753 2206 scribantur,
1788 2168 1906 2210 quas.

271 2233 381 2278 velit
403 2233 458 2287 is,
484 2234 562 2289 qui
592 2233 916 2288 interrogatur,
943 2231 1114 2286 reliqua
1142 2245 1249 2274 vero
1277 2238 1450 2275 secrete
1479 2230 1645 2287 poterit
1672 2229 1900 2275 examina-

274 2310 360 2353 tori
376 2311 647 2366 patefacere,
667 2316 716 2352 vt
737 2308 775 2353 is
796 2310 853 2353 de
875 2323 927 2352 ea
950 2324 998 2352 re
1021 2309 1166 2352 solum
1189 2307 1466 2364 superiorem
1490 2307 1727 2351 certiorem
1747 2306 1896 2351 faciat.

272 2388 343 2431 De
366 2386 436 2429 his
457 2401 585 2439 vero,
612 2399 727 2442 quae
748 2384 810 2429 ita
841 2392 1014 2429 secrete
1037 2391 1081 2429 et
1109 2383 1294 2428 seorsim
1324 2385 1379 2427 ab
1407 2383 1710 2426 examinando
1732 2381 1899 2426 intelli-

274 2470 464 2520 guntur,
479 2463 644 2507 efficiet
660 2461 863 2518 superior
881 2469 898 2486 ³
915 2468 1134 2506 secretam
1153 2461 1379 2517 quandam
1398 2459 1657 2504 memoriam
1673 2474 1752 2516 per
1769 2459 1900 2516 signa

274 2541 512 2595 quaedam,
536 2539 599 2583 ita
619 2546 668 2582 vt
691 2537 776 2582 sibi
803 2537 886 2580 soli
918 2538 1130 2593 prodesse
1158 2536 1316 2593 possit,
1342 2551 1532 2591 eamque
1561 2542 1735 2580 secrete
1765 2535 1898 2579 etiam

272 2624 318 2660 et
340 2616 528 2661 seorsim
547 2615 747 2667 habebit,
768 2614 1043 2669 neminique,
1065 2613 1151 2656 nisi
1172 2613 1266 2656 suis
1289 2612 1596 2669 superioribus
1611 2616 1680 2658 351
1699 2620 1778 2655 aut
1793 2626 1898 2673 suc·

272 2693 544 2743 cessoribus,
569 2690 826 2749 patefaciat.
854 2690 963 2746 Qui,
990 2690 1112 2733 omni
1133 2689 1368 2746 diligentia
1389 2688 1606 2741 abhibita,
1633 2703 1724 2732 rem
1749 2687 1898 2733 seere-

276 2777 366 2813 tam
389 2771 509 2826 apud
531 2784 580 2813 se
602 2768 957 2820 conseruabunt3
983 2774 1028 2810 et
1066 2767 1247 2810 tandem
1276 2766 1512 2822 rogabitur
1540 2765 1594 2820 is,
1620 2764 1697 2822 qui
1729 2765 1898 2810 exami⁶

272 2854 424 2899 natur,
444 2846 612 2890 velitne
630 2843 791 2889 subiici
808 2844 878 2896 iis,
897 2858 1015 2899 quae
1032 2843 1117 2886 sibi
1134 2849 1449 2899 proponuntur
1463 2842 1508 2884 in
1525 2844 1611 2885 hoc
1629 2841 1792 2898 capite,
1807 2849 1894 2885 etc.

274 2924 444 2966 Eodem
469 2923 622 2978 itaque
653 2921 812 2965 ordine
836 2926 1132 2976 prosequetur
1153 2919 1198 2961 in
1227 2918 1533 2975 proponendis
1562 2918 1631 2971 iis,
1657 2933 1773 2974 quae
1795 2932 1897 2974 per—

341 3098 359 3114 a
408 3087 666 3133 superiorum
693 3097 765 3121 ms.
