2098 3470
277 264 347 310 296
727 294 730 298 ,
743 265 897 302 PArms
922 265 1169 303 HmRoNYm
1195 266 1345 302 NADAL

232 364 491 421 theologica
513 372 558 409 et
575 367 859 422 praefectura
881 367 1118 420 ecclesiae,
1145 382 1170 410 a
1193 381 1297 422 qua,
1324 381 1427 410 cum
1452 366 1628 410 uenerit
1654 369 1704 410 P.
1731 369 1859 412 Stro-

231 441 395 493 belius,
416 442 696 496 liberabitur,
721 452 767 487 et
789 459 843 488 eo
866 452 1066 500 tempore
1089 444 1253 500 poterit
1284 445 1474 489 fortasse
1501 444 1659 487 iuuare
1687 444 1786 489 aliis
1814 445 1860 489 in

233 519 387 571 rebus,
414 519 511 562 siue
539 519 674 563 lectio
702 522 852 577 aliqua
880 522 938 564 sit
967 521 1221 565 necessaria
1250 520 1578 577 philosophiae,
1603 521 1702 566 siue
1731 522 1856 564 farni-

232 595 355 638 liaris
378 596 527 652 aliqua
550 596 683 640 lectio
706 598 965 654 theologica
987 598 1124 650 domi,
1150 597 1248 640 siue
1277 597 1374 640 aliis
1397 597 1442 640 in
1465 599 1616 641 rebus.
1643 598 1735 643 Sed
1757 613 1861 641 cum

234 672 475 717 lectionem
506 688 642 717 unam
680 676 935 731 theologiae
972 677 1094 731 leget
1122 684 1167 718 et
1201 675 1332 718 aliam
1361 675 1690 731 philosophiae,
1717 683 1762 718 et
1793 683 1863 719 est

234 751 494 806 praefectus
518 752 751 805 ecclesiae,
778 769 835 797 ne
858 763 1106 808 occupetur
1134 752 1179 794 in
1208 752 1573 796 confessionibus
1602 760 1646 796 et
1669 752 1767 796 aliis
1789 768 1862 797 re-

236 826 337 879 bus,
358 829 507 883 quoad
529 828 627 872 eius
650 830 746 873 fieri
768 837 930 886 potest.

323 905 620 949 Sebastianus
636 905 824 951 Silesius
841 907 1004 963 poterit
1022 921 1313 962 perseuerare
1329 906 1375 948 in
1387 907 1527 949 classe
1545 921 1627 949 sua
1645 908 1701 950 2.“
1713 920 1863 962 gram-

235 981 439 1034 matices,
466 990 511 1026 et
533 982 570 1026 si
599 983 699 1038 quis
726 984 799 1036 sit,
831 984 907 1039 qui
936 984 1077 1040 possit
1106 984 1147 1027 ei
1175 983 1387 1026 substitui
1417 991 1435 1008 ³
1466 983 1511 1025 in
1540 983 1707 1035 officio,
1742 983 1864 1038 quod

236 1057 355 1114 gerit
382 1057 428 1100 in
452 1059 646 1116 collegio
674 1074 811 1112 nouo,
838 1061 913 1115 qui
936 1060 1161 1116 grauitate
1184 1067 1229 1103 et
1257 1059 1497 1102 autoritate
1519 1058 1666 1115 magis
1696 1059 1862 1111 ualeat,

236 1134 282 1176 id
304 1148 394 1177 non
419 1135 503 1179 erit
525 1136 867 1194 negligendum3
895 1151 998 1179 cum
1022 1151 1113 1179 non
1135 1136 1344 1179 uideatur
1374 1144 1523 1178 tamen
1552 1137 1638 1178 hoc
1662 1143 1865 1190 tempore

237 1213 500 1266 mutandus,
526 1220 654 1256 curet
682 1213 972 1269 prouincialis
1000 1221 1043 1256 et
1073 1222 1220 1256 rector
1251 1211 1347 1268 ipse
1372 1219 1419 1255 ut
1452 1211 1666 1256 maiorem
1699 1213 1865 1255 habeat

233 1289 553 1333 auctoritatem
579 1292 701 1346 apud
723 1306 846 1334 suos.

327 1366 524 1410 Michael
546 1368 667 1421 Polt,
693 1358 899 1410 absoluat
922 1381 1122 1418 cursum,
1155 1365 1335 1419 deinde,
1366 1365 1403 1407 si
1432 1380 1525 1408 non
1553 1373 1623 1408 est
1652 1379 1865 1409 necessa-

238 1442 332 1486 rius
353 1443 539 1487 omnino
557 1445 614 1486 ad
631 1445 975 1501 gubernandam
993 1444 1188 1498 aliquam
1206 1443 1411 1494 classem,
1432 1442 1638 1484 mittatur
1655 1443 1862 1484 Romam.

328 1521 593 1564 Cardaneus
615 1522 821 1565 absoluat
843 1535 1025 1564 cursum
1054 1535 1204 1572 suum,
1236 1526 1280 1563 et
1308 1518 1486 1561 interim
1514 1518 1657 1574 primo
1686 1532 1868 1574 quoque

174 1613 181 1629 ¹
239 1600 442 1653 tempore
472 1598 551 1640 fiat
581 1597 847 1655 praesbiter,
879 1606 923 1641 et
952 1598 1227 1654 pedetentim
1261 1596 1484 1639 audiendo
1513 1595 1788 1651 theologiam
1820 1595 1867 1637 in

239 1675 326 1716 hoc
349 1675 546 1731 collegio
569 1677 645 1719 det
667 1690 848 1732 operam
871 1675 1069 1717 iuuando
1092 1673 1296 1730 proximo
1318 1672 1630 1726 concionibus,
1656 1679 1743 1716 etc.

329 1751 644 1796 Theodoricus
670 1753 842 1797 flander
864 1752 1016 1795 audiat
1045 1751 1263 1796 lectiones
1292 1749 1587 1806 theologicas,
1613 1757 1657 1793 et
1686 1763 1868 1805 promo-

243 1835 404 1872 ueatur
435 1830 492 1872 ad
519 1830 836 1882 sacerdotium,
869 1837 913 1873 et
941 1829 1064 1873 iuuet
1095 1827 1140 1870 in
1170 1827 1428 1871 ministeriis
1463 1826 1682 1870 ecclesiae
1714 1824 1872 1881 proxia

239 1919 339 1948 mos
368 1905 402 1959 b;
427 1907 651 1950 scribatur
683 1914 834 1950 tamen
857 1906 980 1950 Patri
1009 1905 1210 1962 generali
1238 1920 1293 1948 an
1324 1905 1448 1946 illurn
1479 1903 1587 1946 uelit
1616 1902 1793 1946 mittere
1823 1901 1870 1944 in

240 1984 430 2037 Indiam,
456 1999 548 2040 quo
580 1985 873 2028 uehementer
896 1983 1099 2027 inclinat.

333 2061 626 2115 Benedictus,
650 2061 688 2103 si
710 2075 799 2116 qua
822 2061 995 2104 ratione
1018 2060 1114 2103 fieri
1137 2059 1294 2116 possit,
1319 2058 1534 2102 liberetur
1556 2072 1582 2101 a
1603 2071 1686 2101 sua
1707 2044 1882 2106 classe,-

243 2138 317 2182 uel
340 2146 663 2194 promoueatur
685 2138 743 2180 ad
765 2138 1059 2194 superiorem.

328 2215 652 2272 Sigismundus
673 2223 973 2271 prosequatur
1000 2230 1082 2258 sua
1104 2215 1253 2258 studia
1280 2214 1596 2257 humaniorum
1618 2211 1867 2261 literarum,

239 2299 285 2338 et
311 2292 647 2338 animaduertat
679 2299 826 2335 rector
854 2307 910 2335 ne
939 2299 1143 2335 conterat
1176 2299 1355 2347 tempus
1388 2292 1554 2333 frustra
1587 2289 1634 2331 in
1667 2285 1872 2331 sacristia

239 2369 468 2413 italorum.

331 2449 383 2490 P.
398 2448 598 2504 Joannes
615 2445 831 2489 Nicolaus
849 2445 932 2490 erit
954 2445 1157 2490 minister
1175 2444 1370 2501 collegii,
1391 2450 1441 2485 ut
1457 2443 1631 2486 dictum
1648 2448 1734 2494 est,
1755 2447 1872 2483 tam—

241 2523 326 2568 etsi
350 2523 528 2567 occasio
551 2529 619 2567 est
648 2522 924 2578 accipienda,
949 2537 1052 2566 curn
1076 2522 1268 2578 primurn
1292 2520 1472 2577 poterit,
1498 2527 1548 2562 ut
1570 2526 1643 2563 eat
1670 2518 1717 2561 in
1739 2520 1774 2561 F
1777 2519 1873 2561 lan-

240 2601 384 2644 driam
406 2601 463 2644 ad
485 2599 797 2643 distribuenda
818 2600 937 2641 bona
959 2614 1055 2643 sua.

330 2679 402 2722 De
442 2679 494 2722 P.
534 2676 748 2720 Gabriele
784 2677 979 2719 Morales
1015 2675 1240 2719 scribatur
1282 2677 1472 2718 Romam
1510 2673 1654 2729 primo
1691 2685 1874 2727 quoque

243 2762 461 2810 tempore,
487 2761 533 2796 et
555 2760 734 2809 petatur
755 2752 916 2807 aliquis
938 2753 1170 2809 hispanus,
1197 2752 1275 2808 qui
1296 2752 1449 2795 audiat
1471 2749 1780 2807 confessiones
1802 2747 1874 2789 hi-

243 2846 487 2888 spanorum
511 2839 555 2874 et
579 2831 804 2882 italorum;
832 2837 881 2871 ut
904 2829 977 2873 ille
1001 2829 1141 2885 possit
1164 2831 1352 2872 Romam
1375 2827 1508 2880 mitti,
1533 2834 1578 2870 et
1599 2827 1754 2882 legere
1775 2840 1875 2868 ma·

245 2908 501 2953 thematica.
536 2909 712 2951 Interea
740 2914 920 2950 maneat
948 2906 1038 2959 hic,
1070 2913 1115 2951 et
1137 2921 1231 2949 non
1254 2906 1310 2949 sit
1339 2919 1526 2949 necesse
1554 2911 1604 2946 ut
1631 2904 1756 2959 legat
1777 2916 1876 2944 ma-

243 2985 535 3030 thematicen.

315 3087 333 3103 a
385 3078 455 3112 Ms.
475 3075 652 3112 sustitui.
705 3076 772 3102 —b
797 3074 870 3109 Ms.
893 3074 1105 3120 proximis,
