2098 3470
371 301 442 335 260
844 300 998 336 PATms
1022 301 1268 338 Huzaoxyffl
1294 301 1444 339 NADAL

326 400 487 446 sistere
508 401 705 445 debeant
734 401 951 445 cardinali
979 402 1026 445 in
1047 402 1253 446 vestibus
1281 402 1421 447 sacris
1448 405 1476 458 ¹,
1501 419 1558 448 an
1587 405 1756 451 habere
1783 413 1961 452 extem·—

325 491 548 533 poraneas
569 477 812 522 conciones
832 478 1010 531 latinas,
1037 486 1126 523 etc.

413 556 484 598 De
506 554 824 599 vacationibus
847 563 892 601 et
914 555 1156 601 conuiuiis.

412 633 483 675 De
505 631 717 688 apologia
740 634 798 678 D.
827 633 958 676 Pauli
976 632 1128 676 Hoffei
1151 633 1185 678 ².

415 708 634 752 Melchior
655 715 809 752 vtatur
830 709 1114 766 perspiciliis,
1134 724 1237 752 raro
1257 710 1572 765 concionetur,
1599 711 1744 756 rarius
1766 713 1956 758 scribat.

416 787 605 829 Petatur
627 787 885 843 exemplum
909 786 1197 830 instrumenti
1212 787 1509 843 procuratorii
1532 803 1559 831 a
1583 791 1648 832 M.
1681 790 1887 834 Horatio.

412 865 503 908 Det
525 878 705 920 operam
731 871 877 907 rector
899 879 956 907 ne
973 863 1268 920 negligantur
1288 879 1360 908 res
1382 864 1676 921 particulares
1692 867 1889 924 collegii.

415 942 653 985 Habeatur
675 955 784 984 cura
806 940 1011 984 sanitatis
1035 943 1086 983 P.
1111 940 1320 996 Gerardi,
1345 948 1391 985 et
1411 943 1576 986 habeat
1598 941 1876 1000 scriptorem.
1895 995 1898 999 ⁴

415 1019 560 1062 Curet
582 1025 733 1062 rector
754 1026 803 1060 vt
826 1017 1036 1073 occupati
1059 1017 1149 1060 sint
1173 1017 1476 1062 coadiutores.

413 1096 485 1140 De
505 1094 723 1151 scriptore
747 1094 894 1138 Patris
916 1093 1103 1146 Canisii,
1129 1109 1186 1136 an
1207 1095 1244 1137 F
1246 1094 1493 1138 ranciscuS.

414 1171 591 1228 Diegus
613 1171 671 1215 sit
692 1178 928 1227 promptus
949 1171 1006 1213 ad
1028 1170 1314 1227 aperiendam
1337 1152 1527 1227 poi‘tam.

415 1251 468 1292 P.
490 1248 750 1305 Lapidanus
768 1237 970 1303 quotidie
986 1248 1200 1300 celebret,
1221 1248 1601 1303 quemadmodum
1619 1249 1710 1302 alii,
1730 1264 1812 1306 pro
1830 1264 1962 1294 more-

324 1325 579 1371 Societatis.

415 1403 607 1446 Carolus
628 1402 747 1458 legat
770 1401 967 1444 officium
994 1402 1250 1446 «Aeternae
1271 1401 1562 1457 sapientiae».

415 1478 701 1535 Redigantur
728 1477 1010 1522 in—ordinem
1043 1477 1301 1534 theologiae
1328 1478 1575 1532 auditores,
1606 1487 1652 1523 et
1679 1481 1963 1524 mulctentur

325 1558 554 1601 absentes.

414 1633 682 1677 Dominicus
705 1633 915 1688 loquatur
937 1640 954 1657 ³
975 1631 1129 1684 latine,
1154 1640 1200 1675 et
1222 1631 1282 1675 ita
1304 1632 1478 1676 discere
1501 1639 1665 1689 potest.

416 1710 652 1767 Philippus
673 1710 837 1753 habeat
856 1724 989 1752 suum
1013 1717 1190 1765 tempus
1212 1708 1443 1753 orationis.

419 1790 583 1831 Petrus
605 1786 885 1831 louaniensis
902 1785 1068 1843 poterit
1090 1785 1288 1829 ordinari
1310 1787 1541 1830 sacerdos.

416 1865 683 1920 Exemplum
700 1863 841 1906 officii
859 1862 1046 1907 rectoris
1063 1862 1268 1906 mittatur
1285 1862 1462 1918 Spiram
1480 1864 1535 1907 ad
1554 1863 1796 1921 [Na]talem
1814 1863 1965 1921 primo

329 1957 514 1999 quoque
537 1948 754 1997 tempore.

417 2019 596 2075 Scripta
617 2017 897 2075 Sigismundi
920 2018 1065 2074 prima
1086 2017 1323 2061 occasione
1345 2016 1630 2076 mittan[tur].

1103 2155 1184 2198 45

1085 2247 1187 2342 Jlis.

582 2388 758 2444 QUAE
789 2387 958 2429 DIXIT
991 2385 1171 2429 RDUS.
1208 2385 1413 2428 PATER
1445 2384 1716 2428 NATALIS

867 2475 1100 2506 DILINGAE
1135 2475 1355 2505 SECUNDO
1384 2462 1416 2503 ⁵.

418 2558 760 2617 Augustiniana
781 2557 1016 2601 dedicetur
1038 2572 1064 2599 a
1087 2559 1222 2600 Patre
1245 2555 1457 2600 Torrensi
1480 2555 1665 2598 omnino
1686 2554 1901 2598 cardinali
1923 2555 1962 2598 ⁴.
2031 2545 2034 2549 ¹

397 2678 416 2696 a
466 2666 578 2702 Prius
594 2668 720 2712 potest
738 2665 857 2710 loqui,
875 2663 1015 2698 deinde
1034 2675 1053 2698 a
1074 2662 1203 2698 Natali
1221 2661 1470 2697 emendatum
1489 2667 1531 2697 ut
1550 2673 1679 2708 supra.

399 2757 411 2778 ¹
462 2756 525 2794 Cf.
547 2731 679 2802 Εἷῑει.
704 2754 753 2789 P.
773 2752 926 2793 Nadaz,
945 2752 1015 2796 111,
1034 2751 1118 2798 340,
1138 2763 1176 2787 n.
1194 2761 1229 2796 9.

398 2820 412 2839 ²
465 2814 657 2863 Apologia
673 2818 808 2849 contra
826 2809 1125 2857 Smigdelinum.
1145 2810 1207 2846 Cf.
1228 2810 1358 2857 Epist.
1379 2811 1432 2845 P.
1456 2809 1607 2850 Nadal,
1627 2809 1698 2854 111,
1717 2817 1776 2854 25,
1797 2808 1854 2845 26.

401 2878 415 2898 ⁵
465 2877 523 2911 Ex
543 2875 770 2920 archetypo,
789 2883 811 2906 a
828 2871 875 2906 P.
900 2870 1078 2917 Jimenez
1097 2875 1269 2916 exarato,
1285 2875 1324 2905 et
1337 2868 1499 2905 aNatali
1517 2874 1557 2904 et
1573 2869 1741 2904 Polanco
1758 2872 1960 2912 annotato,
2018 2856 2037 2906 «

329 2938 370 2972 in
388 2934 525 2972 codice
543 2933 684 2969 Natal.
705 2931 824 2967 instr.
849 2930 1000 2973 Germ„
1022 2929 1126 2965 foliis
1147 2930 1427 2974 12(10)-14(20).
1448 2928 1542 2963 Pars
1565 2927 1680 2974 hujus
1703 2926 1966 2971 monumenti,
2026 2922 2035 2939 '³
2072 2930 2074 2934 “

327 2995 377 3031 ad
396 2994 525 3031 studia
543 2997 739 3040 spectans,
758 2990 862 3026 edita
881 2995 941 3024 est
958 2989 1060 3036 apud
1078 2994 1210 3024 nostra
1226 2988 1408 3024 Menum.
1429 2988 1628 3034 Paedag.,
1647 2997 1734 3033 pag.
1754 2985 1838 3031 768.

399 3056 414 3076 ⁴
465 3054 603 3089 Sermo
628 3056 689 3087 est
711 3051 760 3086 de
785 3049 884 3086 libro
914 3049 957 3084 P.
990 3047 1222 3094 Hieronymi
1251 3046 1436 3092 Torresfi,
1467 3046 1530 3081 cui
1561 3046 1698 3081 titulus
1730 3043 1966 3080 «Confessio
2012 3070 2023 3091 4
2055 3046 2066 3078 ⁴¹

333 3112 623 3160 Avgustiniana
653 3111 692 3146 in
722 3110 840 3145 libros
870 3112 1026 3155 qvatror
1054 3107 1282 3150 disfflbvta,
1313 3110 1353 3141 et
1388 3105 1507 3140 certis
1543 3103 1736 3151 eapitibvs
1773 3105 1963 3146 locorvm,
2014 3118 2022 3161 ,⁸¹
2057 3115 2067 3132 :2
