2098 3470
3 1170 5 1175 Α
0 894 18 1135 ,Τρ-,νψωνψν-ππὴ-
0 863 9 875 ν
0 825 7 846 -v
3 806 6 810 -
0 699 2 703 *
0 658 14 668 χ

42 1142 50 1148 ι
31 1123 34 1125 ’
28 1034 48 1066 't‘
37 931 54 941 v,v
46 883 50 885 ,
48 792 54 795 ⁴
29 770 33 772 ’
47 727 50 731 .

642 251 879 293 otuu-roms
901 259 1348 297 centemnens—70
1693 261 1760 299 7²1

149 344 152 345 ⁷
177 353 228 398 in>
247 369 431 399 manum
452 354 552 400 eius
572 361 620 400 et
638 353 789 398 sinum
810 368 861 398 se
880 352 1021 397 iactat
1040 336 1099 396 ex
1121 360 1216 396 toto
1238 353 1377 396 corde
1398 354 1699 407 confidenter,
1720 368 1784 411 gu
1797 378 1810 385 ·

127 424 139 434 ”
177 432 479 484 bemandum,
508 446 563 475 ac
589 430 875 488 dirigendum
902 431 960 474 ad
989 429 1415 487 perauafeetionem:
1447 430 1556 486 quid
1578 446 1669 474 non
1691 439 1761 474 est
1783 446 1810 474 a

178 507 445 552 clementiae
465 507 669 552 infinitae
690 509 827 552 Patre
847 507 1032 552 coelesti
1052 507 1348 567 sperandum?
1365 507 1440 549 vbi
1463 522 1558 550 non
1575 508 1809 552 confiden-

177 584 309 628 dum?
329 586 418 628 hac
438 584 746 642 resignatione
766 583 945 636 fruaris;
969 583 1142 639 reliqua
1165 583 1319 627 omnia
1335 583 1534 640 accipias
1556 599 1582 627 a
1605 584 1809 641 superio-

158 661 322 716 vribus,
346 661 476 718 quasi
502 678 530 706 a
555 648 671 715 Deo,
701 661 776 705 cui
801 660 1050 713 credidisti,
1080 661 1154 704 cui
1185 668 1231 704 te
1259 668 1405 704 totum
1434 661 1675 705 tradidisti:
1701 661 1808 704 hinc

179 752 338 794 pacem
358 739 565 783 inuenies
585 746 634 783 et
653 737 948 783 suauissimos
969 739 1147 782 fructus
1161 754 1219 782 ex
1234 737 1508 782 obedientia.

267 815 529 860 Offeramus
550 815 734 860 Christo
754 830 860 860 cum
879 815 1050 858 sanctis
1069 814 1234 872 Magis,
1249 829 1355 858 cum
1377 829 1533 858 eorum
1551 815 1685 858 simul
1706 830 1811 858 mu-

180 891 381 944 neribus,
421 892 467 935 in
503 907 615 936 auro
649 899 976 949 paupertatem,
1010 892 1058 935 in
1086 894 1220 936 thure
1249 892 1571 943 obedientiam,
1597 902 1734 948 atque
1763 893 1807 935 in

179 969 352 1013 mirrha
373 970 645 1014 castitatem:
670 985 828 1014 rursus
847 969 896 1012 in
916 984 1029 1013 auro
1052 977 1144 1014 tres
1167 969 1359 1014 virtutes
1381 970 1633 1026 theologas,
1655 971 1807 1021 fidem,

50 1044 58 1051 ⁵
180 1060 324 1103 spem,
348 1055 395 1091 et
416 1047 699 1100 charitatem,
729 1055 867 1103 atque
893 1062 1050 1091 earum
1077 1047 1380 1103 operationes;
1406 1047 1452 1089 in
1482 1049 1617 1091 thure
1644 1047 1811 1090 oratio-

180 1137 302 1176 nem3
326 1123 374 1166 in
395 1123 563 1167 mirrha
585 1124 991 1177 mortificationem,
1015 1138 1121 1168 cum
1143 1124 1263 1168 votis
1280 1124 1502 1169 nostris...

270 1200 366 1256 Qui
387 1208 577 1244 vocatur
598 1202 656 1244 ad
678 1201 961 1258 religionem,
986 1201 1027 1246 ei
1049 1201 1192 1245 oritur
1213 1201 1406 1257 primum
1430 1203 1575 1252 stella,
1606 1216 1669 1244 ac·
1686 1202 1811 1244 ducit

181 1277 240 1320 ad
268 1279 579 1333 quaerendum
602 1278 852 1330 Christum,
883 1277 968 1335 ipsi
995 1293 1155 1323 recens
1182 1286 1357 1330 natum,
1391 1286 1437 1322 et
1465 1279 1523 1320 ad
1550 1279 1592 1321 ei
1616 1281 1811 1322 offeren-

180 1355 291 1398 dum
321 1355 442 1397 dona
473 1369 573 1407 sua,
604 1354 651 1398 id
681 1363 766 1407 est,
798 1355 991 1411 primum
1018 1356 1298 1399 voluntatem
1326 1363 1431 1398 vota
1461 1355 1671 1407 faciendi,
1704 1356 1809 1399 dein

180 1438 287 1476 vota
308 1430 445 1476 etiam
467 1432 580 1487 ipsa;
606 1447 686 1487 per
707 1447 869 1474 aurum
890 1432 1011 1476 enim
1027 1431 1312 1489 significatur
1329 1440 1587 1488 paupertas,
1609 1448 1687 1489 per
1706 1435 1813 1475 thus

181 1507 454 1560 obedientia,
489 1523 571 1564 per
602 1509 816 1552 mirrham
849 1509 1049 1552 castitas.
1083 1509 1312 1565 Sequatur
1344 1509 1455 1552 illud
1486 1510 1638 1553 lumen
1673 1524 1810 1552 voca-

181 1583 334 1638 tionis,
358 1584 528 1637 veniat,
560 1593 763 1640 quaerat,
788 1600 879 1628 non
901 1586 990 1629 iam
1018 1586 1078 1629 ab
1098 1587 1285 1631 Herode
1309 1594 1357 1631 et
1373 1587 1569 1642 judaeis,
1600 1587 1646 1630 id
1667 1595 1754 1639 est,
1785 1602 1811 1629 a

181 1661 426 1718 prophanis
445 1669 492 1705 et
514 1662 801 1715 aduersariiS,
825 1663 907 1706 sed
929 1664 986 1706 ab
1013 1663 1110 1716 his,
1123 1668 1195 1710 310
1221 1658 1387 1720 quibus
1414 1664 1539 1707 dedit
1567 1664 1812 1720 negocium

182 1739 310 1783 Deus
325 1738 372 1781 in
388 1739 580 1783 ecclesia
596 1746 645 1781 vt
662 1739 784 1782 illam
801 1740 1011 1796 gratiam,
1032 1740 1143 1784 illud
1159 1741 1418 1785 institutum
1434 1750 1807 1784 commonstrent.

271 1817 340 1859 Ex
360 1815 555 1860 lectione
574 1830 805 1860 sacrarum
829 1817 1153 1873 scripturarum
1175 1820 1462 1862 et'horarum
1491 1819 1811 1862 canonicarum

181 1894 383 1949 petunda
404 1890 605 1945 d'euotio,
630 1901 676 1937 et
698 1908 848 1937 rerum
877 1894 1176 1950 spiritualium
1204 1909 1259 1939 ac
1284 1896 1419 1939 etiam
1448 1896 1704 1939 diuinarum
1733 1911 1811 1938 co-

184 1969 347 2027 gnitio,
371 1984 487 2026 quae
509 1969 632 2013 illinc
654 1971 770 2013 solet
790 1971 1020 2027 refulgere
1042 1980 1315 2016 etc-mentem
1337 1972 1576 2016 illustrare.

277 2047 594 2103 Contemplare
625 2055 671 2092 et
702 2048 840 2090 adora
871 2056 1206 2092 sacrosanctam
1237 2049 1462 2107 virginem
1485 2050 1691 2101 Mariam,
1718 2065 1813 2092 ma-

132 2187 136 2191 ·
185 2130 301 2168 trem
333 2124 436 2176 Dei;
471 2123 578 2168 inde
606 2123 835 2181 intelliges
862 2131 909 2168 et
936 2125 1144 2180 gustabis
1170 2125 1333 2182 spiritu
1367 2127 1531 2171 mentis
1564 2135 1668 2171 tuae
1691 2128 1810 2170 illam

184 2214 286 2244 esse
316 2208 506 2246 matrem
538 2200 887 2253 misericordiae,
928 2200 1107 2257 pietatis
1138 2202 1336 2255 diuinae,
1367 2204 1619 2252 charitatis,
1655 2204 1812 2247 salutis

186 2285 385 2329 nostrae,
422 2277 765 2333 redemptionis,
793 2278 1101 2332 beatitudinis,
1132 2288 1241 2332 etc.,
1272 2281 1377 2337 quia
1407 2282 1492 2325 Dei
1525 2288 1684 2325 mater:
1717 2289 1811 2323 tum

186 2362 377 2398 matrem
398 2369 498 2398 esse
518 2362 719 2397 nostram
737 2369 814 2410 per
830 2355 1117 2411 adoptionem
1135 2356 1182 2400 in
1198 2357 1327 2401 Filio.
1349 2360 1480 2402 Vnde
1497 2373 1812 2413 quaecumque

129 2492 137 2502 .
186 2431 319 2475 nobis
339 2433 487 2487 XpuS.
514 2431 777 2487 promeruit,
802 2431 887 2488 ipsi
908 2440 1094 2489 accepta
1115 2435 1272 2479 referri
1288 2444 1493 2492 possunt,
1515 2444 1562 2477 vt
1581 2450 1661 2491 per
1678 2449 1813 2490 quam

188 2508 423 2552 Christum
452 2516 725 2564 acceperunt
753 2509 983 2552 mortales.
1019 2510 1064 2553 O
1091 2505 1510 2556 excellentissimam
1541 2512 1711 2556 Mariae
1742 2511 1811 2553 di-

189 2585 428 2642 gnitatem,
460 2584 670 2628 omnibus
702 2593 748 2629 et
783 2586 1050 2642 angelorum
1081 2594 1128 2630 et
1158 2589 1393 2632 hominum
1427 2589 1596 2644 linguis
1634 2588 1811 2644 praedi-

82 2667 90 2675 *
151 2690 154 2691 ν
190 2662 401 2706 eandam!

280 2739 496 2784 Orandus
516 2740 643 2782 Deus
665 2753 750 2794 pro
772 2739 1019 2783 Germania
1039 2741 1348 2787 ethaereticis
1371 2742 1597 2786 omnibus:
1619 2752 1687 2786 est
1709 2757 1815 2798 spes

191 2825 317 2861 certa
336 2815 609 2860 Germaniae
630 2815 804 2859 salutis.

279 2895 332 2937 In
358 2892 576 2950 patientia
610 2891 803 2948 simplici
829 2902 876 2938 et
902 2908 1018 2949 pura
1048 2894 1421 2950 trissubulationis,
1452 2896 1715 2952 praesertim
1743 2895 1814 2937 in-

191 2977 366 3032 ternae,
390 2984 557 3026 magna
578 2969 740 3022 virtus,
765 2969 1009 3026 singularis
1029 2972 1193 3028 gratia.

281 3047 554 3091 Conscende
575 3046 736 3103 spiritu
758 3055 805 3091 et
826 3054 977 3090 mente
998 3047 1045 3091 in
1067 3050 1231 3103 Deum,
1255 3051 1473 3094 consistat
1496 3050 1563 3093 vis
1584 3048 1733 3093 cordis
1750 3047 1815 3091 tui

368 3123 488 3152 Ernst.
511 3122 548 3151 P.
569 3122 703 3157 Nava,
723 3130 804 3152 ron.
827 3123 891 3151 1v.
1605 3127 1640 3154 4-1
