2098 3470
331 274 403 310 450
806 266 962 303 PArms
987 266 1231 303 Humoiwm
1256 266 1292 302 N
1294 275 1407 303 Anu.

293 419 303 429 .
373 365 498 409 Nihil
516 380 624 410 vero
645 366 825 422 legatur
844 381 1018 420 eorum,
1039 382 1155 423 quae
1172 367 1424 410 vocationis
1441 368 1720 425 propositum
1737 377 1913 415 tentare

284 457 366 487 seu
388 443 618 487 infirmare
639 457 772 499 posse
799 443 1039 488 videantur
1060 452 1092 496 ³,
1119 451 1167 486 vt
1189 451 1297 487 sunt
1318 444 1508 488 aliarum
1541 445 1813 503 religionum
1841 447 1913 490 in-

283 520 461 563 stituta.

372 597 420 639 In
442 597 643 640 secunda
667 611 819 641 mensa
844 598 1027 654 legatur
1050 599 1095 647 id
1117 597 1280 654 ipsum,
1305 600 1427 654 quod
1449 599 1619 644 lectum
1640 599 1726 643 fuit
1748 600 1796 644 in
1816 601 1910 658 pri-

281 689 370 726 ma,
396 675 581 730 dempto
604 673 803 730 capitulo
824 675 933 718 noui
956 674 1231 727 testamenti,
1257 689 1337 731 pro
1360 690 1450 731 quo
1471 676 1653 733 legatur
1669 683 1806 734 caput
1827 678 1909 722 ali-

280 751 401 806 quod
425 766 480 794 ex
502 752 627 794 Ioan.
653 749 892 810 Ger[sone]
917 751 1112 808 vulgari,
1138 752 1211 796 vel
1228 765 1284 795 ex
1301 752 1388 795 alio
1409 752 1541 805 libro,
1566 759 1654 796 etc.
1675 767 1756 810 pro
1777 755 1909 798 coad-

278 828 519 881 iutoribus‚
541 827 635 884 qui,
655 836 874 884 quantum
892 829 989 873 fieri
1007 828 1187 884 poterit,
1202 828 1332 871 ibunt
1349 830 1406 872 ad
1423 830 1671 873 secundam
1687 845 1907 877 mensam.

278 906 380 948 Hoc
402 904 575 948 scilicet
597 906 692 958 fiat,
717 905 755 949 si
786 908 1021 949 commode
1048 905 1261 950 vniuersa
1298 907 1527 950 secundae
1558 921 1742 951 mensae
1772 907 1909 952 lectio

278 981 457 1038 uulgari
478 996 687 1027 sermone
709 997 809 1027 esse
832 998 922 1025 non
940 981 1119 1038 poterit.
1653 989 1659 994 '

363 1060 492 1103 Haec
515 1074 596 1115 pro
618 1059 824 1116 collegiis
846 1061 1068 1102 hactenus
1090 1059 1210 1102 dicta
1231 1066 1353 1102 sunt.
1381 1058 1477 1102 Erit
1499 1066 1650 1103 autem
1674 1060 1761 1104 alia
1792 1061 1907 1105 ratio

275 1135 481 1179 lectionis
503 1137 560 1180 ad
582 1151 783 1180 mensam
806 1137 1099 1189 nouitiorum3
1124 1135 1201 1178 vbi
1223 1135 1324 1179 libri
1346 1136 1401 1182 211
1425 1137 1482 1181 de
1504 1137 1639 1180 rebus
1660 1137 1906 1193 spirituali-

274 1214 358 1255 bus
380 1219 586 1270 agentes,
611 1214 668 1256 de
695 1214 954 1265 deuotione,
985 1214 1042 1256 de
1064 1212 1281 1265 oratione,
1312 1213 1368 1256 de
1391 1228 1568 1256 morum
1590 1220 1636 1256 et
1657 1213 1904 1270 perfectio·
1967 1228 1973 1234 ’

272 1289 342 1332 nis
365 1289 604 1346 religiosae
625 1290 876 1346 disciplina,
902 1289 1085 1346 legendi
1106 1289 1258 1345 potius
1279 1289 1492 1333 videntur
1513 1304 1648 1345 quam
1670 1289 1899 1334 historiae.

271 1367 322 1408 In
343 1367 554 1410 domibus
574 1366 790 1422 professis
818 1381 1145 1421 nonnunquam
1175 1365 1406 1419 historiae,
1439 1381 1768 1422 nonnunquam
1799 1366 1902 1410 libri

269 1443 526 1500 spirituales
558 1444 790 1500 leguntur,
821 1457 1166 1498 nonnunquam,
1202 1442 1279 1498 qui
1309 1444 1366 1487 de
1398 1442 1572 1487 ratione
1600 1442 1902 1497 concionandi

270 1530 415 1577 agunt
439 1534 492 1563 ac
514 1519 613 1564 aliis
634 1519 910 1572 ministeriis,
937 1519 1103 1575 quibus
1125 1519 1273 1563 iuuari
1294 1520 1526 1576 proximus
1547 1519 1707 1576 possit.

616 1646 665 1675 IN
698 1645 989 1683 coLLOQUus
1022 1645 1249 1675 FRATRUM
1282 1638 1515 1675 AGEND'UM
1549 1633 1558 1652 ¹

358 1751 430 1795 De'
451 1751 544 1794 vita
566 1750 754 1794 Christi.

358 1831 427 1872 De
451 1835 711 1871 sanctorum
735 1827 842 1871 vita.

357 1908 428 1949 De
451 1904 652 1948 historiis
669 1903 1001 1948 ecclesiasticis.

356 1984 427 2026 De
449 1981 650 2025 historiis
670 1980 912 2025 Societatis
936 1988 1031 2023 tum
1055 1994 1222 2033 rerum,
1249 1987 1343 2022 tum
1368 1994 1678 2036 personarum.

356 2061 425 2103 De
450 2059 581 2103 bonis
604 2058 839 2101 desideriis
860 2058 1145 2114 singulorum
1175 2057 1232 2100 ad
1261 2057 1588 2113 proficiendum
1616 2057 1663 2100 in
1690 2057 1763 2100 via
1790 2071 1896 2113 per-

269 2137 495 2182 fectionis.

357 2213 431 2258 212
463 2215 532 2257 De
555 2211 686 2255 bonis
708 2211 942 2256 desideriis
964 2218 1012 2253 vt
1035 2210 1250 2254 iuuentur
1271 2210 1462 2266 proximi
1484 2225 1657 2264 omnes,
1689 2226 1895 2268 praeser-

269 2291 348 2334 tim
371 2289 586 2333 haeretici
608 2303 764 2332 omnes
786 2295 831 2331 et
852 2288 1071 2331 infideles.

357 2370 426 2411 De
449 2367 504 2410 iis
527 2368 680 2419 rebus,
706 2380 818 2421 quas
841 2365 1082 2410 audierunt
1104 2365 1150 2408 in
1172 2364 1443 2408 lectionibus
1465 2365 1620 2418 sacris,
1645 2365 1692 2408 in
1718 2366 1896 2410 concio-

269 2445 420 2496 nibus,
446 2452 492 2488 et
514 2443 633 2488 inter
654 2442 966 2499 prandendum
989 2449 1034 2485 et
1056 2442 1356 2486 caenandum.
1730 2438 1734 2440 ’

339 2628 356 2645 a
407 2617 597 2652 videatur
616 2626 687 2650 ms.

338 2781 346 2800 ¹
400 2781 460 2815 De
484 2780 556 2815 hoc
581 2779 759 2823 catalogo
784 2777 880 2812 haec
910 2777 1103 2811 habentur
1127 2775 1167 2811 in
1196 2776 1466 2811 Instructione
1493 2776 1612 2818 XIII,
1643 2777 1704 2813 De
1725 2778 1895 2825 spiritus

264 2839 523 2875 renovatione
536 2837 812 2886 procuranda,
830 2846 915 2882 cap,
936 2836 1001 2881 IX,
1024 2835 1047 2880 ξ
1065 2845 1100 2880 4:
1121 2834 1310 2870 «Proinde
1324 2834 1590 2882 suppeditabit
1602 2835 1757 2872 abunde
1774 2841 1892 2872 mate-

265 2898 359 2934 riam
387 2897 619 2933 recreationi
645 2901 800 2931 nostrae
825 2895 1026 2940 catalogus
1050 2905 1072 2929 a
1097 2894 1140 2928 P.
1167 2893 1294 2929 Natali
1319 2894 1406 2940 piae
1437 2905 1552 2930 mem.
1579 2893 1795 2942 confectus,
1825 2896 1890 2943 qui

265 2959 402 2994 saltem
427 2956 635 3004 quotannis
658 2955 707 2991 ad
729 2953 955 2989 memoriam
980 2952 1224 2988 excitandam
1248 2953 1370 2988 semel
1393 2958 1510 3000 atque
1534 2953 1673 2989 iterum
1701 2954 1891 3000 legendus

264 3017 338 3052 erit
355 3016 403 3051 ad
422 3026 634 3053 mensam.»
652 3014 786 3050 instit
806 3013 891 3048 Soc.
903 3012 1001 3059 Jesu
1020 3011 1131 3055 (edit.
1150 3012 1249 3057 cit.,)
1265 3012 1331 3057 111,
1349 3010 1432 3056 372.
1452 3013 1502 3047 Et
1519 3022 1559 3047 m
1576 3023 1664 3079 pag.
1684 3011 1767 3060 373,
1787 3013 1891 3050 idem

266 3076 483 3121 catalogus,
502 3075 634 3121 paucis
653 3071 881 3118 emendatis,
905 3069 1112 3117 profertur.
