2098 3470
823 174 1254 235 lus-rnucnonns—-m
1737 198 1808 244 437

228 302 474 358 professus,
498 300 793 359 coadiutorue
810 300 1028 344 formatus
1044 305 1225 342 creatus
1243 298 1393 343 fuerit.
1420 300 1723 355 Posteaquam
1743 315 1855 344 vero

226 377 316 422 iam
337 377 440 434 quis
467 378 717 434 professus,
746 383 827 420 aut
855 374 1091 420 coadiutor
1122 375 1342 418 formatus
1362 376 1552 419 effectus
1573 376 1725 429 fuerit,
1760 391 1852 420 non

227 454 466 500 renouabit
486 462 607 507 vota,
634 454 770 498 faciet
787 462 937 498 tamen
953 452 1284 497 confessionem
1301 453 1578 508 generalem,
1603 454 1851 508 reddetque
1892 470 1899 478 ’

225 530 444 575 rationem
468 531 776 575 conscientiae
795 545 906 575 suae
925 529 1119 588 singulis
1140 528 1271 572 annis
1285 535 1365 572 aut
1386 528 1534 581 citius,
1559 539 1692 586 prout
1716 545 1852 587 supe-

225 609 316 652 rior
334 623 389 652 ea
410 609 467 652 de
489 624 539 653 re
554 607 840 652 indicauerit.

311 689 396 732 356
419 686 618 728 Examen
641 685 767 737 illud,
790 685 913 740 quod
934 684 1004 727 6.ο
1033 697 1217 739 quoque
1245 697 1402 727 mense
1430 682 1526 727 fieri
1555 685 1684 734 solet,
1722 684 1849 729 aliter

219 777 327 807 cum
358 762 413 806 iis
442 770 694 814 exercetur,
719 761 798 818 qui
823 761 942 804 intra
972 761 1088 803 duos
1117 774 1264 804 annos
1288 759 1569 816 probationis
1606 768 1728 812 sunt,
1769 770 1847 804 aut

221 839 341 883 votis
361 838 601 884 Societatis
622 838 793 882 astricti
814 852 909 881 non
936 845 1059 890 sunt;
1090 836 1219 881 aliter
1246 851 1351 880 cum
1380 836 1451 889 iis,
1482 837 1561 892 qui
1591 845 1695 880 vota
1726 838 1847 882 fece-

221 923 344 960 runt.
378 915 530 960 Huius
557 930 667 960 vero
694 915 759 959 rei
785 929 924 959 causa
950 916 1065 957 haec
1097 921 1182 966 est,
1222 914 1270 957 in
1305 914 1512 958 examine
1548 914 1669 957 enim
1707 916 1847 958 multa

220 999 552 1049 proponuntur,
583 1007 701 1047 quae
726 991 981 1044 admittere,
1010 998 1090 1034 aut
1122 990 1307 1035 reiicere
1332 990 1525 1035 liberum
1554 990 1638 1034 erit
1668 991 1737 1043 iis,
1770 991 1848 1047 qui

219 1068 551 1122 examinantur,
576 1076 625 1112 vt
646 1075 754 1112 sunt
773 1068 863 1112 illa.
892 1069 1124 1111 «Eruntne
1144 1067 1371 1110 contenti»
1398 1074 1487 1112 etc.
1512 1069 1743 1112 «Eruntne
1765 1083 1847 1124 pa-

219 1145 329 1189 rati»
354 1153 442 1190 etc.
467 1146 536 1188 Illi
563 1160 687 1200 vero,
712 1145 789 1202 qui
816 1145 904 1189 iam
925 1144 1043 1188 votis
1064 1144 1236 1189 astricti
1258 1144 1442 1198 fuerint,
1467 1146 1552 1188 hoc
1575 1146 1710 1187 modo
1738 1160 1841 1188 exa⁴

221 1222 423 1267 minandi
451 1238 543 1266 non
570 1230 693 1272 sunt.
723 1224 827 1266 Non
858 1221 979 1268 enim
1013 1221 1102 1265 illis
1136 1222 1328 1265 liberum
1363 1229 1456 1274 est,
1497 1224 1583 1265 hoc
1619 1230 1697 1264 aut
1735 1222 1845 1265 illud

218 1298 456 1344 admittere
482 1308 563 1343 aut
589 1299 797 1352 reiicere,
827 1313 931 1343 cum
959 1299 1047 1342 iarn
1075 1298 1166 1342 sint
1194 1298 1366 1342 astricti
1396 1305 1504 1341 voto
1540 1298 1842 1352 obedientiae,

184 1400 186 1404 ·
217 1390 311 1433 quo
332 1383 545 1421 tenentur
562 1377 619 1420 ad
639 1377 808 1422 omnia.

306 1455 377 1497 De
397 1453 535 1510 priori
561 1453 847 1497 examinandi
877 1453 1052 1498 ratione
1078 1453 1148 1496 6.⁰
1177 1467 1359 1509 quoque
1391 1467 1548 1498 mense
1575 1452 1843 1509 intelligitur

217 1531 395 1586 proprie
430 1531 675 1575 declaratio
711 1531 932 1587 quaedam
975 1530 1021 1574 in
1063 1530 1257 1587 primum
1301 1538 1442 1587 caput
1483 1530 1657 1586 primae
1700 1531 1842 1587 partis

213 1616 385 1661 const.,
409 1606 435 1665 g
456 1607 629 1651 vltimo.

302 1684 458 1728 Alium
482 1685 664 1728 modum
686 1684 974 1729 examinandi
995 1686 1066 1729 6.⁰
1087 1699 1270 1741 quoque
1291 1699 1447 1729 mense
1464 1684 1762 1740 intelligimus
1785 1699 1842 1728 ex

214 1761 361 1818 primo
381 1769 428 1806 et
448 1762 520 1815 4⁰
541 1761 689 1818 capite
710 1762 945 1814 examinis,
969 1770 1015 1806 et
1035 1761 1263 1806 constanti
1286 1761 1530 1806 traditione
1557 1770 1603 1806 et
1626 1777 1710 1805 vsu
1733 1762 1841 1806 reti-

213 1852 375 1882 nemus
394 1840 513 1882 hanc
535 1839 756 1901 rationem
778 1839 1066 1889 examinandi
1086 1854 1113 1883 a
1136 1841 1272 1884 Patre
1293 1839 1471 1896 Ignatio
1492 1854 1651 1895 vsque.

300 1913 482 1959 Primus
509 1915 672 1959 modus
699 1915 972 1960 conficiendi
1005 1915 1224 1961 examinis
1249 1921 1331 1964 357
1359 1917 1430 1960 6.⁰
1461 1930 1646 1972 quoque
1662 1913 1668 1926 ¹
1684 1931 1839 1961 mense

210 1991 298 2037 erit
324 1992 507 2048 quidem
534 1992 590 2045 is,
621 1992 699 2048 qui
730 1993 951 2048 sequitur,
982 2001 1163 2038 seruata
1190 1993 1467 2050 proprietate
1494 2008 1606 2050 erga
1633 2009 1731 2046 eos,
1761 1994 1838 2049 qui

209 2076 319 2114 uota
338 2083 430 2112 non
452 2069 710 2113 habuerint.

208 2178 404 2231 EXAMEN
435 2200 687 2239 COMMUNE,
722 2201 853 2239 QUOD
884 2201 1014 2231 FIERI
1050 2201 1204 2232 SOLET
1241 2201 1394 2233 SEXTO
1433 2202 1633 2241 QUOQUE
1677 2202 1836 2232 MENSE

295 2300 347 2343 In
367 2300 455 2343 hoc
475 2299 682 2343 examine
703 2300 761 2343 de
781 2299 869 2343 illis
891 2315 982 2344 non
1003 2299 1267 2346 instituetur
1294 2300 1611 2358 interrogatio,
1642 2316 1757 2358 quae
1779 2316 1835 2344 ex

208 2375 517 2432 superioribus
537 2375 822 2421 examinibus
842 2363 1071 2433 comperta
1093 2385 1140 2420 et
1161 2385 1287 2423 certa
1308 2379 1458 2422 adhuc
1487 2386 1637 2431 erunt;
1670 2380 1750 2423 sed
1778 2379 1834 2420 de

203 2451 276 2495 his
297 2460 489 2504 tanturn,
508 2466 627 2508 quae
646 2447 879 2510 praeterea
894 2454 1064 2496 debent
1079 2453 1272 2511 intelligi
1289 2456 1347 2498 ad
1363 2455 1607 2498 faciliorem
1626 2454 1832 2497 directio-

203 2542 308 2573 nem
329 2530 519 2573 fratrum
535 2529 581 2573 in
597 2529 837 2574 vocatione
853 2545 951 2582 sua,
971 2538 1017 2574 et
1034 2530 1275 2576 Societatis
1290 2531 1515 2583 instituto,
1537 2533 1593 2574 ad
1617 2531 1830 2575 maiorem

201 2604 292 2650 Dei
313 2606 521 2663 gloriam.
547 2607 793 2663 Propterea
812 2607 932 2651 enim
960 2607 1167 2652 examina
1194 2610 1359 2652 habeat
1386 2616 1581 2665 oportet,
1617 2609 1694 2663 qui
1722 2623 1830 2652 exa-

201 2682 456 2726 minaturus
477 2691 565 2728 est.

208 2814 210 2816 V
291 2760 464 2804 Eodem
484 2773 544 2803 ne
564 2767 686 2804 statu
708 2760 867 2805 viuant
887 2769 1114 2817 parentes,
1139 2769 1235 2805 tum
1260 2763 1436 2814 fratres,
1458 2770 1503 2806 et
1521 2776 1714 2816 sorores,
1735 2776 1827 2817 quo

198 2838 355 2879 antea?

288 2913 409 2957 Num
426 2913 474 2956 in
489 2915 647 2959 eadem
664 2914 770 2958 fidei
785 2914 1069 2971 integritate?
1080 2917 1213 2972 Quae
1229 2915 1525 2972 interrogatio
1543 2929 1634 2958 non
1655 2924 1826 2960 temere

198 2988 503 3042 adhibebitur,
526 2990 615 3034 nisi
635 2990 712 3033 vbi
734 2992 981 3035 necessitas
1003 2992 1173 3048 exigat.
