2098 3470
13 2043 18 2046 .
0 1955 9 1999 *nw-
0 1747 18 1948 mwv—’wsw
0 1685 10 1739 v-‚f
0 1652 9 1674 *v

40 2083 51 2094 t

807 224 1151 268 Iusrnucnbnns
1157 228 1244 263 -61
1728 230 1795 270 59¹

298 334 442 376 Pater
461 337 629 376 noster.
653 334 755 376 Aue
776 332 948 384 Maria,
970 338 1063 376 etc.
1087 327 1355 386 Mysterium
1383 325 1661 370 admirabilis
1681 341 1843 370 ascen-

203 409 348 455 sionis
370 410 571 462 Domini,
591 416 685 455 etc.
709 423 854 466 vsque
875 409 932 452 ad
954 413 1272 464 pentecosten.

294 487 389 545 ,593
420 489 565 530 Pater
585 490 755 530 noster.
778 487 878 530 Aue
893 485 1067 537 Maria,
1084 490 1174 527 etc.
1198 481 1467 538 Mysterium
1491 480 1718 524 missionis
1739 480 1840 538 Spi-

204 563 323 608 ritus
343 564 488 608 sancti
511 563 557 606 in
579 563 811 620 apostolos
831 569 879 606 et
899 560 1164 618 discipuIOS,
1188 566 1277 604 etc.

300 642 442 684 Pater
462 643 631 683 noster.
656 642 755 683 Aue
775 639 951 691 Maria,
981 644 1070 683 etc.
1103 636 1355 681 Considera
1380 649 1524 691 quum
1553 634 1739 682 Christo
1761 635 1843 679 do-

206 714 331 760 mino
351 718 458 761 data
480 717 639 760 fuisset
661 723 884 773 protestas
904 714 1051 758 omnis
1072 714 1120 756 in
1142 714 1271 758 coelo
1290 720 1337 756 et
1357 711 1406 755 in
1428 719 1564 766 terra,
1589 719 1639 754 vt
1666 713 1842 755 coelum

202 800 255 838 et
275 795 495 837 mundum
523 793 790 839 vniuersum
811 800 859 838 et
884 791 1142 849 specialiter
1162 805 1291 834 suam
1319 796 1523 833 sanctam
1552 788 1839 841 catholicam,

203 871 501 928 apostolicam
541 878 679 927 atque
715 870 1015 914 orthodoxam
1050 867 1292 912 ecclesiam
1328 880 1560 909 romanam
1598 867 1839 922 gubernet3

209 961 293 1004 pro
313 949 399 991 hac
421 950 571 991 Deum
593 948 857 1004 deprecare.

297 1026 443 1068 Pater
463 1029 631 1069 noster.
658 1027 757 1068 Aue
778 1023 951 1076 Maria,
973 1030 1062 1066 etc.
1088 1021 1400 1066 Considerabo
1421 1021 1616 1077 qualiter
1632 1037 1716 1065 sua
1739 1022 1842 1064 infi-

209 1100 305 1144 nita
341 1101 651 1145 misericordia
689 1099 935 1144 instituerit
970 1099 1246 1145 Societatem
1276 1101 1407 1157 Jesu,
1441 1113 1494 1142 ac
1523 1099 1715 1154 qualiter
1743 1114 1840 1143 eam

209 1177 486 1232 vniuersam,
512 1178 818 1235 praepositum
857 1177 1133 1235 generalem,
1170 1175 1471 1233 prouinciam,
1509 1175 1771 1232 collegium,
1796 1176 1842 1218 in

203 1268 299 1310 quo
318 1269 437 1308 sum,
461 1263 507 1299 et
527 1255 787 1310 superiores
813 1268 972 1298 omnes
993 1268 1134 1306 meos,
1174 1253 1371 1296 animam
1399 1259 1635 1309 praeterea
1670 1260 1716 1296 et
1737 1267 1842 1295 cor-

158 1362 161 1363 r
203 1345 292 1388 pus
313 1324 464 1375 meum
490 1331 666 1392 [regat],
693 1345 776 1388 pro
804 1330 970 1388 quibus
996 1329 1208 1374 omnibus
1229 1331 1379 1375 Deum
1408 1331 1576 1374 deuote
1605 1331 1840 1386 precabor.

294 1409 439 1451 Pater
460 1407 628 1451 naster.
653 1410 753 1451 Aue
774 1408 947 1460 Maria,
969 1414 1058 1452 etc.
1082 1407 1292 1463 Qualiter
1312 1421 1471 1451 omnes
1487 1406 1663 1449 animas
1679 1407 1737 1449 ab
1756 1408 1842 1450 hac

209 1484 304 1528 vita
325 1485 501 1529 mortali
522 1485 771 1543 migrantes
793 1484 963 1529 iudicet
984 1483 1242 1540 particulari
1266 1484 1358 1529 594
1385 1484 1570 1536 iudicio,
1598 1485 1670 1528 vel
1693 1485 1750 1526 ad
1771 1483 1842 1526 in·

203 1562 401 1616 fernum,
417 1563 491 1606 vel
506 1561 839 1621 purgatorium,
852 1562 925 1604 vel
943 1561 1216 1617 paradisum,
1230 1561 1472 1615 Dominus,
1485 1569 1533 1605 et
1550 1576 1714 1613 meam,
1733 1562 1840 1604 dum

202 1639 485 1696 migrauerit,
509 1639 743 1692 iudicabit,
767 1647 856 1682 etc.
882 1639 1038 1682 Orabo
1064 1652 1147 1694 pro
1169 1641 1280 1682 hora
1309 1639 1467 1682 mortis
1493 1646 1541 1682 et
1562 1654 1645 1695 pro
1668 1639 1840 1682 anima-

203 1715 292 1760 bus
321 1717 590 1773 purgatorii.

292 1794 438 1836 Pater
459 1798 626 1836 noster.
651 1796 753 1836 Aue
790 1794 965 1846 Maria,
1005 1801 1097 1837 etc.
1138 1792 1350 1849 Qualiter
1386 1793 1434 1835 in
1456 1793 1706 1836 nouissimo
1727 1801 1773 1838 et
1795 1792 1842 1836 in

203 1883 375 1928 magno
397 1870 476 1914 illo
498 1870 572 1915 die
594 1871 851 1915 vniuersam
874 1885 1057 1916 carnem
1079 1870 1297 1914 iudicabit
1326 1878 1371 1914 et
1399 1871 1559 1914 reddet
1593 1871 1841 1926 vnicuique

201 1945 330 1990 iuxta
351 1962 491 2004 opera
512 1948 627 2000 eius,
659 1948 790 1991 bonis
828 1948 1004 1991 scilicet
1025 1947 1164 1991 vitam
1202 1955 1248 1991 et
1269 1948 1461 2004 gloriam
1497 1948 1836 2004 sempiternam,

202 2023 335 2068 malis
356 2033 508 2069 autem
532 2032 721 2069 mortem
744 2032 790 2070 et
810 2025 964 2081 ignem
994 2032 1244 2069 aeternum.
1269 2026 1426 2069 Orabo
1447 2034 1496 2067 vt
1518 2026 1563 2068 in
1587 2026 1660 2069 die
1683 2025 1838 2068 iudicii

202 2099 365 2144 liberet
384 2116 456 2145 me
478 2101 720 2154 Dominus,
746 2110 834 2146 etc.
1183 2144 1190 2151 ,

291 2179 396 2221 Non
418 2187 487 2222 est
509 2186 661 2222 autem
684 2178 1137 2235 praetermittendum
1158 2186 1223 2231 vt,
1248 2179 1367 2222 sicut
1395 2180 1482 2223 sub
1511 2177 1714 2235 quolibet
1737 2180 1838 2235 glo-

203 2254 311 2298 bulo
332 2255 384 2297 fit
406 2255 576 2299 mentio
596 2254 789 2299 alicuius
811 2255 917 2298 anni
940 2256 1012 2298 vel
1035 2255 1238 2311 mysterii
1259 2256 1380 2301 vitae
1397 2256 1598 2309 Domini,
1618 2257 1681 2300 sic
1704 2257 1838 2300 etiam

202 2331 377 2388 gratiae
404 2333 662 2376 habeantur
688 2341 735 2376 et
770 2340 969 2389 agantur
1004 2334 1121 2385 Deo,
1161 2348 1242 2390 pro
1278 2334 1384 2390 Xpi.
1410 2334 1582 2377 domini
1612 2334 1709 2377 eius
1732 2334 1837 2376 anni

187 2407 372 2465 *meritis
394 2417 440 2452 et
462 2408 702 2465 mysteriis,
742 2416 789 2452 et
810 2424 891 2465 per
913 2424 967 2452 ea
1003 2409 1140 2452 simul
1162 2419 1211 2453 vt
1238 2410 1408 2466 aliquid
1441 2413 1497 2453 ab
1531 2411 1627 2467 ipso
1657 2419 1836 2466 petatur

199 2499 282 2541 per
302 2485 463 2530 merita
485 2493 530 2530 et
546 2485 762 2542 mysteria
782 2485 881 2529 eius
903 2486 1026 2538 anni,
1057 2495 1106 2528 vt
1134 2486 1378 2544 diligenter
1406 2497 1705 2532 exerceantur
1733 2487 1835 2529 illae

201 2569 352 2618 partes
379 2562 612 2619 orationis,
638 2562 889 2620 gratiarum
928 2563 1017 2608 595
1055 2563 1193 2617 actio,
1223 2565 1383 2621 petitio
1411 2573 1456 2608 et
1495 2564 1764 2617 obsecratio,
1800 2564 1837 2606 si

199 2653 296 2682 non
316 2638 364 2682 in
385 2639 578 2696 singulis
599 2640 813 2697 globulis,
838 2640 998 2683 saltem
1021 2640 1286 2684 nominatim
1309 2642 1352 2684 in
1378 2642 1580 2698 globulo,
1603 2642 1646 2683 in
1672 2655 1762 2696 quo
1779 2640 1834 2682 de

197 2715 412 2772 mysterio
434 2717 720 2772 peculiariter
736 2717 1041 2762 meditaberis.
1062 2717 1112 2760 In
1137 2718 1401 2762 vniuersum
1421 2727 1589 2770 autern,
1626 2726 1727 2773 post
1751 2718 1833 2759 ab-

196 2793 396 2836 solutum
419 2793 654 2848 rosarium,
694 2794 751 2838 de
781 2794 994 2837 omnibus
1031 2796 1203 2851 gratias
1224 2810 1351 2854 agas,
1380 2811 1458 2851 per
1490 2795 1640 2837 omnia
1664 2793 1833 2848 aliquid

200 2875 344 2925 petas.

287 2947 406 2991 Sunt
426 2946 472 2989 in
495 2948 582 2989 hoc
603 2947 774 2990 rosario
796 2947 970 3003 globuli
992 2960 1066 3002 42,
1092 2948 1225 3005 signo
1248 2948 1395 2991 crucis
1419 2962 1497 3003 pro
1527 2961 1617 2989 vno
1646 2960 1837 3001 compu-

201 3028 311 3075 tato,
337 3023 413 3078 qui
431 3037 649 3066 numerus
670 3022 836 3080 poterit
857 3024 993 3067 etiam
1023 3025 1178 3069 referri
1200 3026 1258 3068 ad
1280 3023 1659 3080 significationem
1679 3035 1733 3076 42
1753 3036 1836 3078 ge-
