2098 3470
310 201 380 246 58²
781 208 936 247 PATRIS
962 212 1207 251 Humonvm
1233 215 1384 251 NADAL

265 304 459 360 pacifici,
484 308 570 351 hoc
593 316 678 362 est,
709 310 901 356 ministri
929 322 1067 370 atque
1098 315 1412 360 conciliatores
1440 318 1564 374 pacis
1597 319 1713 363 inter
1746 321 1896 365 Deum

267 389 312 426 et
340 383 565 428 homines.
601 387 921 435 Incumbamus
952 392 1089 449 igitur
1122 401 1217 436 toto
1244 402 1427 450 pectore
1464 396 1510 439 in
1542 396 1727 440 Christo
1755 398 1812 440 ad
1843 413 1897 443 ea

266 472 420 514 opera,
446 475 563 516 quae
583 463 709 507 dedit
731 467 861 510 nobis
888 470 1032 522 Deus,
1064 469 1229 525 quibus
1256 473 1374 514 hanc
1408 472 1821 517 reconciliationem
1853 483 1899 519 et

267 550 424 591 pacem
448 539 756 606 conficiamus.
783 549 867 591 573
887 546 1132 590 Proueniet
1150 547 1281 591 nobis
1304 548 1445 591 maior
1469 549 1536 592 vis
1552 550 1734 594 diuinae
1751 549 1797 592 in
1815 565 1898 593 no-

267 612 336 655 bis
353 613 583 659 filiationis
599 625 735 674 atque
753 622 1075 677 generationis,
1091 625 1210 668 vnde
1227 624 1273 666 in
1287 625 1384 668 dies
1401 627 1512 669 fiant
1530 634 1683 670 nostra
1698 627 1903 672 ministe-

269 689 334 732 ria
356 692 558 736 efficacia
586 695 748 752 magis,
774 712 826 741 ac
848 698 1055 754 proximo
1080 701 1224 758 magis
1241 701 1383 755 vtilia,
1404 710 1448 746 et
1466 704 1564 746 Deo
1581 711 1712 759 grata
1734 704 1898 761 magis.

363 770 519 814 «Beati
541 772 619 827 qui
640 777 1041 831 persequutionem
1065 779 1302 834 patiuntur
1318 788 1503 837 propter
1526 781 1764 834 iusticiam,
1790 795 1905 837 quo-

271 845 391 889 niam
415 847 615 903 ipsorum
638 861 708 894 est
730 867 924 909 regnum
947 856 1221 899 coelorum.»
1249 858 1571 913 Agnoscamus
1598 858 1728 901 nobis
1755 872 1855 901 esse
1877 873 1902 901 a

270 925 371 967 Deo
393 939 660 970 concessum
682 930 951 973 beneficium
976 931 1086 974 illud
1117 933 1347 986 eximium,
1379 942 1428 976 vt
1456 950 1547 977 non
1575 935 1720 978 solum
1748 934 1795 978 in
1815 936 1902 978 hac

272 1002 514 1047 vocatione
535 1019 587 1048 ac
609 1006 770 1061 gratia,
797 1008 842 1049 in
861 1007 930 1050 his
947 1009 1223 1062 ministeriis,
1244 1025 1327 1053 nos
1343 1025 1652 1065 exerceamus,
1672 1012 1752 1054 sed
1768 1011 1904 1055 etiam

273 1081 651 1135 persequutiones
673 1092 910 1139 propterea
932 1085 1172 1140 patiamur,
1199 1087 1365 1142 quibus
1384 1088 1540 1131 terreri
1558 1102 1650 1130 non
1667 1089 1906 1140 debemus,

274 1157 347 1199 vel
370 1171 397 1199 a
419 1158 599 1203 feruore
621 1160 806 1216 spiritus
834 1170 879 1204 et
908 1162 1139 1205 actionum
1174 1171 1430 1208 nostrarum
1463 1165 1697 1217 deterreri,
1728 1165 1808 1208 sed
1835 1165 1907 1207 in-

273 1235 495 1278 flammari
531 1237 684 1292 potius
720 1240 778 1281 ad
819 1253 998 1283 omnem
1037 1240 1215 1296 pietatis
1253 1241 1593 1297 perfectionem.
1633 1242 1907 1286 Desiderare

275 1312 412 1355 etiam
434 1327 487 1356 ac
509 1315 753 1370 deposcere
775 1329 828 1358 eo
851 1316 1031 1361 nomine
1049 1331 1227 1360 omnem
1246 1318 1336 1373 pati
1355 1318 1769 1374 persequutionem,
1789 1333 1910 1361 mor-

277 1396 368 1433 tem
385 1390 520 1434 etiam
543 1399 759 1447 oppetere
780 1393 824 1435 in
846 1393 1047 1437 Christo.
1075 1392 1174 1450 Ipse
1191 1395 1310 1437 enim
1323 1397 1474 1453 Jesus,
1494 1395 1704 1438 dominus
1721 1403 1766 1439 et
1783 1397 1914 1440 Deus

277 1474 446 1520 noster,
473 1476 659 1524 reponet
681 1469 812 1513 nobis
839 1471 1046 1514 coelestis
1074 1471 1246 1527 patriae
1274 1472 1508 1528 gaudium,
1540 1473 1774 1525 honorem,
1809 1473 1909 1528 glo-

278 1544 390 1588 riam
413 1559 466 1588 ac
490 1545 626 1590 vitam
647 1548 981 1603 sempiternam.
1011 1550 1175 1592 Amen.

279 1669 367 1712 574
408 1719 410 1722 Ι
450 1681 512 1710 DE
545 1679 792 1710 ORATIONE
825 1682 1059 1713 DOMINICA
1093 1682 1446 1713 PECULIARITER
1480 1683 1572 1713 PRO
1602 1683 1745 1713 Nossis
1773 1701 1777 1704 -

371 1780 635 1824 Orationem
660 1780 937 1823 *dominicam
967 1796 1215 1837 numquam
1249 1782 1511 1825 omittamus
1546 1796 1602 1826 eo
1639 1781 1775 1825 animi
1803 1797 1913 1838 pro·

282 1857 428 1912 posito
450 1865 587 1913 atque
614 1858 868 1902 intentione
890 1859 1056 1912 dicere,
1082 1873 1170 1914 qua
1192 1859 1302 1902 dicit
1330 1859 1521 1904 ecclesia
1549 1858 1650 1912 Dei,
1682 1874 1917 1915 nunquam

282 1949 374 1977 non
396 1935 453 1977 ad
476 1949 655 1978 omnem
677 1935 934 1991 proximum
956 1938 1141 1988 referre,
1167 1937 1247 1980 sed
1271 1944 1423 1979 tamen
1446 1937 1502 1979 ad
1531 1951 1614 1980 nos
1643 1936 1779 1980 etiarn
1808 1950 1919 1980 con-

282 2011 401 2054 ferre
421 2012 641 2056 debemus
663 2012 964 2068 peculiariter.
991 2012 1116 2056 Modi
1138 2028 1263 2065 vero,
1289 2013 1454 2068 quibus
1477 2014 1534 2056 ad
1556 2027 1639 2056 nos
1665 2015 1923 2057 referamus

283 2089 553 2141 orationem,
578 2089 691 2132 varii
713 2104 814 2134 esse
835 2097 1040 2145 possunt.
1068 2091 1200 2134 Vnus
1223 2099 1372 2134 tamen
1396 2090 1471 2133 hic
1494 2105 1587 2133 non
1617 2090 1704 2133 erit
1725 2089 1919 2144 inutilis,

285 2173 351 2222 vt,
377 2181 482 2209 cum
505 2166 716 2210 dicimus:

379 2245 543 2287 «Pater
565 2251 736 2297 noster,
769 2244 845 2299 qui
875 2259 923 2288 es
951 2244 995 2286 in
1027 2244 1211 2297 coelis»,
1253 2259 1557 2301 agnoscamus
1594 2244 1776 2299 quidem
1813 2257 1918 2286 cum

285 2321 497 2366 Vniuersa
530 2321 722 2365 ecclesia
751 2322 992 2365 coelestem
1022 2329 1212 2378 patrem3
1247 2322 1372 2364 illum
1410 2322 1677 2364 inuocemus
1709 2329 1754 2365 et
1785 2319 1921 2364 simul

287 2399 560 2442 innouemus
581 2398 785 2455 spiritum
809 2399 1059 2442 vocationis
1082 2406 1278 2451 nostrae,
1309 2399 1576 2455 profitentes
1606 2411 1691 2441 nos
1717 2412 1808 2440 non
1837 2399 1920 2441 ha-

286 2477 396 2521 bere
416 2482 607 2533 patrem,
638 2491 731 2519 non
759 2484 996 2532 cognatos,
1022 2491 1114 2519 non
1137 2476 1345 2533 patriam;
1375 2475 1593 2527 breuiter,
1618 2474 1730 2517 nihil
1756 2474 1803 2517 in
1830 2475 1926 2518 hoc

287 2554 462 2606 seculo,
486 2568 635 2609 neque
655 2559 829 2610 patrem
852 2562 1078 2599 nostrum.
1111 2555 1363 2611 Cognatos,
1390 2552 1595 2609 patriam,
1626 2551 1809 2594 diuitias
1838 2564 1922 2594 no·

289 2639 406 2675 stras
442 2630 489 2674 in
522 2631 649 2675 coelo
680 2644 797 2682 esse,
831 2631 1080 2674 viuendum
1112 2645 1212 2675 esse
1245 2630 1383 2674 vitam
1422 2631 1682 2682 coelestem,
1721 2635 1771 2671 vt
1807 2627 1925 2671 nihil

289 2711 474 2752 haereat
497 2707 629 2752 nobis
650 2707 814 2760 carnis,
840 2707 953 2750 nihil
975 2708 1159 2753 terreni.

379 2790 462 2832 575
497 2785 843 2830 «Sanctificetur
866 2800 1033 2830 nomen
1056 2792 1230 2828 tuum.»
1258 2784 1348 2828 Hic
1365 2785 1502 2828 finem
1520 2790 1725 2827 nostrum
1746 2781 1922 2838 praeci-

290 2877 433 2918 puum
456 2869 664 2919 petamus
684 2861 876 2919 impleri,
901 2870 949 2904 vt
973 2862 1125 2905 omnia
1147 2863 1259 2905 fiant
1288 2862 1343 2904 ad
1376 2860 1591 2904 maiorem
1619 2858 1706 2903 Dei
1733 2858 1923 2915 gloriam

291 2947 337 2983 et
359 2942 596 2992 honorem3
621 2946 672 2982 vt
692 2938 990 2991 santificetur,
1022 2938 1320 2995 glorificetur,
1351 2945 1488 2993 atque
1520 2935 1846 2979 honorificetur
1876 2933 1924 2978 in

292 3018 390 3060 dies
412 3016 559 3074 magis
581 3016 666 3060 Dei
689 3030 872 3070 nomen,
898 3023 994 3059 tum
1017 3015 1064 3059 in
1093 3015 1240 3069 nobis,
1272 3023 1367 3058 tum
1396 3014 1443 3058 in
1472 3013 1684 3056 vniuersa
1712 3010 1920 3056 ecclesia.
