2098 3470
300 240 369 285 530
773 241 927 278 PATms
953 242 1197 278 Hranonvm
1221 240 1373 279 NADAL

345 341 632 386 Ceremoniis
655 341 743 385 illis
773 341 987 398 loquendi
1015 341 1328 395 humanitatis,
1359 341 1716 399 vrbanitatisque
1749 345 1885 387 modo

256 420 310 463 eo
349 426 537 461 vtantur
565 433 670 462 cum
698 418 898 463 externis
927 418 1087 472 nostri,
1113 432 1204 474 quo
1232 419 1491 463 sacerdotes
1522 418 1569 462 in
1601 419 1787 464 ciuitate
1810 419 1887 464 vbi

257 503 403 552 agunt
425 495 714 539 honestiores
735 495 802 538 vti
823 496 986 549 solent;
1013 494 1277 551 simplicitas
1294 496 1486 539 addatur
1502 503 1547 539 et
1565 481 1798 540 humilitas
1816 512 1882 542 re-

255 571 417 628 ligiosa
439 587 492 615 ac
516 572 702 617 libertas
724 572 770 615 in
792 572 969 630 spiritu,
995 572 1325 628 circumspecta
1347 580 1496 616 tamen
1515 580 1560 618 et
1578 574 1792 630 prudens.

344 640 436 694 4'49
470 650 634 703 Nemo,
655 649 732 705 qui
750 664 846 693 -non
868 650 925 693 sit
948 649 1089 706 probe
1111 649 1361 692 instructus
1388 650 1444 692 de
1466 650 1603 694 rebus
1624 650 1880 702 Societatis,

256 726 479 771 rationem
504 740 661 770 earum
684 727 859 779 reddat,
884 725 1061 770 etiamsi
1083 725 1407 782 interrogetur,
1432 727 1512 770 sed
1533 728 1620 771 hoc
1642 713 1792 784 ipsum
1815 742 1885 771 re-

258 802 406 847 mittat
429 804 485 846 ad
503 803 761 859 superiores
778 804 1113 860 exponendum.

345 880 511 923 Nullus
534 879 643 924 item
666 879 868 936 disputet
890 881 947 924 de
976 879 1185 922 instituto
1216 886 1390 933 nostro;
1417 880 1513 932 sed,
1539 880 1577 923 si
1603 881 1712 936 quid
1737 881 1888 925 addu-

256 956 387 1009 bitat,
413 957 485 1000 vel
508 971 600 1000 non
621 956 850 1014 intelligit,
876 957 974 1001 eius
996 956 1343 1009 intelligentiam
1365 964 1490 1013 petat
1518 972 1544 1001 a
1566 972 1650 1001 suo
1680 957 1886 1015 superio-

256 1049 322 1086 re,
349 1041 394 1078 et
417 1034 463 1076 in
487 1049 543 1078 eo
566 1033 785 1089 quiescat.
837 1045 840 1048 ’

346 1111 694 1164 Contentiones,
734 1109 1191 1162 obmurmurationes,
1232 1124 1284 1153 ac
1311 1125 1466 1154 earum
1494 1111 1669 1168 species
1706 1111 1778 1156 vel
1806 1126 1887 1168 ap-

258 1188 490 1244 parentiae
513 1187 810 1244 extirpentur.

348 1264 531 1320 Quibus
553 1265 611 1309 de
633 1266 768 1308 rebus
791 1279 929 1321 agere
950 1264 1144 1308 debeant
1167 1264 1211 1306 in
1236 1264 1471 1320 colloquiis
1493 1264 1652 1318 nostri,
1677 1264 1723 1308 id
1745 1265 1887 1308 tradi-

259 1349 355 1384 tum
379 1341 424 1384 in
448 1342 673 1398 catalog0‚
699 1348 745 1386 et
767 1341 948 1397 publice
970 1340 1251 1397 propositum
1273 1349 1357 1393 est,
1379 1341 1504 1396 quod
1535 1341 1778 1398 diligenter
1802 1356 1886 1385 cu-.

260 1433 361 1461 rare
383 1419 552 1462 debent
574 1417 830 1474 superiores
851 1425 900 1459 vt
922 1418 1208 1470 obseruetur,
1234 1417 1447 1460 adhibitis
1463 1417 1650 1462 secretis
1666 1418 1881 1474 syndicis‘.

263 1496 401 1551 Quod
424 1494 462 1538 si
484 1502 553 1538 sat
574 1509 666 1538 non
688 1501 823 1546 esset,
850 1501 1002 1550 posset
1024 1493 1150 1536 iuxta
1172 1501 1454 1550 praesentem
1476 1494 1792 1538 necessitatem
1813 1494 1885 1537 in‘-

261 1572 389 1615 stitui
412 1572 530 1615 seria
551 1571 701 1627 aliqua
724 1570 937 1626 colloquii
961 1571 1219 1614 reformatio
1241 1586 1266 1614 a
1288 1570 1571 1627 prouinciali.

828 1703 889 1733 DE
912 1702 1318 1733 CONUERSATIONE

348 1802 570 1862 Maiorem
592 1802 639 1846 in
662 1803 846 1846 modum
870 1808 1031 1845 curent
1061 1801 1316 1858 superiores
1344 1817 1398 1846 ac
1427 1803 1720 1855 contendant,
1746 1809 1796 1845 vt
1817 1817 1891 1846 re-

260 1880 424 1938 ligiose
446 1893 707 1936 magnaque
728 1878 1041 1922 aedificatione
1064 1893 1163 1923 sese
1185 1886 1347 1935 gerant
1363 1879 1505 1923 nostri
1527 1879 1645 1923 inter
1661 1879 1754 1924 45⁰
1779 1894 1890 1923 con-

261 1958 537 2001 uersandum
558 1971 663 2000 cum
686 1956 900 2000 externis:
928 1970 1013 2000 nec
1036 1970 1140 1999 cum
1162 1956 1427 2001 mulieribus
1449 1964 1589 2014 agant
1606 1956 1692 2000 nisi
1713 1956 1760 1999 in
1781 1971 1890 2000 con-

260 2035 456 2078 fessione
479 2041 524 2078 et
546 2035 603 2077 de
626 2034 777 2085 rebus,
803 2048 919 2088 quae
942 2047 1046 2076 cum
1070 2033 1355 2076 confessione
1377 2033 1647 2077 coniunctae
1670 2041 1793 2087 sunt,
1818 2035 1891 2077 vel

258 2113 317 2154 ad
340 2126 495 2155 earum
519 2117 728 2167 spectant
750 2111 1003 2170 profectum
1027 2109 1321 2166 spiritualem;
1347 2124 1433 2153 nec
1455 2111 1546 2153 vlla
1572 2125 1784 2166 vmquam
1822 2112 1890 2154 fa-

259 2189 492 2232 miliaritas
516 2203 621 2231 cum
644 2187 753 2244 ipsis
775 2189 1085 2230 contrahatur.
1112 2185 1217 2230 Alia
1239 2187 1357 2231 enim
1381 2186 1559 2243 priuata
1587 2187 1701 2230 ratio
1730 2187 1775 2230 in
1805 2188 1891 2232 So—

197 2317 204 2324 ,
258 2267 422 2310 cietate
444 2265 749 2309 iuuandarum
773 2263 1014 2307 mulierum
1037 2278 1130 2307 non
1146 2271 1230 2316 est,
1251 2264 1336 2307 nisi
1359 2279 1475 2319 quae
1497 2263 1618 2307 dicta
1640 2271 1726 2318 est,
1751 2271 1797 2308 et
1811 2279 1892 2321 per

261 2343 479 2389 exercitia
507 2340 775 2398 spiritualia,
802 2341 839 2384 si
868 2341 956 2384 hoc
985 2341 1207 2386 concedet
1233 2340 1438 2397 superior
1466 2347 1512 2384 et
1539 2347 1693 2384 noster
1721 2348 1767 2386 et
1794 2340 1894 2384 illa-

261 2438 378 2474 rum,
419 2421 492 2464 vel
522 2419 600 2475 qui
632 2419 810 2462 illarum
842 2433 997 2461 curam
1032 2418 1299 2475 legittimam
1327 2418 1462 2475 gerit,
1492 2426 1542 2461 vt
1574 2419 1710 2462 alicui
1731 2419 1897 2462 dentur

263 2502 396 2557 (quae
418 2499 648 2541 dabuntur
674 2503 826 2540 tamen
849 2510 929 2552 per
951 2495 1294 2539 selectissimum
1329 2497 1512 2539 Patrem
1550 2502 1595 2540 et
1630 2495 1896 2552 probatissi-

262 2591 384 2619 mum
408 2575 455 2617 in
477 2574 646 2630 templo
668 2582 841 2625 nostro,
861 2572 937 2615 vbi
960 2573 1108 2616 solent
1131 2572 1278 2615 audiri
1300 2572 1641 2629 confessiones);
1667 2572 1895 2615 iuuabun-

260 2660 335 2695 tur
352 2650 519 2706 alioqui
542 2665 622 2706 per
644 2649 851 2705 publicas
875 2649 1137 2701 conciones,
1163 2655 1211 2691 vt
1233 2648 1415 2702 caeteri,
1440 2656 1528 2692 etc,

350 2729 515 2772 Nullus
544 2727 681 2770 alium
708 2725 960 2782 interroget
987 2726 1044 2769 de
1081 2725 1179 2770 eius
1218 2725 1416 2781 peccatis
1445 2726 1519 2770 vel
1549 2725 1892 2778 tentationibus,

263 2806 351 2848 nisi
373 2805 448 2852 cui
470 2820 527 2849 ex
550 2803 700 2847 officio
717 2803 763 2845 id
779 2802 1011 2858 competit,
1033 2802 1246 2846 videlicet
1261 2802 1468 2858 superior
1483 2803 1556 2847 vel
1573 2802 1892 2855 confessarius;

260 2891 308 2928 et
337 2882 385 2924 hi
423 2882 626 2937 quidem,
658 2881 715 2925 de
737 2879 936 2936 peccatis
964 2879 1229 2936 praesertim
1259 2879 1563 2936 grauioribus,
1595 2879 1682 2922 nisi
1709 2879 1755 2922 in
1784 2893 1894 2922 con-

262 2959 463 3004 fessione
486 2973 543 3002 ne
565 2958 866 3013 interrogent:
893 2958 948 3000 de
971 2955 1299 3001 tentationibus
1324 2956 1499 2999 facilius
1526 2962 1740 3012 poterunt
1768 2961 1896 3000 extra

262 3036 614 3088 confessionem,
640 3048 726 3079 nec
755 3033 882 3078 alteri
915 3048 998 3077 sua
1025 3040 1214 3090 peccata
1244 3034 1318 3077 vel
1350 3032 1624 3078 tentationes
1655 3032 1894 3088 quisquam
