<?xml version="1.0" encoding="UTF-8"?>
<!DOCTYPE html PUBLIC "-//W3C//DTD XHTML 1.0 Transitional//EN"
    "http://www.w3.org/TR/xhtml1/DTD/xhtml1-transitional.dtd">
<html xmlns="http://www.w3.org/1999/xhtml" xml:lang="en" lang="en">
 <head>
  <title>
</title>
<meta http-equiv="Content-Type" content="text/html;charset=utf-8" />
  <meta name='ocr-system' content='tesseract 3.04.00' />
  <meta name='ocr-capabilities' content='ocr_page ocr_carea ocr_par ocr_line ocrx_word'/>
</head>
<body>
  <div class='ocr_page' id='page_1' title='image "./epistolaephieron04nadauoft_0496.png"; bbox 0 0 2098 3470; ppageno 0'>
   <div class='ocr_carea' id='block_1_1' title="bbox 305 271 1374 315">
    <p class='ocr_par' dir='ltr' id='par_1_1' title="bbox 305 271 1374 315">
     <span class='ocr_line' id='line_1_1' title="bbox 305 271 1374 315; baseline 0.006 -10"><span class='ocrx_word' id='word_1_1' title='bbox 305 277 377 315; x_wconf 83' lang='lat'>470</span> <span class='ocrx_word' id='word_1_2' title='bbox 777 271 931 310; x_wconf 60' lang='lat' dir='ltr'>Parius</span> <span class='ocrx_word' id='word_1_3' title='bbox 956 273 1199 310; x_wconf 77' lang='lat' dir='ltr'><strong>HOERONYMl</strong></span> <span class='ocrx_word' id='word_1_4' title='bbox 1225 274 1374 310; x_wconf 75' lang='lat' dir='ltr'>NADAL</span> 
     </span>
    </p>
   </div>
   <div class='ocr_carea' id='block_1_2' title="bbox 350 371 712 428">
    <p class='ocr_par' dir='ltr' id='par_1_2' title="bbox 350 371 712 428">
     <span class='ocr_line' id='line_1_2' title="bbox 350 371 712 428; baseline 0.003 -14"><span class='ocrx_word' id='word_1_5' title='bbox 350 371 526 428; x_wconf 89' lang='lat' dir='ltr'>Lapsus</span> <span class='ocrx_word' id='word_1_6' title='bbox 548 372 712 415; x_wconf 90' lang='lat' dir='ltr'>carnis.</span> 
     </span>
    </p>
   </div>
   <div class='ocr_carea' id='block_1_3' title="bbox 263 447 1891 647">
    <p class='ocr_par' dir='ltr' id='par_1_3' title="bbox 263 447 1891 647">
     <span class='ocr_line' id='line_1_3' title="bbox 350 447 1817 508; baseline 0.003 -18"><span class='ocrx_word' id='word_1_7' title='bbox 350 447 665 492; x_wconf 77' lang='lat' dir='ltr'>inobedientia</span> <span class='ocrx_word' id='word_1_8' title='bbox 687 463 914 506; x_wconf 87' lang='lat' dir='ltr'>expressa,</span> <span class='ocrx_word' id='word_1_9' title='bbox 940 465 1027 506; x_wconf 90' lang='lat' dir='ltr'>qua</span> <span class='ocrx_word' id='word_1_10' title='bbox 1051 451 1151 507; x_wconf 91' lang='lat' dir='ltr'>quis</span> <span class='ocrx_word' id='word_1_11' title='bbox 1174 451 1333 495; x_wconf 89' lang='lat' dir='ltr'>asserit</span> <span class='ocrx_word' id='word_1_12' title='bbox 1356 466 1405 496; x_wconf 88' lang='lat' dir='ltr'>se</span> <span class='ocrx_word' id='word_1_13' title='bbox 1427 451 1546 496; x_wconf 88' lang='lat' dir='ltr'>nolle</span> <span class='ocrx_word' id='word_1_14' title='bbox 1569 465 1739 508; x_wconf 87' lang='lat' dir='ltr'>parere.</span> <span class='ocrx_word' id='word_1_15' title='bbox 1811 499 1817 505; x_wconf 43' lang='grc'><em>,</em></span> 
     </span>
     <span class='ocr_line' id='line_1_4' title="bbox 352 525 1891 584; baseline 0.002 -17"><span class='ocrx_word' id='word_1_16' title='bbox 352 525 652 568; x_wconf 88' lang='lat' dir='ltr'>Murmuratio</span> <span class='ocrx_word' id='word_1_17' title='bbox 673 527 745 571; x_wconf 90' lang='lat' dir='ltr'>vel</span> <span class='ocrx_word' id='word_1_18' title='bbox 772 527 933 572; x_wconf 89' lang='lat' dir='ltr'>seditio</span> <span class='ocrx_word' id='word_1_19' title='bbox 960 529 1031 571; x_wconf 91' lang='lat' dir='ltr'>vel</span> <span class='ocrx_word' id='word_1_20' title='bbox 1060 535 1385 573; x_wconf 86' lang='lat' dir='ltr'>nocumentum</span> <span class='ocrx_word' id='word_1_21' title='bbox 1425 528 1470 571; x_wconf 91' lang='lat' dir='ltr'>in</span> <span class='ocrx_word' id='word_1_22' title='bbox 1509 528 1784 584; x_wconf 88' lang='lat' dir='ltr'>superiorem</span> <span class='ocrx_word' id='word_1_23' title='bbox 1817 529 1891 571; x_wconf 86' lang='lat' dir='ltr'>vel</span> 
     </span>
     <span class='ocr_line' id='line_1_5' title="bbox 263 602 623 647; baseline 0.008 -3"><span class='ocrx_word' id='word_1_24' title='bbox 263 602 310 644; x_wconf 89' lang='lat' dir='ltr'>in</span> <span class='ocrx_word' id='word_1_25' title='bbox 332 602 623 647; x_wconf 79' lang='lat' dir='ltr'>Societatem.</span> 
     </span>
    </p>
   </div>
   <div class='ocr_carea' id='block_1_4' title="bbox 263 681 1895 1046">
    <p class='ocr_par' dir='ltr' id='par_1_4' title="bbox 263 681 1890 802">
     <span class='ocr_line' id='line_1_6' title="bbox 353 681 1890 738; baseline 0.001 -16"><span class='ocrx_word' id='word_1_26' title='bbox 353 681 577 723; x_wconf 89' lang='lat' dir='ltr'>Recessus</span> <span class='ocrx_word' id='word_1_27' title='bbox 599 695 625 723; x_wconf 88' lang='lat' dir='ltr'>a</span> <span class='ocrx_word' id='word_1_28' title='bbox 646 695 729 724; x_wconf 91' lang='lat' dir='ltr'>sua</span> <span class='ocrx_word' id='word_1_29' title='bbox 750 682 986 726; x_wconf 88' lang='lat' dir='ltr'>vocatione</span> <span class='ocrx_word' id='word_1_30' title='bbox 1004 690 1103 738; x_wconf 92' lang='lat' dir='ltr'>post</span> <span class='ocrx_word' id='word_1_31' title='bbox 1132 689 1305 735; x_wconf 91' lang='lat' dir='ltr'>votum,</span> <span class='ocrx_word' id='word_1_32' title='bbox 1330 687 1415 729; x_wconf 79' lang='lat'>286</span> <span class='ocrx_word' id='word_1_33' title='bbox 1430 682 1564 726; x_wconf 89' lang='lat' dir='ltr'>etiam</span> <span class='ocrx_word' id='word_1_34' title='bbox 1587 682 1792 738; x_wconf 84' lang='lat' dir='ltr'>simplex,</span> <span class='ocrx_word' id='word_1_35' title='bbox 1817 682 1890 726; x_wconf 89' lang='lat' dir='ltr'>vel</span> 
     </span>
     <span class='ocr_line' id='line_1_7' title="bbox 263 755 792 802; baseline 0.006 -3"><span class='ocrx_word' id='word_1_36' title='bbox 263 755 455 799; x_wconf 90' lang='lat' dir='ltr'>alicuius</span> <span class='ocrx_word' id='word_1_37' title='bbox 477 757 535 799; x_wconf 90' lang='lat' dir='ltr'>ad</span> <span class='ocrx_word' id='word_1_38' title='bbox 556 757 602 799; x_wconf 93' lang='lat' dir='ltr'>id</span> <span class='ocrx_word' id='word_1_39' title='bbox 624 757 792 802; x_wconf 83' lang='lat' dir='ltr'>suasio.</span> 
     </span>
    </p>

    <p class='ocr_par' dir='ltr' id='par_1_5' title="bbox 264 832 1895 969">
     <span class='ocr_line' id='line_1_8' title="bbox 353 832 1895 892; baseline 0.002 -16"><span class='ocrx_word' id='word_1_40' title='bbox 353 832 574 889; x_wconf 83' lang='lat' dir='ltr'>Acceptio</span> <span class='ocrx_word' id='word_1_41' title='bbox 595 834 667 878; x_wconf 93' lang='lat' dir='ltr'>vel</span> <span class='ocrx_word' id='word_1_42' title='bbox 690 834 841 878; x_wconf 89' lang='lat' dir='ltr'>missio</span> <span class='ocrx_word' id='word_1_43' title='bbox 862 835 1091 879; x_wconf 89' lang='lat' dir='ltr'>literarum</span> <span class='ocrx_word' id='word_1_44' title='bbox 1114 836 1284 890; x_wconf 84' lang='lat' dir='ltr'>absque</span> <span class='ocrx_word' id='word_1_45' title='bbox 1305 850 1518 892; x_wconf 84' lang='lat' dir='ltr'>expressa</span> <span class='ocrx_word' id='word_1_46' title='bbox 1546 835 1742 888; x_wconf 89' lang='lat' dir='ltr'>licentia,</span> <span class='ocrx_word' id='word_1_47' title='bbox 1774 850 1895 892; x_wconf 85' lang='lat' dir='ltr'>quae</span> 
     </span>
     <span class='ocr_line' id='line_1_9' title="bbox 264 909 1892 969; baseline 0.003 -18"><span class='ocrx_word' id='word_1_48' title='bbox 264 909 435 953; x_wconf 89' lang='lat' dir='ltr'>scilicet</span> <span class='ocrx_word' id='word_1_49' title='bbox 458 910 661 966; x_wconf 89' lang='lat' dir='ltr'>acceptio</span> <span class='ocrx_word' id='word_1_50' title='bbox 682 912 754 954; x_wconf 86' lang='lat' dir='ltr'>vel</span> <span class='ocrx_word' id='word_1_51' title='bbox 781 911 934 955; x_wconf 90' lang='lat' dir='ltr'>missio</span> <span class='ocrx_word' id='word_1_52' title='bbox 963 911 1193 956; x_wconf 88' lang='lat' dir='ltr'>contineat</span> <span class='ocrx_word' id='word_1_53' title='bbox 1222 912 1441 957; x_wconf 88' lang='lat' dir='ltr'>rationem</span> <span class='ocrx_word' id='word_1_54' title='bbox 1471 913 1645 969; x_wconf 88' lang='lat' dir='ltr'>peccati</span> <span class='ocrx_word' id='word_1_55' title='bbox 1673 913 1892 956; x_wconf 76' lang='lat' dir='ltr'>mortalis.</span> 
     </span>
    </p>

    <p class='ocr_par' dir='ltr' id='par_1_6' title="bbox 356 987 1894 1046">
     <span class='ocr_line' id='line_1_10' title="bbox 356 987 1894 1046; baseline 0.002 -17"><span class='ocrx_word' id='word_1_56' title='bbox 356 987 731 1046; x_wconf 90' lang='lat' dir='ltr'>Impedimentum</span> <span class='ocrx_word' id='word_1_57' title='bbox 753 990 998 1033; x_wconf 89' lang='lat' dir='ltr'>excludens</span> <span class='ocrx_word' id='word_1_58' title='bbox 1020 1004 1046 1032; x_wconf 92' lang='lat' dir='ltr'>a</span> <span class='ocrx_word' id='word_1_59' title='bbox 1074 989 1300 1034; x_wconf 89' lang='lat' dir='ltr'>Societate</span> <span class='ocrx_word' id='word_1_60' title='bbox 1329 989 1564 1032; x_wconf 84' lang='lat' dir='ltr'>reticuisse</span> <span class='ocrx_word' id='word_1_61' title='bbox 1591 989 1639 1031; x_wconf 93' lang='lat' dir='ltr'>in</span> <span class='ocrx_word' id='word_1_62' title='bbox 1667 989 1894 1040; x_wconf 77' lang='lat' dir='ltr'>examine,</span> 
     </span>
    </p>
   </div>
   <div class='ocr_carea' id='block_1_5' title="bbox 266 1064 1892 1185">
    <p class='ocr_par' dir='ltr' id='par_1_7' title="bbox 266 1064 1892 1185">
     <span class='ocr_line' id='line_1_11' title="bbox 266 1064 1892 1122; baseline 0.002 -16"><span class='ocrx_word' id='word_1_63' title='bbox 266 1065 339 1107; x_wconf 87' lang='lat' dir='ltr'>vel</span> <span class='ocrx_word' id='word_1_64' title='bbox 361 1064 406 1106; x_wconf 92' lang='lat' dir='ltr'>in</span> <span class='ocrx_word' id='word_1_65' title='bbox 430 1079 484 1108; x_wconf 92' lang='lat' dir='ltr'>eo</span> <span class='ocrx_word' id='word_1_66' title='bbox 506 1064 744 1108; x_wconf 90' lang='lat' dir='ltr'>mentitum</span> <span class='ocrx_word' id='word_1_67' title='bbox 766 1079 882 1119; x_wconf 85' lang='lat' dir='ltr'>esse,</span> <span class='ocrx_word' id='word_1_68' title='bbox 907 1067 1026 1109; x_wconf 90' lang='lat' dir='ltr'>vnde</span> <span class='ocrx_word' id='word_1_69' title='bbox 1049 1081 1191 1122; x_wconf 86' lang='lat' dir='ltr'>graue</span> <span class='ocrx_word' id='word_1_70' title='bbox 1214 1065 1396 1122; x_wconf 85' lang='lat' dir='ltr'>aliquod</span> <span class='ocrx_word' id='word_1_71' title='bbox 1419 1066 1755 1109; x_wconf 90' lang='lat' dir='ltr'>incommodum</span> <span class='ocrx_word' id='word_1_72' title='bbox 1786 1080 1892 1122; x_wconf 88' lang='lat' dir='ltr'>pos-</span> 
     </span>
     <span class='ocr_line' id='line_1_12' title="bbox 268 1140 1793 1185; baseline 0 -2"><span class='ocrx_word' id='word_1_73' title='bbox 268 1148 337 1185; x_wconf 90' lang='lat' dir='ltr'>set</span> <span class='ocrx_word' id='word_1_74' title='bbox 360 1140 481 1183; x_wconf 89' lang='lat' dir='ltr'>oriri.</span> <span class='ocrx_word' id='word_1_75' title='bbox 1791 1142 1793 1145; x_wconf 75' lang='grc'><strong>’</strong></span> 
     </span>
    </p>
   </div>
   <div class='ocr_carea' id='block_1_6' title="bbox 272 1218 1906 2044">
    <p class='ocr_par' dir='ltr' id='par_1_8' title="bbox 358 1218 1206 1275">
     <span class='ocr_line' id='line_1_13' title="bbox 358 1218 1206 1275; baseline 0.002 -14"><span class='ocrx_word' id='word_1_76' title='bbox 358 1218 578 1262; x_wconf 86' lang='lat' dir='ltr'>Confiteri</span> <span class='ocrx_word' id='word_1_77' title='bbox 601 1233 691 1262; x_wconf 90' lang='lat' dir='ltr'>non</span> <span class='ocrx_word' id='word_1_78' title='bbox 714 1219 893 1275; x_wconf 90' lang='lat' dir='ltr'>proprio</span> <span class='ocrx_word' id='word_1_79' title='bbox 915 1220 1206 1264; x_wconf 86' lang='lat' dir='ltr'>confessario.</span> 
     </span>
    </p>

    <p class='ocr_par' dir='ltr' id='par_1_9' title="bbox 358 1294 1726 1353">
     <span class='ocr_line' id='line_1_14' title="bbox 358 1294 1726 1353; baseline 0.001 -16"><span class='ocrx_word' id='word_1_80' title='bbox 358 1294 611 1338; x_wconf 89' lang='lat' dir='ltr'>Absoluere</span> <span class='ocrx_word' id='word_1_81' title='bbox 632 1310 658 1338; x_wconf 91' lang='lat' dir='ltr'>a</span> <span class='ocrx_word' id='word_1_82' title='bbox 679 1296 859 1339; x_wconf 86' lang='lat' dir='ltr'>casibus</span> <span class='ocrx_word' id='word_1_83' title='bbox 880 1296 1122 1340; x_wconf 79' lang='lat' dir='ltr'>reseruatis</span> <span class='ocrx_word' id='word_1_84' title='bbox 1143 1296 1240 1340; x_wconf 90' lang='lat' dir='ltr'>sine</span> <span class='ocrx_word' id='word_1_85' title='bbox 1261 1296 1443 1339; x_wconf 90' lang='lat' dir='ltr'>licentia</span> <span class='ocrx_word' id='word_1_86' title='bbox 1466 1296 1726 1353; x_wconf 88' lang='lat' dir='ltr'>superioris.</span> 
     </span>
    </p>

    <p class='ocr_par' dir='ltr' id='par_1_10' title="bbox 272 1372 1898 1507">
     <span class='ocr_line' id='line_1_15' title="bbox 359 1372 1898 1429; baseline -0.001 -14"><span class='ocrx_word' id='word_1_87' title='bbox 359 1373 486 1416; x_wconf 91' lang='lat' dir='ltr'>Haec</span> <span class='ocrx_word' id='word_1_88' title='bbox 509 1379 555 1414; x_wconf 91' lang='lat' dir='ltr'>et</span> <span class='ocrx_word' id='word_1_89' title='bbox 583 1379 760 1417; x_wconf 88' lang='lat' dir='ltr'>caetera</span> <span class='ocrx_word' id='word_1_90' title='bbox 786 1373 872 1416; x_wconf 87' lang='lat' dir='ltr'>alia</span> <span class='ocrx_word' id='word_1_91' title='bbox 899 1380 1099 1429; x_wconf 89' lang='lat' dir='ltr'>peccata,</span> <span class='ocrx_word' id='word_1_92' title='bbox 1131 1387 1234 1416; x_wconf 91' lang='lat' dir='ltr'>cum</span> <span class='ocrx_word' id='word_1_93' title='bbox 1257 1373 1495 1417; x_wconf 89' lang='lat' dir='ltr'>manifeste</span> <span class='ocrx_word' id='word_1_94' title='bbox 1517 1380 1650 1417; x_wconf 90' lang='lat' dir='ltr'>erunt</span> <span class='ocrx_word' id='word_1_95' title='bbox 1673 1372 1898 1426; x_wconf 82' lang='lat' dir='ltr'>mortalia,</span> 
     </span>
     <span class='ocr_line' id='line_1_16' title="bbox 272 1449 1308 1507; baseline 0.001 -16"><span class='ocrx_word' id='word_1_96' title='bbox 272 1456 564 1493; x_wconf 89' lang='lat' dir='ltr'>reseruantur</span> <span class='ocrx_word' id='word_1_97' title='bbox 586 1449 805 1505; x_wconf 87' lang='lat' dir='ltr'>superiori</span> <span class='ocrx_word' id='word_1_98' title='bbox 827 1451 988 1493; x_wconf 88' lang='lat' dir='ltr'>domus</span> <span class='ocrx_word' id='word_1_99' title='bbox 1015 1451 1088 1494; x_wconf 93' lang='lat' dir='ltr'>vel</span> <span class='ocrx_word' id='word_1_100' title='bbox 1110 1450 1308 1507; x_wconf 85' lang='lat' dir='ltr'>collegii.</span> 
     </span>
    </p>

    <p class='ocr_par' dir='ltr' id='par_1_11' title="bbox 272 1525 1906 2044">
     <span class='ocr_line' id='line_1_17' title="bbox 361 1525 1896 1583; baseline 0 -14"><span class='ocrx_word' id='word_1_101' title='bbox 361 1525 487 1569; x_wconf 87' lang='lat' dir='ltr'>Licet</span> <span class='ocrx_word' id='word_1_102' title='bbox 510 1533 660 1570; x_wconf 91' lang='lat' dir='ltr'>autem</span> <span class='ocrx_word' id='word_1_103' title='bbox 681 1534 866 1583; x_wconf 90' lang='lat' dir='ltr'>peccata</span> <span class='ocrx_word' id='word_1_104' title='bbox 888 1527 1063 1571; x_wconf 87' lang='lat' dir='ltr'>interna</span> <span class='ocrx_word' id='word_1_105' title='bbox 1092 1542 1184 1570; x_wconf 91' lang='lat' dir='ltr'>non</span> <span class='ocrx_word' id='word_1_106' title='bbox 1212 1534 1516 1580; x_wconf 87' lang='lat' dir='ltr'>reseruentur,</span> <span class='ocrx_word' id='word_1_107' title='bbox 1549 1527 1588 1569; x_wconf 89' lang='lat' dir='ltr'>si</span> <span class='ocrx_word' id='word_1_108' title='bbox 1618 1526 1718 1582; x_wconf 90' lang='lat' dir='ltr'>quis</span> <span class='ocrx_word' id='word_1_109' title='bbox 1748 1533 1896 1570; x_wconf 87' lang='lat' dir='ltr'>tamen</span> 
     </span>
     <span class='ocr_line' id='line_1_18' title="bbox 272 1602 1900 1660; baseline -0.001 -14"><span class='ocrx_word' id='word_1_110' title='bbox 272 1617 407 1659; x_wconf 85' lang='lat' dir='ltr'>saepe</span> <span class='ocrx_word' id='word_1_111' title='bbox 430 1602 478 1645; x_wconf 91' lang='lat' dir='ltr'>in</span> <span class='ocrx_word' id='word_1_112' title='bbox 498 1617 551 1647; x_wconf 89' lang='lat' dir='ltr'>ea</span> <span class='ocrx_word' id='word_1_113' title='bbox 573 1602 819 1655; x_wconf 88' lang='lat' dir='ltr'>incidisset,</span> <span class='ocrx_word' id='word_1_114' title='bbox 845 1611 923 1646; x_wconf 90' lang='lat' dir='ltr'>aut</span> <span class='ocrx_word' id='word_1_115' title='bbox 944 1619 999 1648; x_wconf 86' lang='lat' dir='ltr'>ex</span> <span class='ocrx_word' id='word_1_116' title='bbox 1027 1603 1114 1647; x_wconf 90' lang='lat' dir='ltr'>illis</span> <span class='ocrx_word' id='word_1_117' title='bbox 1140 1603 1420 1660; x_wconf 86' lang='lat' dir='ltr'>impenderet</span> <span class='ocrx_word' id='word_1_118' title='bbox 1448 1617 1592 1660; x_wconf 86' lang='lat' dir='ltr'>graue</span> <span class='ocrx_word' id='word_1_119' title='bbox 1615 1603 1798 1659; x_wconf 90' lang='lat' dir='ltr'>aliquod</span> <span class='ocrx_word' id='word_1_120' title='bbox 1825 1617 1900 1659; x_wconf 88' lang='lat' dir='ltr'>pe·</span> 
     </span>
     <span class='ocr_line' id='line_1_19' title="bbox 274 1679 1906 1737; baseline 0 -15"><span class='ocrx_word' id='word_1_121' title='bbox 274 1679 467 1722; x_wconf 89' lang='lat' dir='ltr'>riculum</span> <span class='ocrx_word' id='word_1_122' title='bbox 491 1680 564 1724; x_wconf 93' lang='lat' dir='ltr'>vel</span> <span class='ocrx_word' id='word_1_123' title='bbox 585 1680 865 1731; x_wconf 88' lang='lat' dir='ltr'>scandalum,</span> <span class='ocrx_word' id='word_1_124' title='bbox 892 1681 1144 1724; x_wconf 88' lang='lat' dir='ltr'>hortandus</span> <span class='ocrx_word' id='word_1_125' title='bbox 1166 1688 1286 1725; x_wconf 90' lang='lat' dir='ltr'>esset</span> <span class='ocrx_word' id='word_1_126' title='bbox 1306 1679 1558 1737; x_wconf 90' lang='lat' dir='ltr'>poenitens,</span> <span class='ocrx_word' id='word_1_127' title='bbox 1584 1687 1633 1722; x_wconf 91' lang='lat' dir='ltr'>vt</span> <span class='ocrx_word' id='word_1_128' title='bbox 1661 1694 1738 1723; x_wconf 92' lang='lat' dir='ltr'>cor</span> <span class='ocrx_word' id='word_1_129' title='bbox 1765 1683 1906 1723; x_wconf 76' lang='lat' dir='ltr'>suum&#39;</span> 
     </span>
     <span class='ocr_line' id='line_1_20' title="bbox 274 1755 1906 1813; baseline 0.001 -14"><span class='ocrx_word' id='word_1_130' title='bbox 274 1770 468 1812; x_wconf 86' lang='lat' dir='ltr'>syncere</span> <span class='ocrx_word' id='word_1_131' title='bbox 490 1755 683 1813; x_wconf 88' lang='lat' dir='ltr'>aperiret</span> <span class='ocrx_word' id='word_1_132' title='bbox 703 1757 936 1813; x_wconf 90' lang='lat' dir='ltr'>superiori.</span> <span class='ocrx_word' id='word_1_133' title='bbox 964 1758 1086 1802; x_wconf 91' lang='lat' dir='ltr'>Idem</span> <span class='ocrx_word' id='word_1_134' title='bbox 1109 1757 1244 1801; x_wconf 87' lang='lat' dir='ltr'>etiam</span> <span class='ocrx_word' id='word_1_135' title='bbox 1262 1758 1597 1802; x_wconf 91' lang='lat' dir='ltr'>obseruandum</span> <span class='ocrx_word' id='word_1_136' title='bbox 1617 1757 1663 1799; x_wconf 91' lang='lat' dir='ltr'>in</span> <span class='ocrx_word' id='word_1_137' title='bbox 1681 1756 1906 1813; x_wconf 85' lang='lat' dir='ltr'>grauibus</span> 
     </span>
     <span class='ocr_line' id='line_1_21' title="bbox 273 1833 1905 1891; baseline 0 -15"><span class='ocrx_word' id='word_1_138' title='bbox 273 1841 319 1876; x_wconf 89' lang='lat' dir='ltr'>et</span> <span class='ocrx_word' id='word_1_139' title='bbox 350 1833 578 1877; x_wconf 90' lang='lat' dir='ltr'>diuturnis</span> <span class='ocrx_word' id='word_1_140' title='bbox 606 1834 945 1886; x_wconf 85' lang='lat' dir='ltr'>tentationibus,</span> <span class='ocrx_word' id='word_1_141' title='bbox 978 1835 1158 1890; x_wconf 89' lang='lat' dir='ltr'>quando</span> <span class='ocrx_word' id='word_1_142' title='bbox 1186 1834 1422 1891; x_wconf 89' lang='lat' dir='ltr'>poenitens</span> <span class='ocrx_word' id='word_1_143' title='bbox 1460 1848 1627 1890; x_wconf 87' lang='lat' dir='ltr'>magno</span> <span class='ocrx_word' id='word_1_144' title='bbox 1664 1848 1769 1877; x_wconf 91' lang='lat' dir='ltr'>cum</span> <span class='ocrx_word' id='word_1_145' title='bbox 1801 1833 1905 1876; x_wconf 87' lang='lat' dir='ltr'>ani-</span> 
     </span>
     <span class='ocr_line' id='line_1_22' title="bbox 274 1910 1902 1968; baseline -0.001 -14"><span class='ocrx_word' id='word_1_146' title='bbox 274 1925 375 1955; x_wconf 88' lang='lat' dir='ltr'>mae</span> <span class='ocrx_word' id='word_1_147' title='bbox 403 1926 512 1955; x_wconf 90' lang='lat' dir='ltr'>suae</span> <span class='ocrx_word' id='word_1_148' title='bbox 538 1915 622 1957; x_wconf 88' lang='grc'>287</span> <span class='ocrx_word' id='word_1_149' title='bbox 652 1911 923 1956; x_wconf 87' lang='lat' dir='ltr'>detrimento</span> <span class='ocrx_word' id='word_1_150' title='bbox 956 1913 1014 1953; x_wconf 92' lang='lat' dir='ltr'>ob</span> <span class='ocrx_word' id='word_1_151' title='bbox 1045 1926 1173 1955; x_wconf 89' lang='lat' dir='ltr'>suam</span> <span class='ocrx_word' id='word_1_152' title='bbox 1207 1911 1535 1968; x_wconf 84' lang='lat' dir='ltr'>negligentiam</span> <span class='ocrx_word' id='word_1_153' title='bbox 1570 1910 1803 1954; x_wconf 87' lang='lat' dir='ltr'>timeretur</span> <span class='ocrx_word' id='word_1_154' title='bbox 1835 1910 1902 1953; x_wconf 89' lang='lat' dir='ltr'>la-</span> 
     </span>
     <span class='ocr_line' id='line_1_23' title="bbox 275 2003 456 2044; baseline 0 -13"><span class='ocrx_word' id='word_1_155' title='bbox 275 2003 456 2044; x_wconf 89' lang='lat' dir='ltr'>psurus.</span> 
     </span>
    </p>
   </div>
   <div class='ocr_carea' id='block_1_7' title="bbox 368 2067 1663 2197">
    <p class='ocr_par' dir='ltr' id='par_1_12' title="bbox 368 2067 1663 2197">
     <span class='ocr_line' id='line_1_24' title="bbox 964 2067 1663 2109; baseline 0 -1"><span class='ocrx_word' id='word_1_156' title='bbox 964 2067 1258 2109; x_wconf 83' lang='lat' dir='ltr'>EUERARDUS</span> <span class='ocrx_word' id='word_1_157' title='bbox 1291 2067 1663 2109; x_wconf 80' lang='lat' dir='ltr'><strong>MERCURIANUS.</strong></span> 
     </span>
     <span class='ocr_line' id='line_1_25' title="bbox 368 2142 1008 2197; baseline -0.003 -11"><span class='ocrx_word' id='word_1_158' title='bbox 368 2144 556 2195; x_wconf 89' lang='lat' dir='ltr'>Romae,</span> <span class='ocrx_word' id='word_1_159' title='bbox 584 2155 635 2186; x_wconf 91' lang='lat'>21</span> <span class='ocrx_word' id='word_1_160' title='bbox 662 2142 854 2185; x_wconf 89' lang='lat' dir='ltr'>Ianuarii</span> <span class='ocrx_word' id='word_1_161' title='bbox 883 2153 1008 2197; x_wconf 86' lang='lat'><strong>1575.</strong></span> 
     </span>
    </p>
   </div>
   <div class='ocr_carea' id='block_1_8' title="bbox 279 2274 1907 2383">
    <p class='ocr_par' dir='ltr' id='par_1_13' title="bbox 279 2274 1907 2383">
     <span class='ocr_line' id='line_1_26' title="bbox 279 2274 1907 2318; baseline 0 -13"><span class='ocrx_word' id='word_1_162' title='bbox 279 2275 399 2305; x_wconf 92' lang='lat' dir='ltr'>POST</span> <span class='ocrx_word' id='word_1_163' title='bbox 443 2275 810 2306; x_wconf 87' lang='lat' dir='ltr'>CONFESSIONEM</span> <span class='ocrx_word' id='word_1_164' title='bbox 849 2275 1139 2306; x_wconf 86' lang='lat' dir='ltr'>GENERALEM</span> <span class='ocrx_word' id='word_1_165' title='bbox 1190 2275 1428 2318; x_wconf 79' lang='lat' dir='ltr'><strong>PRQDERIT</strong></span> <span class='ocrx_word' id='word_1_166' title='bbox 1476 2276 1526 2305; x_wconf 85' lang='lat' dir='ltr'>IN</span> <span class='ocrx_word' id='word_1_167' title='bbox 1568 2274 1907 2314; x_wconf 80' lang='lat' dir='ltr'><strong>SEQUENTIBUS</strong></span> 
     </span>
     <span class='ocr_line' id='line_1_27' title="bbox 977 2353 1209 2383; baseline 0 -1"><span class='ocrx_word' id='word_1_168' title='bbox 977 2353 1209 2383; x_wconf 85' lang='lat' dir='ltr'>MEDITARI</span> 
     </span>
    </p>
   </div>
   <div class='ocr_carea' id='block_1_9' title="bbox 281 2451 1919 3122">
    <p class='ocr_par' dir='ltr' id='par_1_14' title="bbox 281 2451 1916 2969">
     <span class='ocr_line' id='line_1_28' title="bbox 371 2451 1910 2508; baseline 0.001 -13"><span class='ocrx_word' id='word_1_169' title='bbox 371 2452 730 2508; x_wconf 84' lang='lat' dir='ltr'>Agnoscendum</span> <span class='ocrx_word' id='word_1_170' title='bbox 759 2451 988 2507; x_wconf 85' lang='lat' dir='ltr'>singulare</span> <span class='ocrx_word' id='word_1_171' title='bbox 1018 2451 1290 2495; x_wconf 84' lang='lat' dir='ltr'>beneficium</span> <span class='ocrx_word' id='word_1_172' title='bbox 1322 2451 1573 2495; x_wconf 90' lang='lat' dir='ltr'>vocationis</span> <span class='ocrx_word' id='word_1_173' title='bbox 1605 2466 1748 2506; x_wconf 90' lang='lat' dir='ltr'>meae,</span> <span class='ocrx_word' id='word_1_174' title='bbox 1787 2454 1910 2496; x_wconf 90' lang='lat' dir='ltr'>vnde</span> 
     </span>
     <span class='ocr_line' id='line_1_29' title="bbox 282 2528 1908 2584; baseline 0.001 -13"><span class='ocrx_word' id='word_1_175' title='bbox 282 2543 355 2572; x_wconf 90' lang='lat' dir='ltr'>me</span> <span class='ocrx_word' id='word_1_176' title='bbox 375 2529 609 2573; x_wconf 86' lang='lat' dir='ltr'>vocauerit</span> <span class='ocrx_word' id='word_1_177' title='bbox 633 2529 860 2581; x_wconf 88' lang='lat' dir='ltr'>Christus,</span> <span class='ocrx_word' id='word_1_178' title='bbox 885 2535 929 2572; x_wconf 89' lang='lat' dir='ltr'>et</span> <span class='ocrx_word' id='word_1_179' title='bbox 953 2543 1042 2584; x_wconf 93' lang='lat' dir='ltr'>quo</span> <span class='ocrx_word' id='word_1_180' title='bbox 1071 2528 1319 2581; x_wconf 90' lang='lat' dir='ltr'>vocauerit,</span> <span class='ocrx_word' id='word_1_181' title='bbox 1350 2544 1375 2572; x_wconf 91' lang='lat' dir='ltr'>a</span> <span class='ocrx_word' id='word_1_182' title='bbox 1407 2535 1576 2584; x_wconf 88' lang='lat' dir='ltr'>quanta</span> <span class='ocrx_word' id='word_1_183' title='bbox 1607 2544 1756 2573; x_wconf 88' lang='lat' dir='ltr'>rerum</span> <span class='ocrx_word' id='word_1_184' title='bbox 1789 2529 1908 2573; x_wconf 90' lang='lat' dir='ltr'>diffi-</span> 
     </span>
     <span class='ocr_line' id='line_1_30' title="bbox 281 2605 1911 2662; baseline 0.001 -14"><span class='ocrx_word' id='word_1_185' title='bbox 281 2607 468 2659; x_wconf 90' lang='lat' dir='ltr'>cultate,</span> <span class='ocrx_word' id='word_1_186' title='bbox 493 2621 518 2648; x_wconf 91' lang='lat' dir='ltr'>a</span> <span class='ocrx_word' id='word_1_187' title='bbox 541 2605 706 2661; x_wconf 91' lang='lat' dir='ltr'>quibus</span> <span class='ocrx_word' id='word_1_188' title='bbox 728 2605 923 2662; x_wconf 89' lang='lat' dir='ltr'>peccatis</span> <span class='ocrx_word' id='word_1_189' title='bbox 945 2613 991 2648; x_wconf 91' lang='lat' dir='ltr'>et</span> <span class='ocrx_word' id='word_1_190' title='bbox 1018 2605 1246 2662; x_wconf 89' lang='lat' dir='ltr'>periculis,</span> <span class='ocrx_word' id='word_1_191' title='bbox 1278 2606 1335 2648; x_wconf 92' lang='lat' dir='ltr'>ad</span> <span class='ocrx_word' id='word_1_192' title='bbox 1368 2612 1581 2660; x_wconf 89' lang='lat' dir='ltr'>quantam</span> <span class='ocrx_word' id='word_1_193' title='bbox 1611 2606 1821 2662; x_wconf 84' lang='lat' dir='ltr'>gratiam,</span> <span class='ocrx_word' id='word_1_194' title='bbox 1853 2607 1911 2650; x_wconf 91' lang='lat' dir='ltr'>ad</span> 
     </span>
     <span class='ocr_line' id='line_1_31' title="bbox 284 2682 1908 2739; baseline -0.001 -13"><span class='ocrx_word' id='word_1_195' title='bbox 284 2697 418 2738; x_wconf 88' lang='lat' dir='ltr'>quam</span> <span class='ocrx_word' id='word_1_196' title='bbox 439 2682 621 2739; x_wconf 86' lang='lat' dir='ltr'>insigne</span> <span class='ocrx_word' id='word_1_197' title='bbox 644 2682 763 2728; x_wconf 88' lang='lat' dir='ltr'>vitae</span> <span class='ocrx_word' id='word_1_198' title='bbox 783 2682 1057 2735; x_wconf 90' lang='lat' dir='ltr'>institutum,</span> <span class='ocrx_word' id='word_1_199' title='bbox 1083 2683 1139 2726; x_wconf 93' lang='lat' dir='ltr'>ad</span> <span class='ocrx_word' id='word_1_200' title='bbox 1172 2689 1387 2737; x_wconf 90' lang='lat' dir='ltr'>quantam</span> <span class='ocrx_word' id='word_1_201' title='bbox 1415 2682 1592 2726; x_wconf 88' lang='lat' dir='ltr'>animae</span> <span class='ocrx_word' id='word_1_202' title='bbox 1620 2682 1908 2735; x_wconf 88' lang='lat' dir='ltr'>suauitatem,</span> 
     </span>
     <span class='ocr_line' id='line_1_32' title="bbox 284 2758 1912 2815; baseline 0 -13"><span class='ocrx_word' id='word_1_203' title='bbox 284 2759 755 2815; x_wconf 89' lang='lat' dir='ltr'>considerandumque</span> <span class='ocrx_word' id='word_1_204' title='bbox 776 2759 909 2803; x_wconf 91' lang='lat' dir='ltr'>simul</span> <span class='ocrx_word' id='word_1_205' title='bbox 927 2774 1061 2814; x_wconf 89' lang='lat' dir='ltr'>quam</span> <span class='ocrx_word' id='word_1_206' title='bbox 1084 2759 1225 2801; x_wconf 89' lang='lat' dir='ltr'>multa</span> <span class='ocrx_word' id='word_1_207' title='bbox 1246 2759 1365 2801; x_wconf 92' lang='lat' dir='ltr'>dona</span> <span class='ocrx_word' id='word_1_208' title='bbox 1387 2758 1432 2801; x_wconf 93' lang='lat' dir='ltr'>in</span> <span class='ocrx_word' id='word_1_209' title='bbox 1452 2758 1680 2803; x_wconf 88' lang='lat' dir='ltr'>Societate</span> <span class='ocrx_word' id='word_1_210' title='bbox 1697 2774 1777 2815; x_wconf 89' lang='lat' dir='ltr'>per</span> <span class='ocrx_word' id='word_1_211' title='bbox 1793 2760 1912 2803; x_wconf 90' lang='lat' dir='ltr'>hanc</span> 
     </span>
     <span class='ocr_line' id='line_1_33' title="bbox 286 2834 1916 2892; baseline -0.001 -13"><span class='ocrx_word' id='word_1_212' title='bbox 286 2836 571 2880; x_wconf 89' lang='lat' dir='ltr'>vocationem</span> <span class='ocrx_word' id='word_1_213' title='bbox 589 2844 634 2879; x_wconf 90' lang='lat' dir='ltr'>et</span> <span class='ocrx_word' id='word_1_214' title='bbox 651 2835 843 2892; x_wconf 86' lang='lat' dir='ltr'>gratiam</span> <span class='ocrx_word' id='word_1_215' title='bbox 861 2836 1111 2892; x_wconf 88' lang='lat' dir='ltr'>acceperim</span> <span class='ocrx_word' id='word_1_216' title='bbox 1129 2850 1155 2879; x_wconf 88' lang='lat' dir='ltr'>a</span> <span class='ocrx_word' id='word_1_217' title='bbox 1171 2836 1285 2888; x_wconf 83' lang='lat' dir='ltr'>Deo3</span> <span class='ocrx_word' id='word_1_218' title='bbox 1302 2842 1347 2879; x_wconf 89' lang='lat' dir='ltr'>et</span> <span class='ocrx_word' id='word_1_219' title='bbox 1364 2836 1420 2878; x_wconf 90' lang='lat' dir='ltr'>de</span> <span class='ocrx_word' id='word_1_220' title='bbox 1439 2834 1508 2877; x_wconf 91' lang='lat' dir='ltr'>his</span> <span class='ocrx_word' id='word_1_221' title='bbox 1526 2850 1582 2879; x_wconf 87' lang='lat' dir='ltr'>ex</span> <span class='ocrx_word' id='word_1_222' title='bbox 1598 2835 1758 2879; x_wconf 89' lang='lat' dir='ltr'>intimo</span> <span class='ocrx_word' id='word_1_223' title='bbox 1774 2836 1916 2879; x_wconf 86' lang='lat' dir='ltr'>corde</span> 
     </span>
     <span class='ocr_line' id='line_1_34' title="bbox 286 2913 1079 2969; baseline 0 -14"><span class='ocrx_word' id='word_1_224' title='bbox 286 2913 456 2969; x_wconf 85' lang='lat' dir='ltr'>gratias</span> <span class='ocrx_word' id='word_1_225' title='bbox 479 2915 578 2957; x_wconf 93' lang='lat' dir='ltr'>Deo</span> <span class='ocrx_word' id='word_1_226' title='bbox 601 2921 646 2958; x_wconf 92' lang='lat' dir='ltr'>et</span> <span class='ocrx_word' id='word_1_227' title='bbox 667 2914 845 2957; x_wconf 87' lang='lat' dir='ltr'>habebo</span> <span class='ocrx_word' id='word_1_228' title='bbox 862 2919 907 2957; x_wconf 94' lang='lat' dir='ltr'>et</span> <span class='ocrx_word' id='word_1_229' title='bbox 930 2927 1079 2969; x_wconf 84' lang='lat' dir='ltr'>agam.</span> 
     </span>
    </p>

    <p class='ocr_par' dir='ltr' id='par_1_15' title="bbox 286 2988 1919 3122">
     <span class='ocr_line' id='line_1_35' title="bbox 377 2988 1919 3045; baseline 0 -13"><span class='ocrx_word' id='word_1_230' title='bbox 377 2991 566 3033; x_wconf 89' lang='lat' dir='ltr'>Attente</span> <span class='ocrx_word' id='word_1_231' title='bbox 594 2989 973 3033; x_wconf 88' lang='lat' dir='ltr'>considerandum</span> <span class='ocrx_word' id='word_1_232' title='bbox 1003 3004 1137 3044; x_wconf 89' lang='lat' dir='ltr'>quarn</span> <span class='ocrx_word' id='word_1_233' title='bbox 1165 3002 1253 3045; x_wconf 84' lang='lat' dir='ltr'>ego</span> <span class='ocrx_word' id='word_1_234' title='bbox 1283 2989 1443 3032; x_wconf 87' lang='lat' dir='ltr'>fuerim</span> <span class='ocrx_word' id='word_1_235' title='bbox 1472 2989 1638 3032; x_wconf 90' lang='lat' dir='ltr'>surdus</span> <span class='ocrx_word' id='word_1_236' title='bbox 1666 2988 1802 3032; x_wconf 92' lang='lat' dir='ltr'>huius</span> <span class='ocrx_word' id='word_1_237' title='bbox 1828 3003 1919 3032; x_wconf 79' lang='lat' dir='ltr'>vo—</span> 
     </span>
     <span class='ocr_line' id='line_1_36' title="bbox 286 3063 1918 3122; baseline -0.002 -12"><span class='ocrx_word' id='word_1_238' title='bbox 286 3065 478 3110; x_wconf 89' lang='lat' dir='ltr'>cationis</span> <span class='ocrx_word' id='word_1_239' title='bbox 499 3066 695 3120; x_wconf 89' lang='lat' dir='ltr'>auditor,</span> <span class='ocrx_word' id='word_1_240' title='bbox 721 3080 855 3122; x_wconf 91' lang='lat' dir='ltr'>quam</span> <span class='ocrx_word' id='word_1_241' title='bbox 883 3066 1124 3122; x_wconf 86' lang='lat' dir='ltr'>negligens</span> <span class='ocrx_word' id='word_1_242' title='bbox 1150 3072 1415 3121; x_wconf 88' lang='lat' dir='ltr'>cooperator</span> <span class='ocrx_word' id='word_1_243' title='bbox 1446 3065 1635 3121; x_wconf 87' lang='lat' dir='ltr'>gratiae,</span> <span class='ocrx_word' id='word_1_244' title='bbox 1660 3065 1708 3108; x_wconf 93' lang='lat' dir='ltr'>in</span> <span class='ocrx_word' id='word_1_245' title='bbox 1734 3063 1918 3121; x_wconf 85' lang='lat' dir='ltr'>quantis</span> 
     </span>
    </p>
   </div>
   <div class='ocr_carea' id='block_1_10' title="bbox 1986 1668 2098 3470">
    <p class='ocr_par' dir='ltr' id='par_1_16' title="bbox 1986 1668 2098 3470">
     <span class='ocr_line' id='line_1_37' title="bbox 1986 1668 2098 3470; baseline 0 0"><span class='ocrx_word' id='word_1_246' title='bbox 1986 1668 2098 3470; x_wconf 95' lang='lat' dir='ltr'> </span> 
     </span>
    </p>
   </div>
  </div>
 </body>
</html>
