2098 3470
308 213 379 249 618
782 216 937 253 Pin-ms
963 218 1205 254 Humom‘m
1231 218 1383 253 NADAL

354 327 425 372 29.
492 316 636 361 Tiene
657 317 700 361 la
721 317 975 374 Compafn'a
993 333 1123 375 gran
1146 327 1163 344 ³
1186 318 1479 364 indiserencia
1496 335 1525 376 y
1541 321 1672 376 plena
1693 320 1902 375 resigna-

262 391 366 435 ci6n
388 393 431 435 al
453 393 600 438 Sefior
621 409 679 438 en
701 409 836 438 mano
857 410 887 452 y
910 410 1104 451 persona
1126 396 1199 439 del
1223 395 1442 452 superior.

355 481 426 523 30.
492 469 713 526 Ninguno
735 471 849 514 dura
870 486 927 515 en
950 472 991 514 la
1013 472 1264 528 Compafiia
1286 472 1564 524 finalmente,
1596 474 1722 526 ficto,
1753 488 1780 530 y
1809 489 1903 529 que·

263 547 321 588 de
345 559 478 590 ueras
500 560 560 589 no
581 547 681 604 siga
701 551 728 590 a
751 547 934 592 Christo
956 564 1010 592 en
1042 549 1084 591 la
1113 548 1360 604 perfection
1389 564 1419 605 y
1449 563 1498 593 se
1525 548 1711 593 humilie
1739 550 1896 606 plena-

265 630 419 668 mente
439 637 496 667 en
520 624 561 668 el
583 624 745 680 spiritu
766 626 822 669 de
844 626 886 668 la
908 626 1174 681 Compafiia.

353 713 422 755 31.
486 701 591 757 Hay
607 702 890 758 promptitud
907 717 964 745 en
983 702 1024 744 13
1042 702 1296 758 Compania
1313 716 1398 745 con
1416 704 1458 745 13
1481 703 1634 759 gracia
1656 705 1730 748 del
1751 704 1898 748 Sefior

261 777 320 820 de
341 791 395 834 yr
416 781 443 820 a
471 777 760 834 qualesquier
795 778 985 830 infieles,
1020 778 1154 822 etiam
1185 779 1365 822 adonde
1401 794 1451 823 se
1484 794 1567 824 vee
1601 779 1809 823 facilidad
1841 781 1898 824 de

264 854 402 897 morir
422 869 505 911 por
521 854 722 898 Christo.

354 943 425 986 32.
491 931 681 976 Camina
701 947 787 989 por
809 933 852 975 13
875 936 948 976 uia
964 933 1037 975 del
1059 931 1236 988 spiritu,
1255 947 1285 989 y
1303 932 1444 976 milita
1460 935 1546 976 sub
1563 935 1711 978 crucis
1733 933 1899 994 uexillo

260 1010 360 1052 Deo
382 1023 434 1052 33
457 1008 540 1052 3011
556 1008 770 1062 Domino,
790 1024 843 1054 ac
861 1009 1089 1053 Ecclesiae
1111 1008 1209 1053 eius
1231 1024 1444 1066 sponsae,
1465 1011 1551 1054 sub
1575 1025 1761 1054 romano
1781 1025 1898 1067 pon-

264 1084 403 1139 tifice,
428 1085 599 1130 Christi
620 1086 667 1129 in
690 1086 821 1131 terris
841 1086 1026 1139 vicario,
1052 1086 1208 1131 seruit.

351 1174 423 1218 33.
489 1163 561 1206 No
582 1176 632 1206 se
654 1162 875 1219 gouierna
902 1164 944 1206 13
966 1164 1218 1219 Compafiia
1245 1177 1301 1206 ex
1327 1163 1432 1219 jure
1463 1164 1647 1207 comuni
1679 1180 1735 1209 en
1769 1165 1900 1208 todas

260 1253 412 1292 cosas,
438 1239 538 1283 sino
559 1254 645 1296 por
667 1254 745 1283 sus
766 1240 984 1296 speciales
1007 1239 1272 1296 priuilegios
1293 1241 1350 1284 de
1379 1241 1422 1284 la
1449 1240 1624 1297 yglesia
1653 1249 1810 1284 sancta
1842 1255 1898 1284 en

263 1317 452 1360 muchas
475 1315 508 1360 b.

355 1406 427 1449 34.
493 1394 637 1451 Sigue
658 1395 702 1437 la
724 1395 975 1450 Compafn'a
992 1395 1157 1437 mucha
1178 1394 1386 1439 exactiori
1408 1411 1437 1451 y
1454 1394 1699 1452 diligencia
1716 1410 1774 1440 en
1789 1409 1897 1451 que,

259 1471 446 1526 quando
475 1486 564 1514 vna
589 1471 740 1514 anima
769 1471 812 1514 le
839 1471 972 1515 viene
999 1486 1056 1515 en
1089 1486 1263 1524 manos,
1300 1487 1359 1515 no
1390 1457 1575 1516 dexarla
1608 1473 1739 1515 hasta
1771 1479 1902 1515 tanto

261 1561 350 1602 que
373 1548 416 1591 la
438 1548 608 1591 ordene
630 1564 660 1604 y
679 1548 910 1592 concierte
935 1564 992 1593 en
1015 1549 1056 1593 31
1085 1550 1231 1594 Sefior
1253 1563 1309 1592 en
1343 1550 1451 1592 todo
1483 1550 1526 1592 lo
1558 1563 1647 1604 que
1679 1564 1728 1593 es
1760 1563 1901 1605 capaz

261 1631 371 1682 para
394 1640 450 1669 su
473 1625 604 1668 salud
626 1640 655 1681 y
676 1625 945 1681 perfectiori.

354 1713 428 1758 35.
493 1703 546 1745 El
568 1703 709 1746 modo
731 1703 788 1746 (13
812 1703 1030 1758 proceder
1051 1703 1108 1746 de
1130 1704 1172 1746 la
1195 1704 1450 1759 Compafiia
1471 1718 1521 1747 es
1543 1702 1720 1746 fortiter
1741 1718 1771 1759 y
1792 1717 1900 1746 sua-

264 1778 400 1834 uiter,
426 1779 469 1822 in
493 1778 656 1836 spiritu
678 1786 724 1824 et
745 1781 933 1822 veritate
955 1787 984 1833 0,
1011 1788 1059 1823 ut
1081 1770 1267 1824 interior
1299 1779 1358 1823 sit
1389 1794 1567 1832 sensus,
1593 1779 1650 1823 sit
1673 1787 1720 1822 et
1753 1779 1901 1822 uirtus

262 1856 465 1912 spirituS‚
490 1856 736 1912 exequutio
758 1858 919 1900 suauis
940 1857 987 1899 in
1017 1857 1208 1901 ueritate
1235 1856 1422 1914 spiritus
1451 1857 1640 1900 fundata
1667 1857 1899 1913 amplexa-

264 1940 339 1976 tur
360 1939 511 1977 autem
535 1932 771 1977 Christum
800 1932 819 1959 ‘¹
842 1941 892 1976 ut
913 1932 1006 1992 [qui
1027 1935 1111 1991 est]
1138 1933 1229 1987 uia,
1256 1933 1424 1977 ueritas
1447 1941 1493 1978 et
1515 1933 1626 1978 uita.

354 2011 426 2066 36.
493 2010 635 2055 Tiene
655 2010 826 2067 special
847 2012 1057 2067 cuydado
1078 2026 1109 2068 y
1130 2010 1428 2055 obseruaci6n
1451 2017 1610 2054 contra
1627 2010 1734 2053 toda
1756 2023 1902 2053 noue—

261 2087 353 2131 dad
387 2089 445 2131 de
477 2087 685 2131 doctrina
714 2102 771 2131 en
808 2089 850 2131 la
887 2088 1063 2144 yglesia
1094 2087 1333 2141 catholica,
1373 2103 1402 2144 y
1434 2090 1532 2130 ansi
1570 2087 1657 2131 ella
1693 2072 1825 2143 sigue
1858 2086 1900 2129 13

267 2149 438 2208 30311111
461 2164 668 2208 doctrina
689 2165 746 2209 de
768 2165 839 2208 103
860 2173 1016 2209 santos
1035 2181 1066 2222 y
1088 2166 1145 2210 de
1167 2166 1238 2209 los
1259 2166 1470 2209 doctores
1491 2168 1810 2207 comunmente
1831 2177 1900 2206 re·

263 2241 466 2295 cebidos;
490 2257 520 2298 y
542 2256 717 2285 nueuas
746 2241 982 2298 opiniones
1012 2258 1073 2286 no
1100 2244 1169 2286 las
1202 2249 1324 2285 toma
1354 2257 1464 2298 para
1495 2243 1631 2284 hazer
1662 2253 1897 2291 comunes,

263 2318 367 2362 sino
390 2333 480 2374 que
501 2319 568 2362 las
589 2318 733 2375 juzga
764 2333 821 2361 ex
848 2319 1111 2363 comunium
1138 2318 1415 2375 receptione,
1446 2317 1516 2361 sin
1549 2318 1719 2374 alguna
1746 2315 1898 2359 curio-

264 2395 394 2439 sidad
417 2404 448 2440 θ.

354 2484 427 2528 37.
491 2472 690 2530 Spiritus
720 2472 976 2527 Societatis,
1011 2473 1193 2516 claritas
1223 2473 1270 2515 in
1293 2471 1478 2516 Christo
1501 2484 1730 2527 occupans
1758 2484 1811 2513 33
1833 2469 1902 2512 (11-

264 2549 424 2606 rigens
443 2549 721 2607 proprietate
741 2551 936 2604 quadam
959 2550 1146 2606 spiritus
1166 2550 1212 2593 in
1235 2549 1401 2593 vnione
1417 2548 1650 2592 charitatis
1672 2548 1901 2604 perfectae

264 2635 403 2683 atque
425 2626 644 2672 ecclesiae
666 2634 713 2674 et
734 2627 899 2670 summi
927 2626 1158 2683 pontificis
1179 2625 1453 2670 obedientia.

335 2799 353 2816 a
402 2789 501 2827 Hoc.
527 2789 639 2824 verb.
662 2788 792 2824 omitt.
817 2789 885 2824 alt.
912 2800 974 2823 ex.
1028 2791 1095 2817 ——b
1121 2789 1231 2824 Haec
1248 2787 1327 2823 duo
1355 2788 1465 2823 verb.
1493 2786 1620 2822 omitt.
1646 2786 1714 2821 alt.
1739 2796 1803 2820 ex.
1855 2804 1899 2809 —

264 2856 279 2874 c
307 2847 460 2893 virtute
480 2849 548 2885 alt.
569 2859 635 2884 ex.
682 2849 750 2876 -d
775 2848 851 2883 Pro
869 2848 929 2883 his
946 2848 968 2883 8
987 2848 1120 2884 verbis
1137 2849 1205 2884 alt.
1225 2859 1288 2884 ex.
1308 2848 1441 2882 habet:
1461 2849 1498 2882 et
1516 2857 1640 2881 verax
1657 2847 1695 2880 et
1711 2845 1755 2880 in
1773 2843 1900 2879 virtu-

262 2909 298 2942 te
317 2907 489 2953 spiritus
509 2906 714 2954 fundata,·
729 2907 988 2953 amplexatur
1014 2919 1106 2942 vero
1134 2906 1356 2943 Christum.
1407 2915 1471 2932 -e
1502 2905 1583 2941 Alt.
1612 2915 1673 2939 ex.
1697 2915 1725 2950 y
1750 2914 1905 2939 nae-vas

261 2966 470 3013 opiniones
489 2978 541 3002 no
560 2966 622 3002 las
631 2966 762 3014 juzga
780 2977 826 3001 ex
838 2967 1043 3002 commum·
1062 2966 1293 3012 receptione,
1314 2965 1379 3000 sin
1394 2965 1551 3011 alguna
1568 2961 1817 3004 curiosidad;
1833 2961 1902 2997 ubi

263 3024 366 3061 forte
383 3025 514 3073 aliqua
528 3026 649 3062 verba
662 3025 807 3061 omissa
821 3031 912 3061 sunt
929 3037 952 3060 3
970 3025 1139 3061 librario.
1159 3026 1209 3060 Et
1226 3025 1289 3060 hic
1308 3023 1470 3070 explicit
1487 3023 1554 3060 alt.
1575 3033 1636 3057 ex.
