2098 3470
717 282 993 320 Moumumu
1021 283 1291 321 lunata-16
1707 296 1775 334 147

21 364 45 393 ³²
63 359 74 390 Ἰ
98 367 121 426 ⁵.
179 385 354 442 sentiat
372 386 425 428 P.
451 387 534 429 Bo.
555 389 656 430 esse
670 384 1139 438 deberevcharitatem
1159 386 1283 440 quod
1311 386 1351 429 si
1371 386 1434 429 ita
1457 386 1750 444 intelligeret,
1770 396 1823 432 ut

131 503 133 506 Α
167 457 384 515 'ebaritas
404 461 618 519 princeps
638 467 761 507 esset
779 460 828 504 in
849 461 1169 518 gubernando,
1195 468 1402 506 uteretur
1432 477 1542 507 uero
1574 464 1823 508 uirtutibus

24 591 36 598 ι
68 571 70 574 >
103 587 108 590 ,
181 538 412 592 omnibus,
435 553 489 583 ae
509 537 744 591 ministris,
762 537 843 594 qui
861 538 921 581 ad
941 544 1111 582 rectam
1133 539 1513 595 gubernationem
1543 549 1649 584 sunt
1673 550 1718 585 et
1740 557 1820 586 ne-

177 614 367 660 cessarii
382 622 429 660 et
452 614 604 669 utiles,
628 629 723 658 non
743 615 853 659 sede
875 621 1070 660 uacante
1090 615 1256 667 solum,
1280 617 1362 659 sed
1378 631 1613 672 nunquam
1636 633 1727 661 non
1745 619 1821 661 de-

16 670 33 678 .-
63 696 66 698 ’
112 719 114 722 -
175 691 303 736 beret
322 693 584 749 gubernare
609 678 871 735 huiusmodi
906 692 1106 735 charitas
1141 693 1232 735 hoc
1259 693 1473 736 satellitio
1504 703 1673 738 ornata.
1706 696 1817 749 Sed,

154 784 157 786 ·
181 771 288 818 cnm
308 783 397 826 ego
418 758 802 813 commemine'ritn
826 770 879 812 Ρ.
906 770 1007 822 Βο.,
1031 783 1137 812 cum
1165 768 1312 814 obiter
1342 777 1360 795 ²
1386 778 1507 814 esset
1534 773 1819 828 praepositus

174 845 366 903 collegii
402 845 695 902 neapolitani,
718 845 783 889 ita
803 845 989 889 solitum
1011 847 1270 902 gubernare
1300 848 1478 900 fratres,
1505 856 1571 899 ut,
1596 850 1819 906 neglectis

182 921 399 966 omnibus
419 922 610 980 regulis,
634 937 716 979 per
735 922 1005 967 charitatem
1035 930 1212 967 tantum
1241 923 1415 968 diceret
1441 925 1590 968 omnia
1619 928 1814 983 agenda3

99 1009 108 1014 ’
180 1013 304 1044 nunc
320 1014 434 1044 uero
455 1006 503 1043 et
529 1000 714 1057 regulas
733 1007 780 1044 et
806 1000 1163 1045 constitutiones
1190 1015 1349 1045 omnes
1377 1001 1566 1057 rejiciat,
1597 1004 1815 1047 vicariurn

170 1076 389 1134 abroget,
413 1090 571 1120 omnes
597 1072 1116 1134 superiores'explodat,
1139 1077 1365 1134 relinquat
1392 1078 1439 1121 in
1469 1094 1637 1136 magna
1666 1082 1815 1137 Baby-

179 1151 285 1201 lone
325 1152 617 1206 Societatem,
656 1167 848 1210 eamque
882 1154 995 1198 uelit
1031 1153 1340 1199 aristoctatice
1377 1157 1641 1212 gubernari,
1683 1157 1813 1202 facile

174 1228 336 1287 colligi
347 1233 494 1285 potest
514 1243 594 1286 per
613 1243 713 1274 eam
734 1228 754 1256 b
781 1230 1051 1274 charitatem
1091 1231 1218 1274 illum
1250 1246 1438 1277 censere
1466 1234 1809 1289 gubernandam

175 1318 282 1350 &ese
301 1305 576 1350 Societatem
597 1305 872 1359 vniuersam,
897 1321 1014 1362 quae
1036 1314 1084 1351 et
1104 1307 1215 1351 alias
1238 1308 1431 1352 uirtutes
1453 1318 1499 1354 et
1520 1310 1811 1354 administros

174 1380 389 1438 negligit:
427 1383 547 1443 hanc
582 1397 692 1427 vero
727 1383 993 1428 charitatem
1031 1384 1134 1440 quis
1171 1387 1417 1442 agnoscat?
1451 1388 1569 1429 hanc
1605 1386 1808 1443 politiam

170 1456 279 1512 quis
299 1459 461 1515 probet
483 1461 519 1501 0?
541 1460 634 1504 Sed
654 1460 770 1504 haec
790 1461 1029 1515 hactenus3
1054 1462 1157 1518 plus
1178 1461 1290 1505 satis
1311 1462 1350 1505 si
1372 1477 1465 1506 rem
1488 1463 1631 1520 ipsam
1653 1471 1699 1507 et
1721 1478 1806 1507 nos

167 1542 444 1590 spectemus.
471 1536 654 1580 Vtinam
675 1536 787 1580 satis
808 1538 951 1581 multa
971 1538 1029 1581 ad
1047 1539 1150 1582 Bo.!

667 1694 671 1697 .
950 1655 1027 1700 ¹6

540 1738 603 1780 P.
650 1737 1006 1794 JOANN.IS
1060 1741 1427 1784 POLANCI

837 1841 1141 1872 ATTESTATIO

682 1928 840 1967 nomm,
862 1929 1120 1966 25-JANuA1m
1140 1922 1232 1968 1558
1253 1923 1277 1958 ¹.

160 1998 365 2037 Polancus
380 2003 419 2037 et
435 2000 599 2037 Natalis
614 2005 785 2038 mentem
804 2004 953 2039 summi
966 2005 1184 2052 pontificis,
1203 2007 1251 2042 de
1271 2018 1440 2042 numero
1454 2007 1729 2053 professorum
1747 2008 1804 2042 ad

327 2060 683 2108 congregationem
705 2064 1067 2106 convocandorum,
1090 2065 1236 2100 Lainii.
1242 2065 1375 2111 jussu,
1402 2067 1635 2112 exquirunt.

939 2145 1023 2230 nis.

250 2265 344 2310 Alli
365 2277 420 2322 25
443 2267 501 2310 de
515 2246 704 2311 Genaro
731 2270 858 2323 1558,
883 2270 1143 2314 andassimo
1160 2272 1204 2314 al
1221 2273 1330 2315 R.¹¹¹0
1346 2272 1575 2316 cardinale
1592 2272 1770 2315 Alexan
1786 2298 1797 2303 -

158 2342 295 2389 drino
315 2344 350 2397 ²,
374 2357 460 2386 con
483 2343 641 2390 ordine
662 2345 719 2388 de
741 2353 898 2388 nostro
922 2347 1069 2410 Padre
1090 2347 1279 2400 vicario,
1304 2348 1335 2390 il
1355 2350 1406 2391 P.
1430 2350 1565 2392 Mtro.
1587 2349 1733 2392 Nadal
1751 2355 1797 2392 et

230 2466 251 2484 ⁸
301 2455 456 2501 Obiter,
472 2455 649 2492 additum
678 2457 719 2492 in
748 2458 923 2504 margine
953 2459 1114 2495 Polanci
1145 2471 1274 2496 manu.
1326 2461 1391 2487 —b
1418 2460 1535 2495 illam
1560 2471 1695 2506 apogr¹
1747 2480 1793 2485 --

43 2500 82 2553 ’· .
154 2522 179 2542 ⁴²
200 2514 310 2551 Haec
326 2525 469 2551 novem
484 2516 606 2551 verba
622 2522 714 2552 sunt
731 2516 889 2552 Polanci
908 2528 1024 2553 manu
1038 2518 1079 2553 in
1096 2519 1272 2565 margine
1290 2518 1434 2554 addita.
1461 2518 1611 2553 Natalis
1630 2518 1793 2564 scripse-

48 2561 85 2579 ⁸*
156 2578 230 2610 rat:
249 2574 360 2610 Haec
379 2586 478 2610 uero
490 2573 640 2621 politia
659 2587 707 2611 ne
724 2587 750 2610 a
767 2576 1043 2612 saecularibus
1060 2577 1222 2623 quidem
1236 2579 1409 2625 probari
1422 2581 1563 2624 potest.

229 2674 240 2696 ¹
290 2675 350 2710 Ex
370 2675 628 2722 autographo,
646 2675 687 2711 in
709 2675 845 2712 codice
872 2677 933 2713 De
957 2678 1074 2713 rebus
1102 2689 1243 2726 congr.
1259 2690 1353 2726 gen.
1387 2678 1422 2712 I·
1435 2679 1477 2723 V,
1498 2678 1611 2712 unico
1635 2666 1713 2722 fol„
1746 2686 1788 2721 14

153 2731 233 2778 (46,
254 2732 334 2780 182,
357 2735 455 2778 112).
474 2734 683 2780 Nonnulla,
704 2735 858 2781 quaein
875 2736 947 2771 hoc
966 2742 1217 2772 monumento
1230 2737 1309 2782 legi
1328 2748 1404 2771 non
1423 2742 1600 2782 possunt,
1621 2747 1667 2770 eo
1684 2735 1788 2782 quod

158 2801 361 2839 perperam
378 2803 402 2827 a
424 2791 515 2828 libri
531 2792 793 2838 compositore
817 2799 949 2829 assuta
967 2794 1086 2830 fuerit
1103 2797 1199 2831 haec
1222 2796 1368 2839 charta,
1391 2794 1490 2828 intra
1515 2794 1677 2828 uncinos
1699 2806 1787 2840 sup-

44 2855 82 2893 'J-
156 2850 299 2898 plenda
315 2850 513 2887 duximus.
531 2849 710 2895 Quanam
729 2864 823 2889 vero
840 2855 1047 2890 occasione
1063 2856 1137 2890 hoc
1150 2856 1336 2902 seriptum
1351 2855 1541 2888 Polancus
1560 2854 1786 2887 lucubrave-

75 2920 83 2942 Γ
154 2909 221 2957 rit,
240 2909 366 2946 videri
381 2914 513 2957 potest
530 2909 571 2944 in
595 2909 742 2946 Natat.
761 2913 977 2958 ephemer„
996 2914 1125 2960 Epist.
1146 2915 1195 2950 P.
1222 2914 1372 2953 Nadal,
1392 2913 1443 2956 ll,
1474 2920 1530 2956 14,
1549 2920 1608 2955 543
1628 2917 1666 2945 et
1684 2911 1784 2957 apud

71 2989 78 2998 ,
127 2986 131 2989 ,
153 2967 404 3014 Sacchinum,
422 2969 496 3005 loc.
516 2967 610 3012 cit.‚
629 2974 733 3014 part.
757 2970 806 3014 Il,
825 2971 894 3007 lib.
917 2981 949 3016 1,
969 2985 1007 3008 n.
1027 2974 1086 3017 76.

146 3061 152 3064 .
226 3029 240 3049 ²
290 3027 329 3063 Is
352 3031 437 3062 erat
466 3025 632 3061 Michael
663 3026 857 3065 Gislerius
882 3030 1115 3078 (Ghislieri)‚
1136 3037 1271 3078 postea
1303 3029 1478 3077 pontifex
1505 3039 1686 3063 romanus
1710 3027 1784 3062 sub

66 3094 86 3137 ig
155 3086 313 3122 nomine
331 3086 391 3122 Pii
410 3087 460 3122 V.
