2098 3470
717 250 735 260 *
774 243 1206 282 Iusrnucr1ouzs-61
1688 251 1758 290 527

173 347 340 392 nostris
362 347 681 404 perlegendae,
722 361 856 402 quam
880 346 954 391 vel
994 361 1021 390 a
1056 352 1238 390 rectore
1274 344 1532 388 iudicatum*
1552 345 1707 398 fuerit,
1732 345 1806 388 vel
1857 391 1864 397 ,

172 425 231 468 ab
252 424 357 477 alio,
383 424 461 480 qui
482 424 650 468 iudicio
672 425 855 480 polleat,
875 423 951 467 cui
973 424 1058 466 hoc
1081 421 1323 479 negocium
1346 436 1372 464 a
1393 421 1627 478 superiore
1644 422 1702 465 sit
1724 423 1804 465 da-

172 509 286 555 tum,
305 499 414 544 num
439 501 530 558 legi
549 501 761 545 debeant:
787 501 861 545 illa
878 515 986 545 vero
1003 507 1182 543 tanturn
1196 499 1424 555 legantur,
1445 513 1566 554 quae
1581 499 1804 542 auditori-

172 579 259 622 bus
279 593 380 623 esse
402 585 594 634 possunt
616 577 934 630 aedificationi,
960 577 1033 620 vel
1064 590 1180 631 quae
1215 574 1281 618 ita
1318 576 1635 628 emendentur,
1661 583 1710 619 vt
1733 590 1805 620 re-

171 654 320 712 gionis
341 663 387 699 et
407 654 591 710 collegii
612 654 863 711 praesentis
885 660 1031 697 status
1053 647 1285 708 requi'rere
1313 638 1542 696 videbi-tur
1566 653 1622 695 ad
1644 652 1805 697 aedifi-

171 730 415 775 cationem.
585 728 587 730 ’

261 812 350 854 443
371 809 545 852 Omnes
560 807 734 860 literae,
759 822 880 864 quae
900 806 1184 856 adferuntur,
1209 805 1581 862 primoomnium
1609 808 1805 850 offeran-

172 891 247 927 tur
267 884 505 941 superiori,
530 899 643 940 quas
666 885 763 941 ipse
785 885 924 941 leget,
948 883 1019 927 vel
1042 884 1099 926 ab
1121 883 1212 927 alio
1234 882 1326 940 legi
1348 883 1543 936 curabit,
1575 884 1647 927 vel
1670 884 1804 927 etiam

173 960 272 1005 illas
293 962 442 1006 tradet
463 963 699 1006 confidens
722 960 976 1018 accipienti.

262 1039 352 1082 Pro
373 1038 625 1083 scribendis
647 1038 790 1082 literis
815 1045 991 1094 petetur
1013 1037 1148 1082 etiam
1171 1036 1355 1082 licentia
1378 1051 1403 1079 a
1433 1037 1684 1093 superiore,
1712 1038 1802 1090 uel,

174 1113 274 1171 ipso
294 1114 361 1158 sic
381 1114 636 1166 ordinante,
677 1131 704 1158 a
725 1115 930 1158 ministro
962 1121 1204 1170 antequam
1238 1113 1512 1167 scribantur3
1543 1121 1592 1172 et
1611 1113 1806 1170 scriptae

173 1204 278 1234 cum
311 1191 496 1243 fuerint,
520 1191 757 1247 diligentia
778 1188 1045 1235 adhibeatur
1066 1198 1116 1233 vt
1146 1191 1359 1248 legantur
1380 1206 1407 1234 a
1435 1190 1668 1247 superiore
1688 1191 1803 1247 ipso,

173 1267 247 1313 vel
269 1269 327 1311 ab
347 1269 452 1320 alio,
476 1276 611 1324 prout
632 1269 708 1310 ille
725 1267 1020 1314 ordinauerit.

262 1345 500 1389 Habeatur
521 1360 687 1402 magna
704 1359 829 1397 cura,
851 1352 899 1388 vt
914 1346 1086 1397 literae,
1107 1351 1354 1388 tractantes
1369 1346 1426 1388 de
1443 1344 1667 1401 negociis,
1689 1358 1806 1400 quae

174 1421 232 1466 ad
253 1429 591 1477 procuratorem
614 1421 892 1478 diriguntur,
917 1422 1071 1465 statim
1098 1423 1326 1478 legantur.

266 1497 359 1554 Qui
383 1500 479 1540 vult
501 1498 699 1543 scribere
737 1500 795 1542 ad
827 1499 1086 1555 generalem
1119 1506 1200 1542 aut
1220 1498 1546 1555 prouincialem
1569 1514 1703 1542 suum
1734 1500 1806 1541 vel

176 1575 550 1628 commissarium,
570 1575 612 1618 id
634 1576 768 1620 faciet
784 1576 938 1628 libere,
959 1576 1056 1620 sine
1071 1591 1128 1620 eo
1145 1577 1268 1631 quod
1284 1561 1527 1621 uideantur
1543 1576 1685 1633 ipsius
1702 1576 1805 1619 lite-

177 1666 269 1705 rae3
293 1660 339 1696 et
366 1652 439 1695 alii
477 1653 586 1696 dare
621 1653 775 1696 literas
803 1667 894 1696 non
932 1652 1114 1709 poterit,
1152 1666 1287 1708 quam
1325 1653 1619 1706 confessario,
1661 1669 1687 1697 a
1715 1668 1805 1709 quo

174 1728 310 1773 etiam
333 1738 403 1772 sat
425 1729 511 1772 erit
547 1729 584 1772 si
623 1730 790 1773 habeat
825 1729 1052 1774 licentiam
1079 1729 1317 1774 'scribendi
1354 1730 1401 1773 in
1425 1731 1577 1783 rebus,
1609 1745 1726 1786 quae
1749 1731 1806 1774 ad

182 1805 506 1849 conscientiam
529 1806 723 1851 attinent
745 1814 764 1832 ²
783 1806 899 1860 eius,
918 1807 997 1862 qui
1013 1807 1169 1850 scribit
1189 1806 1224 1851 ³³.

269 1883 554 1926 Obseruetur
576 1883 818 1939 diligenter
839 1891 887 1925 vt
909 1884 1080 1928 nullum
1103 1883 1288 1927 omnino
1306 1885 1415 1928 dent
1432 1884 1574 1928 nostri
1590 1885 1807 1940 scripturn

177 1957 407 2014 cuiquam,
429 1958 515 2001 nisi
537 1959 595 2002 sit
617 1959 921 2003 examinatum
940 1967 1076 2015 atque
1092 1960 1227 2004 etiam
1243 1962 1532 2005 emendatum
1550 1962 1606 2004 ab
1623 1961 1804 2013 idoneo,

176 2034 215 2078 si
246 2049 486 2078 necessum
517 2035 727 2079 uideatur
758 2037 854 2080 444
884 2037 1118 2094 superiori.
1154 2037 1232 2081 Ille
1262 2052 1369 2082 vero
1402 2038 1655 2095 supprimet
1686 2040 1807 2094 quod

176 2111 263 2154 sibi
287 2111 514 2155 uidebitur
538 2113 928 2169 supprimendum,
957 2115 1166 2158 consulto
1188 2117 1434 2171 superiore:
1455 2116 1548 2171 pari
1572 2115 1808 2172 diligentia

174 2190 428 2231 curandum
452 2197 521 2232 est
542 2197 591 2231 vt
615 2191 815 2233 habeant
838 2191 1070 2247 explorata
1097 2191 1350 2247 superiores
1376 2192 1561 2248 scripta,
1588 2207 1704 2248 quae
1726 2207 1808 2248 pro

176 2279 227 2309 se
247 2274 409 2321 parant
431 2267 590 2319 nostri,
619 2276 666 2310 vt
689 2269 1003 2320 emendentur,
1022 2268 1059 2311 si
1082 2283 1198 2324 opus
1218 2283 1320 2313 esse
1341 2269 1624 2312 iudicabunt.

265 2343 335 2386 Ne
357 2342 526 2386 scribat
549 2344 710 2400 aliquis
740 2360 764 2388 e
803 2345 968 2387 nostris
996 2346 1052 2388 ad
1080 2346 1270 2389 alterum
1305 2348 1485 2389 Patrem
1525 2348 1595 2391 vel
1626 2347 1806 2390 fratrem

174 2419 316 2472 domi,
341 2420 427 2462 nisi
449 2419 486 2462 si
510 2421 626 2463 forte
648 2423 705 2465 ad
728 2421 817 2464 stili
841 2422 1102 2465 exercitium
1127 2437 1183 2465 ex
1201 2423 1436 2480 facultate,
1462 2432 1506 2468 et
1531 2423 1705 2466 traditis
1727 2438 1805 2466 su-

175 2494 339 2550 periori
362 2495 520 2549 literis,
545 2504 592 2539 vt
616 2498 745 2542 solet.

209 2593 213 2598 ·
263 2571 413 2624 Ratio,
445 2587 579 2637 quam
619 2575 867 2629 sequimur,
901 2583 950 2618 vt
979 2575 1112 2619 facile
1144 2577 1411 2634 colligamus
1449 2591 1563 2631 quae
1591 2577 1637 2618 in
1666 2577 1806 2618 literis

177 2647 580 2702 quadrimestribus
604 2652 616 2706 ζ
619 2666 735 2706 quae
759 2659 864 2694 sunt
888 2659 1044 2707 postea
1061 2660 1260 2697 mutatae
1283 2654 1327 2696 in
1350 2668 1524 2696 annuas
1543 2653 1586 2695 in
1608 2654 1676 2696 2.a
1695 2668 1806 2695 con-

176 2725 444 2780 gregatione
461 2727 662 2782 generali
686 2729 710 2783 ¹)
731 2728 968 2771 scribenda
985 2737 1108 2784 sunt,
1128 2737 1198 2774 est
1214 2732 1343 2774 haec:
1361 2732 1543 2773 Iubetur
1562 2729 1806 2784 vnusquis-

178 2813 266 2855 que
283 2801 478 2857 singulis
494 2803 655 2846 diebus
673 2812 890 2849 annotare
911 2820 965 2848 ea
986 2805 1152 2858 omnia,
1172 2821 1287 2862 quae
1310 2807 1393 2849 sibi
1418 2806 1669 2858 euenerint,
1691 2820 1806 2860 quae

247 2945 265 2963 a
290 2937 433 2972 attinet
452 2949 523 2973 ms.
576 2959 609 2964 —
624 2940 642 2965 b
669 2939 778 2975 Haec
796 2951 817 2985 9
837 2941 956 2975 verba
974 2939 1105 2976 addita
1123 2942 1332 2988 posterius,

254 3045 264 3065 ¹
316 3043 432 3081 Decr.
452 3043 511 3088 37.
527 3044 592 3081 Cf.
618 3046 748 3080 Instit.
771 3046 855 3084 Soc.
868 3047 965 3094 Jesu
985 3047 1096 3092 (edit.
1117 3047 1279 3094 cit.),11‚
1299 3047 1384 3085 203.
