<?xml version="1.0" encoding="UTF-8"?>
<!DOCTYPE html PUBLIC "-//W3C//DTD XHTML 1.0 Transitional//EN"
    "http://www.w3.org/TR/xhtml1/DTD/xhtml1-transitional.dtd">
<html xmlns="http://www.w3.org/1999/xhtml" xml:lang="en" lang="en">
 <head>
  <title>
</title>
<meta http-equiv="Content-Type" content="text/html;charset=utf-8" />
  <meta name='ocr-system' content='tesseract 3.04.00' />
  <meta name='ocr-capabilities' content='ocr_page ocr_carea ocr_par ocr_line ocrx_word'/>
</head>
<body>
  <div class='ocr_page' id='page_1' title='image "./epistolaephieron04nadauoft_0160.png"; bbox 0 0 2098 3470; ppageno 0'>
   <div class='ocr_carea' id='block_1_1' title="bbox 320 304 1916 383">
    <p class='ocr_par' dir='ltr' id='par_1_1' title="bbox 320 304 1916 383">
     <span class='ocr_line' id='line_1_1' title="bbox 320 304 1388 349; baseline 0.002 -9"><span class='ocrx_word' id='word_1_1' title='bbox 320 304 385 349; x_wconf 82' lang='lat'>134</span> <span class='ocrx_word' id='word_1_2' title='bbox 788 304 942 341; x_wconf 77' lang='lat' dir='ltr'>PATRis</span> <span class='ocrx_word' id='word_1_3' title='bbox 969 306 1211 342; x_wconf 78' lang='lat' dir='ltr'>H1·ERONYM1</span> <span class='ocrx_word' id='word_1_4' title='bbox 1237 307 1388 343; x_wconf 78' lang='lat' dir='ltr'>NADAL</span> 
     </span>
     <span class='ocr_line' id='line_1_2' title="bbox 1905 361 1916 383; baseline 0 0"><span class='ocrx_word' id='word_1_5' title='bbox 1905 361 1916 383; x_wconf 98' lang='grc' dir='ltr'><strong><em>Ι</em></strong></span> 
     </span>
    </p>
   </div>
   <div class='ocr_carea' id='block_1_2' title="bbox 270 402 1925 1175">
    <p class='ocr_par' dir='ltr' id='par_1_2' title="bbox 270 402 1919 542">
     <span class='ocr_line' id='line_1_3' title="bbox 270 402 1919 464; baseline 0.002 -15"><span class='ocrx_word' id='word_1_6' title='bbox 270 402 439 463; x_wconf 88' lang='lat' dir='ltr'>primos</span> <span class='ocrx_word' id='word_1_7' title='bbox 463 409 622 452; x_wconf 89' lang='lat' dir='ltr'>Patres</span> <span class='ocrx_word' id='word_1_8' title='bbox 644 408 926 459; x_wconf 85' lang='lat' dir='ltr'><strong>fundatores,</strong></span> <span class='ocrx_word' id='word_1_9' title='bbox 952 422 1009 451; x_wconf 90' lang='lat' dir='ltr'>an</span> <span class='ocrx_word' id='word_1_10' title='bbox 1039 421 1179 464; x_wconf 91' lang='lat' dir='ltr'>penes</span> <span class='ocrx_word' id='word_1_11' title='bbox 1207 408 1432 462; x_wconf 84' lang='lat' dir='ltr'>quendam</span> <span class='ocrx_word' id='word_1_12' title='bbox 1462 408 1788 461; x_wconf 89' lang='lat' dir='ltr'>introductum,</span> <span class='ocrx_word' id='word_1_13' title='bbox 1823 402 1919 454; x_wconf 58' lang='lat' dir='ltr'>aut&gt;</span> 
     </span>
     <span class='ocr_line' id='line_1_4' title="bbox 273 483 1896 542; baseline 0.002 -16"><span class='ocrx_word' id='word_1_14' title='bbox 273 483 553 527; x_wconf 88' lang='lat' dir='ltr'>nominatum</span> <span class='ocrx_word' id='word_1_15' title='bbox 583 483 799 527; x_wconf 86' lang='lat' dir='ltr'>vicarium</span> <span class='ocrx_word' id='word_1_16' title='bbox 829 498 974 539; x_wconf 87' lang='lat' dir='ltr'>usque</span> <span class='ocrx_word' id='word_1_17' title='bbox 1002 485 1058 527; x_wconf 93' lang='lat' dir='ltr'>ad</span> <span class='ocrx_word' id='word_1_18' title='bbox 1088 484 1355 528; x_wconf 82' lang='lat' dir='ltr'>electionem</span> <span class='ocrx_word' id='word_1_19' title='bbox 1385 485 1626 541; x_wconf 84' lang='lat' dir='ltr'>praepositi</span> <span class='ocrx_word' id='word_1_20' title='bbox 1656 485 1896 542; x_wconf 87' lang='lat' dir='ltr'>generalis.</span> 
     </span>
    </p>

    <p class='ocr_par' dir='ltr' id='par_1_3' title="bbox 272 560 1902 681">
     <span class='ocr_line' id='line_1_5' title="bbox 361 560 1902 617; baseline 0.001 -13"><span class='ocrx_word' id='word_1_21' title='bbox 361 560 630 616; x_wconf 84' lang='lat' dir='ltr'>Responsio,</span> <span class='ocrx_word' id='word_1_22' title='bbox 655 561 776 616; x_wconf 90' lang='lat' dir='ltr'>quod</span> <span class='ocrx_word' id='word_1_23' title='bbox 803 574 941 616; x_wconf 89' lang='lat' dir='ltr'>penes</span> <span class='ocrx_word' id='word_1_24' title='bbox 964 561 1131 617; x_wconf 88' lang='lat' dir='ltr'>primos</span> <span class='ocrx_word' id='word_1_25' title='bbox 1157 563 1316 604; x_wconf 83' lang='lat' dir='ltr'>Patres</span> <span class='ocrx_word' id='word_1_26' title='bbox 1339 562 1605 606; x_wconf 86' lang='lat' dir='ltr'>fundatores</span> <span class='ocrx_word' id='word_1_27' title='bbox 1626 562 1699 614; x_wconf 90' lang='lat' dir='ltr'>sit,</span> <span class='ocrx_word' id='word_1_28' title='bbox 1725 563 1781 606; x_wconf 94' lang='lat' dir='ltr'>de</span> <span class='ocrx_word' id='word_1_29' title='bbox 1803 562 1902 607; x_wconf 91' lang='lat' dir='ltr'>iure</span> 
     </span>
     <span class='ocr_line' id='line_1_6' title="bbox 272 637 581 681; baseline 0 -2"><span class='ocrx_word' id='word_1_30' title='bbox 272 637 528 681; x_wconf 87' lang='lat' dir='ltr'>ostenditur</span> <span class='ocrx_word' id='word_1_31' title='bbox 550 644 581 680; x_wconf 59' lang='grc' dir='ltr'>Β.</span> 
     </span>
    </p>

    <p class='ocr_par' dir='ltr' id='par_1_4' title="bbox 275 791 1925 1156">
     <span class='ocr_line' id='line_1_7' title="bbox 362 791 1905 849; baseline 0.003 -15"><span class='ocrx_word' id='word_1_32' title='bbox 362 791 582 835; x_wconf 91' lang='lat' dir='ltr'>Dolemus</span> <span class='ocrx_word' id='word_1_33' title='bbox 607 793 900 835; x_wconf 89' lang='lat' dir='ltr'>uehementer</span> <span class='ocrx_word' id='word_1_34' title='bbox 919 792 1040 846; x_wconf 92' lang='lat' dir='ltr'>quod</span> <span class='ocrx_word' id='word_1_35' title='bbox 1055 793 1141 835; x_wconf 92' lang='lat' dir='ltr'>hoc</span> <span class='ocrx_word' id='word_1_36' title='bbox 1160 792 1396 836; x_wconf 89' lang='lat' dir='ltr'>uideamus</span> <span class='ocrx_word' id='word_1_37' title='bbox 1412 794 1666 849; x_wconf 84' lang='lat' dir='ltr'>exemplum</span> <span class='ocrx_word' id='word_1_38' title='bbox 1685 794 1729 836; x_wconf 90' lang='lat' dir='ltr'>in</span> <span class='ocrx_word' id='word_1_39' title='bbox 1747 793 1905 838; x_wconf 53' lang='lat' dir='ltr'>Sociess</span> 
     </span>
     <span class='ocr_line' id='line_1_8' title="bbox 276 867 1902 926; baseline 0.001 -16"><span class='ocrx_word' id='word_1_40' title='bbox 276 875 385 920; x_wconf 87' lang='lat' dir='ltr'>tate,</span> <span class='ocrx_word' id='word_1_41' title='bbox 415 875 462 910; x_wconf 96' lang='lat' dir='ltr'>ut</span> <span class='ocrx_word' id='word_1_42' title='bbox 485 867 648 922; x_wconf 84' lang='lat' dir='ltr'>aliquis</span> <span class='ocrx_word' id='word_1_43' title='bbox 669 868 915 912; x_wconf 81' lang='lat' dir='ltr'>contendat</span> <span class='ocrx_word' id='word_1_44' title='bbox 935 882 1016 924; x_wconf 91' lang='lat' dir='ltr'>per</span> <span class='ocrx_word' id='word_1_45' title='bbox 1039 868 1254 911; x_wconf 88' lang='lat' dir='ltr'>iustitiam</span> <span class='ocrx_word' id='word_1_46' title='bbox 1279 876 1325 911; x_wconf 91' lang='lat' dir='ltr'>et</span> <span class='ocrx_word' id='word_1_47' title='bbox 1347 869 1518 912; x_wconf 90' lang='lat' dir='ltr'>iudices</span> <span class='ocrx_word' id='word_1_48' title='bbox 1539 885 1638 913; x_wconf 92' lang='lat' dir='ltr'>esse</span> <span class='ocrx_word' id='word_1_49' title='bbox 1661 870 1787 912; x_wconf 77' lang='lat' dir='ltr'>illius</span> <span class='ocrx_word' id='word_1_50' title='bbox 1815 883 1902 926; x_wconf 88' lang='lat' dir='ltr'>gu-</span> 
     </span>
     <span class='ocr_line' id='line_1_9' title="bbox 275 944 1904 1012; baseline 0 -24"><span class='ocrx_word' id='word_1_51' title='bbox 275 948 506 998; x_wconf 88' lang='lat' dir='ltr'>bernator;</span> <span class='ocrx_word' id='word_1_52' title='bbox 538 946 663 987; x_wconf 91' lang='lat' dir='ltr'>hunc</span> <span class='ocrx_word' id='word_1_53' title='bbox 696 945 815 989; x_wconf 89' lang='lat' dir='ltr'>enim</span> <span class='ocrx_word' id='word_1_54' title='bbox 845 944 1050 1001; x_wconf 91' lang='lat' dir='ltr'>spiritum</span> <span class='ocrx_word' id='word_1_55' title='bbox 1079 960 1161 987; x_wconf 87' lang='lat' dir='ltr'>nos</span> <span class='ocrx_word' id='word_1_56' title='bbox 1189 945 1448 1012; x_wconf 77' lang='lat' dir='ltr'>imbibimus</span> <span class='ocrx_word' id='word_1_57' title='bbox 1477 954 1522 991; x_wconf 88' lang='lat' dir='ltr'>et</span> <span class='ocrx_word' id='word_1_58' title='bbox 1544 946 1834 991; x_wconf 89' lang='lat' dir='ltr'>deuotionem</span> <span class='ocrx_word' id='word_1_59' title='bbox 1857 946 1904 988; x_wconf 87' lang='lat' dir='ltr'>in</span> 
     </span>
     <span class='ocr_line' id='line_1_10' title="bbox 276 1021 1905 1078; baseline 0 -12"><span class='ocrx_word' id='word_1_60' title='bbox 276 1022 379 1074; x_wconf 85' lang='lat' dir='ltr'>X.⁰,</span> <span class='ocrx_word' id='word_1_61' title='bbox 407 1030 456 1065; x_wconf 92' lang='lat' dir='ltr'>ut</span> <span class='ocrx_word' id='word_1_62' title='bbox 477 1021 631 1078; x_wconf 89' lang='lat' dir='ltr'>potius</span> <span class='ocrx_word' id='word_1_63' title='bbox 654 1037 732 1078; x_wconf 90' lang='lat' dir='ltr'>per</span> <span class='ocrx_word' id='word_1_64' title='bbox 755 1021 1055 1066; x_wconf 89' lang='lat' dir='ltr'>humilitatem</span> <span class='ocrx_word' id='word_1_65' title='bbox 1072 1036 1125 1066; x_wconf 89' lang='lat' dir='ltr'>ac</span> <span class='ocrx_word' id='word_1_66' title='bbox 1143 1022 1407 1066; x_wconf 89' lang='lat' dir='ltr'>modestiam</span> <span class='ocrx_word' id='word_1_67' title='bbox 1424 1024 1676 1067; x_wconf 86' lang='lat' dir='ltr'>recusanda</span> <span class='ocrx_word' id='word_1_68' title='bbox 1691 1022 1749 1066; x_wconf 90' lang='lat' dir='ltr'>sit</span> <span class='ocrx_word' id='word_1_69' title='bbox 1766 1037 1905 1078; x_wconf 87' lang='lat' dir='ltr'>quae-</span> 
     </span>
     <span class='ocr_line' id='line_1_11' title="bbox 279 1098 1925 1156; baseline 0.001 -14"><span class='ocrx_word' id='word_1_70' title='bbox 279 1099 350 1143; x_wconf 91' lang='lat' dir='ltr'>uis</span> <span class='ocrx_word' id='word_1_71' title='bbox 372 1098 572 1155; x_wconf 86' lang='lat' dir='ltr'>dignitas</span> <span class='ocrx_word' id='word_1_72' title='bbox 600 1113 653 1141; x_wconf 85' lang='lat' dir='ltr'>ac</span> <span class='ocrx_word' id='word_1_73' title='bbox 681 1099 802 1141; x_wconf 79' lang='lat' dir='ltr'>locus</span> <span class='ocrx_word' id='word_1_74' title='bbox 832 1099 1061 1155; x_wconf 72' lang='lat' dir='ltr'>superior5</span> <span class='ocrx_word' id='word_1_75' title='bbox 1093 1114 1195 1142; x_wconf 91' lang='lat' dir='ltr'>nam</span> <span class='ocrx_word' id='word_1_76' title='bbox 1225 1100 1347 1154; x_wconf 91' lang='lat' dir='ltr'>quod</span> <span class='ocrx_word' id='word_1_77' title='bbox 1379 1099 1586 1156; x_wconf 90' lang='lat' dir='ltr'>proponit</span> <span class='ocrx_word' id='word_1_78' title='bbox 1621 1101 1695 1142; x_wconf 90' lang='lat' dir='ltr'>Pr.</span> <span class='ocrx_word' id='word_1_79' title='bbox 1732 1101 1814 1143; x_wconf 86' lang='lat' dir='ltr'>Bo.</span> <span class='ocrx_word' id='word_1_80' title='bbox 1851 1100 1925 1145; x_wconf 80' lang='lat' dir='ltr'>ad.</span> 
     </span>
    </p>

    <p class='ocr_par' dir='ltr' id='par_1_5' title="bbox 1878 1161 1885 1175">
     <span class='ocr_line' id='line_1_12' title="bbox 1878 1161 1885 1175; baseline 0 -1"><span class='ocrx_word' id='word_1_81' title='bbox 1878 1161 1885 1175; x_wconf 46' lang='lat' dir='ltr'>t</span> 
     </span>
    </p>
   </div>
   <div class='ocr_carea' id='block_1_3' title="bbox 279 1171 1945 1233">
    <p class='ocr_par' dir='ltr' id='par_1_6' title="bbox 279 1171 1945 1233">
     <span class='ocr_line' id='line_1_13' title="bbox 279 1171 1945 1233; baseline -0.001 -14"><span class='ocrx_word' id='word_1_82' title='bbox 279 1175 449 1233; x_wconf 92' lang='lat' dir='ltr'>primos</span> <span class='ocrx_word' id='word_1_83' title='bbox 472 1176 740 1219; x_wconf 86' lang='lat' dir='ltr'>fundatores</span> <span class='ocrx_word' id='word_1_84' title='bbox 758 1190 859 1220; x_wconf 89' lang='lat' dir='ltr'>esse</span> <span class='ocrx_word' id='word_1_85' title='bbox 876 1176 1074 1219; x_wconf 85' lang='lat' dir='ltr'>delatum</span> <span class='ocrx_word' id='word_1_86' title='bbox 1089 1175 1161 1219; x_wconf 91' lang='lat' dir='ltr'>ius</span> <span class='ocrx_word' id='word_1_87' title='bbox 1177 1176 1462 1232; x_wconf 83' lang='lat' dir='ltr'>gubernandi</span> <span class='ocrx_word' id='word_1_88' title='bbox 1480 1177 1536 1220; x_wconf 88' lang='lat' dir='ltr'>de</span> <span class='ocrx_word' id='word_1_89' title='bbox 1552 1177 1665 1229; x_wconf 85' lang='lat' dir='ltr'>iure,</span> <span class='ocrx_word' id='word_1_90' title='bbox 1686 1177 1743 1219; x_wconf 92' lang='lat' dir='ltr'>ad</span> <span class='ocrx_word' id='word_1_91' title='bbox 1759 1176 1906 1232; x_wconf 90' lang='lat' dir='ltr'>ipsum</span> <span class='ocrx_word' id='word_1_92' title='bbox 1941 1171 1945 1176; x_wconf 75' lang='grc'><strong>’</strong></span> 
     </span>
    </p>
   </div>
   <div class='ocr_carea' id='block_1_4' title="bbox 280 1252 1919 2309">
    <p class='ocr_par' dir='ltr' id='par_1_7' title="bbox 280 1252 1912 1924">
     <span class='ocr_line' id='line_1_14' title="bbox 280 1252 1905 1309; baseline 0 -14"><span class='ocrx_word' id='word_1_93' title='bbox 280 1252 459 1309; x_wconf 88' lang='lat' dir='ltr'>proprie</span> <span class='ocrx_word' id='word_1_94' title='bbox 482 1252 674 1296; x_wconf 88' lang='lat' dir='ltr'>attinere</span> <span class='ocrx_word' id='word_1_95' title='bbox 697 1252 893 1304; x_wconf 86' lang='lat' dir='ltr'>uidetur,</span> <span class='ocrx_word' id='word_1_96' title='bbox 914 1267 1134 1308; x_wconf 90' lang='lat' dir='ltr'>suamque</span> <span class='ocrx_word' id='word_1_97' title='bbox 1151 1267 1334 1295; x_wconf 89' lang='lat' dir='ltr'>causam</span> <span class='ocrx_word' id='word_1_98' title='bbox 1354 1253 1483 1297; x_wconf 80' lang='lat' dir='ltr'>facile</span> <span class='ocrx_word' id='word_1_99' title='bbox 1499 1252 1784 1309; x_wconf 89' lang='lat' dir='ltr'>interpretari</span> <span class='ocrx_word' id='word_1_100' title='bbox 1801 1266 1905 1308; x_wconf 91' lang='lat' dir='ltr'>pos-</span> 
     </span>
     <span class='ocr_line' id='line_1_15' title="bbox 281 1328 1911 1385; baseline -0.001 -12"><span class='ocrx_word' id='word_1_101' title='bbox 281 1344 439 1373; x_wconf 88' lang='lat' dir='ltr'>sumus</span> <span class='ocrx_word' id='word_1_102' title='bbox 471 1329 597 1371; x_wconf 90' lang='lat' dir='ltr'>illum</span> <span class='ocrx_word' id='word_1_103' title='bbox 630 1343 784 1385; x_wconf 84' lang='lat' dir='ltr'>agere,</span> <span class='ocrx_word' id='word_1_104' title='bbox 820 1343 923 1372; x_wconf 92' lang='lat' dir='ltr'>cum</span> <span class='ocrx_word' id='word_1_105' title='bbox 956 1345 982 1373; x_wconf 90' lang='lat' dir='ltr'>e</span> <span class='ocrx_word' id='word_1_106' title='bbox 1012 1329 1168 1385; x_wconf 88' lang='lat' dir='ltr'>primis</span> <span class='ocrx_word' id='word_1_107' title='bbox 1199 1331 1356 1373; x_wconf 90' lang='lat' dir='ltr'>decem</span> <span class='ocrx_word' id='word_1_108' title='bbox 1395 1329 1624 1384; x_wconf 89' lang='lat' dir='ltr'>Patribus,</span> <span class='ocrx_word' id='word_1_109' title='bbox 1663 1343 1777 1385; x_wconf 91' lang='lat' dir='ltr'>quos</span> <span class='ocrx_word' id='word_1_110' title='bbox 1813 1328 1911 1385; x_wconf 91' lang='lat' dir='ltr'>ipse</span> 
     </span>
     <span class='ocr_line' id='line_1_16' title="bbox 282 1406 1909 1462; baseline 0 -13"><span class='ocrx_word' id='word_1_111' title='bbox 282 1407 547 1450; x_wconf 80' lang='lat' dir='ltr'>fundatores</span> <span class='ocrx_word' id='word_1_112' title='bbox 570 1413 720 1458; x_wconf 89' lang='lat' dir='ltr'>uocat,</span> <span class='ocrx_word' id='word_1_113' title='bbox 746 1406 836 1449; x_wconf 90' lang='lat' dir='ltr'>sint</span> <span class='ocrx_word' id='word_1_114' title='bbox 859 1406 1060 1462; x_wconf 91' lang='lat' dir='ltr'>quinque</span> <span class='ocrx_word' id='word_1_115' title='bbox 1082 1414 1258 1449; x_wconf 91' lang='lat' dir='ltr'>tantum</span> <span class='ocrx_word' id='word_1_116' title='bbox 1281 1407 1464 1451; x_wconf 87' lang='lat' dir='ltr'>residui:</span> <span class='ocrx_word' id='word_1_117' title='bbox 1491 1422 1607 1450; x_wconf 88' lang='lat' dir='ltr'>vnus</span> <span class='ocrx_word' id='word_1_118' title='bbox 1634 1414 1703 1450; x_wconf 90' lang='lat' dir='ltr'>est</span> <span class='ocrx_word' id='word_1_119' title='bbox 1734 1409 1809 1450; x_wconf 88' lang='lat' dir='ltr'>Pr.</span> <span class='ocrx_word' id='word_1_120' title='bbox 1842 1407 1909 1449; x_wconf 91' lang='lat' dir='ltr'>vi-</span> 
     </span>
     <span class='ocr_line' id='line_1_17' title="bbox 280 1483 1910 1539; baseline -0.001 -12"><span class='ocrx_word' id='word_1_121' title='bbox 280 1483 446 1536; x_wconf 87' lang='lat' dir='ltr'>carius,</span> <span class='ocrx_word' id='word_1_122' title='bbox 473 1484 694 1527; x_wconf 90' lang='lat' dir='ltr'>aduersus</span> <span class='ocrx_word' id='word_1_123' title='bbox 717 1497 851 1538; x_wconf 90' lang='lat' dir='ltr'>quem</span> <span class='ocrx_word' id='word_1_124' title='bbox 873 1483 982 1539; x_wconf 85' lang='lat' dir='ltr'>agit.</span> <span class='ocrx_word' id='word_1_125' title='bbox 1010 1485 1123 1526; x_wconf 90' lang='lat' dir='ltr'>Tres</span> <span class='ocrx_word' id='word_1_126' title='bbox 1145 1483 1219 1526; x_wconf 82' lang='lat' dir='ltr'>alii</span> <span class='ocrx_word' id='word_1_127' title='bbox 1242 1498 1323 1526; x_wconf 89' lang='lat' dir='ltr'>sua</span> <span class='ocrx_word' id='word_1_128' title='bbox 1345 1484 1629 1528; x_wconf 90' lang='lat' dir='ltr'>confessione</span> <span class='ocrx_word' id='word_1_129' title='bbox 1645 1499 1698 1527; x_wconf 92' lang='lat' dir='ltr'>ac</span> <span class='ocrx_word' id='word_1_130' title='bbox 1715 1483 1910 1527; x_wconf 86' lang='lat' dir='ltr'>subscri-</span> 
     </span>
     <span class='ocr_line' id='line_1_18' title="bbox 282 1559 1911 1616; baseline 0.001 -14"><span class='ocrx_word' id='word_1_131' title='bbox 282 1560 512 1616; x_wconf 89' lang='lat' dir='ltr'>ptionibus</span> <span class='ocrx_word' id='word_1_132' title='bbox 551 1561 732 1604; x_wconf 90' lang='lat' dir='ltr'>Patrem</span> <span class='ocrx_word' id='word_1_133' title='bbox 770 1559 988 1603; x_wconf 89' lang='lat' dir='ltr'>vicarium</span> <span class='ocrx_word' id='word_1_134' title='bbox 1025 1559 1248 1616; x_wconf 87' lang='lat' dir='ltr'>recipiunt</span> <span class='ocrx_word' id='word_1_135' title='bbox 1280 1575 1332 1603; x_wconf 91' lang='lat' dir='ltr'>ac</span> <span class='ocrx_word' id='word_1_136' title='bbox 1369 1562 1577 1616; x_wconf 91' lang='lat' dir='ltr'>probant:</span> <span class='ocrx_word' id='word_1_137' title='bbox 1615 1575 1754 1616; x_wconf 90' lang='lat' dir='ltr'>quare</span> <span class='ocrx_word' id='word_1_138' title='bbox 1786 1561 1911 1603; x_wconf 86' lang='lat' dir='ltr'>solus</span> 
     </span>
     <span class='ocr_line' id='line_1_19' title="bbox 282 1636 1912 1694; baseline 0.001 -16"><span class='ocrx_word' id='word_1_139' title='bbox 282 1652 365 1693; x_wconf 89' lang='lat' dir='ltr'>pro</span> <span class='ocrx_word' id='word_1_140' title='bbox 394 1652 442 1680; x_wconf 93' lang='lat' dir='ltr'>se</span> <span class='ocrx_word' id='word_1_141' title='bbox 471 1636 649 1680; x_wconf 82' lang='lat' dir='ltr'>videtur</span> <span class='ocrx_word' id='word_1_142' title='bbox 678 1650 815 1692; x_wconf 84' lang='lat' dir='ltr'>agere</span> <span class='ocrx_word' id='word_1_143' title='bbox 847 1638 920 1679; x_wconf 80' lang='lat' dir='ltr'>Pr.</span> <span class='ocrx_word' id='word_1_144' title='bbox 956 1639 1057 1682; x_wconf 85' lang='lat' dir='ltr'>Bo.:</span> <span class='ocrx_word' id='word_1_145' title='bbox 1091 1637 1208 1693; x_wconf 81' lang='lat' dir='ltr'>quod</span> <span class='ocrx_word' id='word_1_146' title='bbox 1239 1639 1281 1680; x_wconf 84' lang='lat' dir='ltr'>si</span> <span class='ocrx_word' id='word_1_147' title='bbox 1313 1638 1376 1679; x_wconf 86' lang='lat' dir='ltr'>ita</span> <span class='ocrx_word' id='word_1_148' title='bbox 1409 1639 1528 1694; x_wconf 78' lang='lat' dir='ltr'>agit,</span> <span class='ocrx_word' id='word_1_149' title='bbox 1557 1638 1675 1680; x_wconf 75' lang='lat' dir='ltr'>nihil</span> <span class='ocrx_word' id='word_1_150' title='bbox 1705 1642 1769 1680; x_wconf 85' lang='lat' dir='ltr'>est</span> <span class='ocrx_word' id='word_1_151' title='bbox 1796 1637 1912 1693; x_wconf 85' lang='lat' dir='ltr'>quod</span> 
     </span>
     <span class='ocr_line' id='line_1_20' title="bbox 285 1710 1912 1770; baseline 0 -14"><span class='ocrx_word' id='word_1_152' title='bbox 285 1715 525 1770; x_wconf 82' lang='lat' dir='ltr'>quicquam</span> <span class='ocrx_word' id='word_1_153' title='bbox 549 1714 618 1756; x_wconf 79' lang='lat' dir='ltr'>illi</span> <span class='ocrx_word' id='word_1_154' title='bbox 640 1714 1007 1769; x_wconf 79' lang='lat' dir='ltr'>respondeamus;</span> <span class='ocrx_word' id='word_1_155' title='bbox 1028 1728 1085 1757; x_wconf 85' lang='lat' dir='ltr'>ex</span> <span class='ocrx_word' id='word_1_156' title='bbox 1105 1715 1224 1757; x_wconf 85' lang='lat' dir='ltr'>bulla</span> <span class='ocrx_word' id='word_1_157' title='bbox 1245 1710 1366 1757; x_wconf 79' lang='lat' dir='ltr'>enim</span> <span class='ocrx_word' id='word_1_158' title='bbox 1389 1715 1531 1756; x_wconf 85' lang='lat' dir='ltr'>Pauli</span> <span class='ocrx_word' id='word_1_159' title='bbox 1555 1715 1636 1756; x_wconf 92' lang='lat' dir='ltr'>III</span> <span class='ocrx_word' id='word_1_160' title='bbox 1657 1715 1912 1757; x_wconf 81' lang='lat' dir='ltr'>excluditur</span> 
     </span>
     <span class='ocr_line' id='line_1_21' title="bbox 285 1791 1911 1848; baseline 0.001 -15"><span class='ocrx_word' id='word_1_161' title='bbox 285 1807 313 1834; x_wconf 89' lang='lat' dir='ltr'>a</span> <span class='ocrx_word' id='word_1_162' title='bbox 335 1792 501 1848; x_wconf 80' lang='lat' dir='ltr'>quauis</span> <span class='ocrx_word' id='word_1_163' title='bbox 522 1791 749 1848; x_wconf 81' lang='lat' dir='ltr'>dignitate</span> <span class='ocrx_word' id='word_1_164' title='bbox 775 1792 803 1834; x_wconf 89' lang='lat'>¹.</span> <span class='ocrx_word' id='word_1_165' title='bbox 829 1792 1208 1847; x_wconf 79' lang='lat' dir='ltr'>Respondendu&#39;m</span> <span class='ocrx_word' id='word_1_166' title='bbox 1232 1795 1381 1834; x_wconf 81' lang='lat' dir='ltr'>tamen</span> <span class='ocrx_word' id='word_1_167' title='bbox 1403 1792 1606 1834; x_wconf 74' lang='lat' dir='ltr'>arbitror</span> <span class='ocrx_word' id='word_1_168' title='bbox 1627 1792 1686 1834; x_wconf 83' lang='lat' dir='ltr'>ad</span> <span class='ocrx_word' id='word_1_169' title='bbox 1708 1792 1804 1834; x_wconf 84' lang='lat' dir='ltr'>eius</span> <span class='ocrx_word' id='word_1_170' title='bbox 1832 1806 1911 1834; x_wconf 88' lang='lat' dir='ltr'>ra—</span> 
     </span>
     <span class='ocr_line' id='line_1_22' title="bbox 285 1867 1543 1924; baseline 0 -14"><span class='ocrx_word' id='word_1_171' title='bbox 285 1868 439 1920; x_wconf 81' lang='lat' dir='ltr'>tiones,</span> <span class='ocrx_word' id='word_1_172' title='bbox 462 1872 511 1910; x_wconf 81' lang='lat' dir='ltr'>ut</span> <span class='ocrx_word' id='word_1_173' title='bbox 532 1868 614 1923; x_wconf 84' lang='lat' dir='ltr'>illi,</span> <span class='ocrx_word' id='word_1_174' title='bbox 637 1867 753 1923; x_wconf 82' lang='lat' dir='ltr'>quod</span> <span class='ocrx_word' id='word_1_175' title='bbox 774 1868 833 1910; x_wconf 87' lang='lat' dir='ltr'>ad</span> <span class='ocrx_word' id='word_1_176' title='bbox 854 1883 937 1910; x_wconf 81' lang='lat' dir='ltr'>nos</span> <span class='ocrx_word' id='word_1_177' title='bbox 959 1869 1129 1921; x_wconf 79' lang='lat' dir='ltr'>attinet,</span> <span class='ocrx_word' id='word_1_178' title='bbox 1151 1868 1371 1924; x_wconf 82' lang='lat' dir='ltr'>satisfieri</span> <span class='ocrx_word' id='word_1_179' title='bbox 1386 1869 1543 1924; x_wconf 75' lang='lat' dir='ltr'>possit.</span> 
     </span>
    </p>

    <p class='ocr_par' dir='ltr' id='par_1_8' title="bbox 287 1944 1917 2232">
     <span class='ocr_line' id='line_1_23' title="bbox 374 1944 1917 2001; baseline -0.001 -14"><span class='ocrx_word' id='word_1_180' title='bbox 374 1945 425 1987; x_wconf 91' lang='lat' dir='ltr'>In</span> <span class='ocrx_word' id='word_1_181' title='bbox 456 1944 627 2000; x_wconf 89' lang='lat' dir='ltr'>primis,</span> <span class='ocrx_word' id='word_1_182' title='bbox 663 1944 781 1988; x_wconf 85' lang='lat' dir='ltr'>sicut</span> <span class='ocrx_word' id='word_1_183' title='bbox 813 1952 918 1989; x_wconf 83' lang='lat' dir='ltr'>ante</span> <span class='ocrx_word' id='word_1_184' title='bbox 950 1944 1220 1989; x_wconf 87' lang='lat' dir='ltr'>electionem</span> <span class='ocrx_word' id='word_1_185' title='bbox 1253 1944 1382 2001; x_wconf 89' lang='lat' dir='ltr'>primi</span> <span class='ocrx_word' id='word_1_186' title='bbox 1414 1944 1657 2001; x_wconf 88' lang='lat' dir='ltr'>praepositi</span> <span class='ocrx_word' id='word_1_187' title='bbox 1689 1944 1917 2001; x_wconf 76' lang='lat' dir='ltr'>generalis</span> 
     </span>
     <span class='ocr_line' id='line_1_24' title="bbox 287 2021 1914 2077; baseline 0.002 -15"><span class='ocrx_word' id='word_1_188' title='bbox 287 2021 385 2076; x_wconf 88' lang='lat' dir='ltr'>ipsa</span> <span class='ocrx_word' id='word_1_189' title='bbox 407 2021 682 2077; x_wconf 81' lang='lat' dir='ltr'>gubernatio</span> <span class='ocrx_word' id='word_1_190' title='bbox 704 2029 801 2066; x_wconf 90' lang='lat' dir='ltr'>erat</span> <span class='ocrx_word' id='word_1_191' title='bbox 821 2036 962 2077; x_wconf 90' lang='lat' dir='ltr'>penes</span> <span class='ocrx_word' id='word_1_192' title='bbox 983 2023 1142 2066; x_wconf 91' lang='lat' dir='ltr'>decem</span> <span class='ocrx_word' id='word_1_193' title='bbox 1163 2021 1264 2064; x_wconf 89' lang='lat' dir='ltr'>illos</span> <span class='ocrx_word' id='word_1_194' title='bbox 1285 2021 1522 2065; x_wconf 89' lang='lat' dir='ltr'>consocios</span> <span class='ocrx_word' id='word_1_195' title='bbox 1545 2022 1825 2075; x_wconf 87' lang='lat' dir='ltr'>fundatores,</span> <span class='ocrx_word' id='word_1_196' title='bbox 1847 2021 1914 2065; x_wconf 87' lang='lat' dir='ltr'>sic</span> 
     </span>
     <span class='ocr_line' id='line_1_25' title="bbox 288 2094 1916 2154; baseline 0.001 -14"><span class='ocrx_word' id='word_1_197' title='bbox 288 2105 333 2141; x_wconf 92' lang='lat' dir='ltr'>et</span> <span class='ocrx_word' id='word_1_198' title='bbox 362 2094 516 2151; x_wconf 53' lang='lat' dir='ltr'>nunc,</span> <span class='ocrx_word' id='word_1_199' title='bbox 533 2100 642 2141; x_wconf 92' lang='lat' dir='ltr'>sede</span> <span class='ocrx_word' id='word_1_200' title='bbox 671 2106 878 2151; x_wconf 88' lang='lat' dir='ltr'>vacante,</span> <span class='ocrx_word' id='word_1_201' title='bbox 908 2098 993 2141; x_wconf 92' lang='lat' dir='ltr'>erit</span> <span class='ocrx_word' id='word_1_202' title='bbox 1019 2113 1159 2154; x_wconf 88' lang='lat' dir='ltr'>penes</span> <span class='ocrx_word' id='word_1_203' title='bbox 1186 2098 1355 2154; x_wconf 90' lang='lat' dir='ltr'>primos</span> <span class='ocrx_word' id='word_1_204' title='bbox 1384 2099 1662 2150; x_wconf 87' lang='lat' dir='ltr'>fundatores,</span> <span class='ocrx_word' id='word_1_205' title='bbox 1686 2106 1732 2142; x_wconf 93' lang='lat' dir='ltr'>et</span> <span class='ocrx_word' id='word_1_206' title='bbox 1759 2099 1816 2141; x_wconf 90' lang='lat' dir='ltr'>ad</span> <span class='ocrx_word' id='word_1_207' title='bbox 1837 2112 1916 2142; x_wconf 92' lang='lat' dir='ltr'>eos</span> 
     </span>
     <span class='ocr_line' id='line_1_26' title="bbox 289 2174 1123 2232; baseline 0.001 -15"><span class='ocrx_word' id='word_1_208' title='bbox 289 2175 550 2218; x_wconf 87' lang='lat' dir='ltr'>deuoluitur</span> <span class='ocrx_word' id='word_1_209' title='bbox 573 2175 644 2219; x_wconf 92' lang='lat' dir='ltr'>ius</span> <span class='ocrx_word' id='word_1_210' title='bbox 666 2175 969 2232; x_wconf 85' lang='lat' dir='ltr'>gubernandi,</span> <span class='ocrx_word' id='word_1_211' title='bbox 995 2182 1078 2218; x_wconf 92' lang='lat' dir='ltr'>etc.</span> <span class='ocrx_word' id='word_1_212' title='bbox 1104 2174 1123 2200; x_wconf 76' lang='lat' dir='ltr'>b</span> 
     </span>
    </p>

    <p class='ocr_par' dir='ltr' id='par_1_9' title="bbox 388 2251 1919 2309">
     <span class='ocr_line' id='line_1_27' title="bbox 388 2251 1919 2309; baseline 0.001 -14"><span class='ocrx_word' id='word_1_213' title='bbox 388 2265 424 2295; x_wconf 89' lang='lat'>1.</span> <span class='ocrx_word' id='word_1_214' title='bbox 490 2253 647 2297; x_wconf 83' lang='lat' dir='ltr'>Solum</span> <span class='ocrx_word' id='word_1_215' title='bbox 672 2255 853 2297; x_wconf 83' lang='lat' dir='ltr'>Patrem</span> <span class='ocrx_word' id='word_1_216' title='bbox 877 2252 1103 2309; x_wconf 82' lang='lat' dir='ltr'>Ignatium</span> <span class='ocrx_word' id='word_1_217' title='bbox 1136 2251 1427 2308; x_wconf 83' lang='lat' dir='ltr'>agnoscimus</span> <span class='ocrx_word' id='word_1_218' title='bbox 1457 2253 1741 2296; x_wconf 90' lang='lat' dir='ltr'>fundatorem</span> <span class='ocrx_word' id='word_1_219' title='bbox 1765 2252 1919 2296; x_wconf 91' lang='lat' dir='ltr'>Socie-</span> 
     </span>
    </p>
   </div>
   <div class='ocr_carea' id='block_1_5' title="bbox 295 2335 558 2340">
    <p class='ocr_par' dir='ltr' id='par_1_10' title="bbox 295 2335 558 2340">
     <span class='ocr_line' id='line_1_28' title="bbox 295 2335 558 2340; baseline 0 0"><span class='ocrx_word' id='word_1_220' title='bbox 295 2335 558 2340; x_wconf 95' lang='lat' dir='ltr'> </span> 
     </span>
    </p>
   </div>
   <div class='ocr_carea' id='block_1_6' title="bbox 294 2364 1922 2589">
    <p class='ocr_par' dir='ltr' id='par_1_11' title="bbox 294 2364 1922 2589">
     <span class='ocr_line' id='line_1_29' title="bbox 365 2364 1922 2412; baseline -0.001 -12"><span class='ocrx_word' id='word_1_221' title='bbox 365 2375 382 2392; x_wconf 75' lang='lat' dir='ltr'>a</span> <span class='ocrx_word' id='word_1_222' title='bbox 431 2365 541 2400; x_wconf 87' lang='lat' dir='ltr'>Haec</span> <span class='ocrx_word' id='word_1_223' title='bbox 559 2365 703 2411; x_wconf 89' lang='lat' dir='ltr'>omnia,</span> <span class='ocrx_word' id='word_1_224' title='bbox 723 2377 745 2400; x_wconf 90' lang='lat' dir='ltr'>a</span> <span class='ocrx_word' id='word_1_225' title='bbox 762 2364 969 2412; x_wconf 86' lang='lat' dir='ltr'>principio,</span> <span class='ocrx_word' id='word_1_226' title='bbox 987 2364 1258 2400; x_wconf 86' lang='lat' dir='ltr'>desiderantur</span> <span class='ocrx_word' id='word_1_227' title='bbox 1275 2364 1315 2399; x_wconf 91' lang='lat' dir='ltr'>in</span> <span class='ocrx_word' id='word_1_228' title='bbox 1333 2364 1559 2411; x_wconf 85' lang='lat' dir='ltr'>archetypo.</span> <span class='ocrx_word' id='word_1_229' title='bbox 1586 2365 1686 2400; x_wconf 90' lang='lat' dir='ltr'>Sunt</span> <span class='ocrx_word' id='word_1_230' title='bbox 1709 2369 1840 2400; x_wconf 87' lang='lat' dir='ltr'>autem</span> <span class='ocrx_word' id='word_1_231' title='bbox 1856 2364 1922 2400; x_wconf 92' lang='lat' dir='ltr'>de-</span> 
     </span>
     <span class='ocr_line' id='line_1_30' title="bbox 294 2423 1921 2471; baseline -0.001 -11"><span class='ocrx_word' id='word_1_232' title='bbox 294 2429 448 2471; x_wconf 89' lang='lat' dir='ltr'>sumpta</span> <span class='ocrx_word' id='word_1_233' title='bbox 465 2436 515 2460; x_wconf 86' lang='lat' dir='ltr'>ex</span> <span class='ocrx_word' id='word_1_234' title='bbox 533 2424 689 2471; x_wconf 90' lang='lat' dir='ltr'>scriptis</span> <span class='ocrx_word' id='word_1_235' title='bbox 707 2423 949 2462; x_wconf 88' lang='lat' dir='ltr'>Bobadillae.</span> <span class='ocrx_word' id='word_1_236' title='bbox 970 2424 1070 2459; x_wconf 90' lang='lat' dir='ltr'>Vide</span> <span class='ocrx_word' id='word_1_237' title='bbox 1085 2435 1200 2471; x_wconf 86' lang='lat' dir='ltr'>supra</span> <span class='ocrx_word' id='word_1_238' title='bbox 1214 2428 1465 2458; x_wconf 87' lang='lat' dir='ltr'>monumenta</span> <span class='ocrx_word' id='word_1_239' title='bbox 1479 2423 1718 2470; x_wconf 88' lang='lat' dir='ltr'>Bobadillae,</span> <span class='ocrx_word' id='word_1_240' title='bbox 1734 2436 1772 2460; x_wconf 90' lang='lat' dir='ltr'>n.</span> <span class='ocrx_word' id='word_1_241' title='bbox 1791 2434 1826 2469; x_wconf 91' lang='lat'>4,</span> <span class='ocrx_word' id='word_1_242' title='bbox 1844 2429 1921 2459; x_wconf 89' lang='lat' dir='ltr'>etc.</span> 
     </span>
     <span class='ocr_line' id='line_1_31' title="bbox 294 2482 1922 2530; baseline -0.001 -11"><span class='ocrx_word' id='word_1_243' title='bbox 294 2485 361 2512; x_wconf 89' lang='lat' dir='ltr'>—b</span> <span class='ocrx_word' id='word_1_244' title='bbox 387 2484 497 2519; x_wconf 90' lang='lat' dir='ltr'>Haec</span> <span class='ocrx_word' id='word_1_245' title='bbox 520 2483 644 2530; x_wconf 88' lang='lat' dir='ltr'>prima</span> <span class='ocrx_word' id='word_1_246' title='bbox 668 2484 789 2519; x_wconf 89' lang='lat' dir='ltr'>verba</span> <span class='ocrx_word' id='word_1_247' title='bbox 812 2485 862 2519; x_wconf 85' lang='lat' dir='ltr'>In</span> <span class='ocrx_word' id='word_1_248' title='bbox 883 2483 1048 2530; x_wconf 78' lang='lat' dir='ltr'>primis,</span> <span class='ocrx_word' id='word_1_249' title='bbox 1073 2489 1166 2529; x_wconf 92' lang='lat' dir='ltr'>etc.,</span> <span class='ocrx_word' id='word_1_250' title='bbox 1185 2489 1276 2518; x_wconf 89' lang='lat' dir='ltr'>sunt</span> <span class='ocrx_word' id='word_1_251' title='bbox 1299 2482 1427 2517; x_wconf 87' lang='lat' dir='ltr'>Patris</span> <span class='ocrx_word' id='word_1_252' title='bbox 1450 2482 1690 2527; x_wconf 86' lang='lat' dir='ltr'>Bobadillae,</span> <span class='ocrx_word' id='word_1_253' title='bbox 1709 2488 1750 2518; x_wconf 91' lang='lat' dir='ltr'>et</span> <span class='ocrx_word' id='word_1_254' title='bbox 1772 2482 1922 2518; x_wconf 86' lang='lat' dir='ltr'>deside—</span> 
     </span>
     <span class='ocr_line' id='line_1_32' title="bbox 294 2542 1710 2589; baseline 0.001 -11"><span class='ocrx_word' id='word_1_255' title='bbox 294 2548 429 2579; x_wconf 88' lang='lat' dir='ltr'>rantur</span> <span class='ocrx_word' id='word_1_256' title='bbox 458 2543 498 2578; x_wconf 90' lang='lat' dir='ltr'>in</span> <span class='ocrx_word' id='word_1_257' title='bbox 525 2543 753 2589; x_wconf 87' lang='lat' dir='ltr'>archetypo,</span> <span class='ocrx_word' id='word_1_258' title='bbox 783 2542 887 2589; x_wconf 90' lang='lat' dir='ltr'>quod</span> <span class='ocrx_word' id='word_1_259' title='bbox 917 2542 1054 2589; x_wconf 88' lang='lat' dir='ltr'>incipit</span> <span class='ocrx_word' id='word_1_260' title='bbox 1077 2554 1099 2578; x_wconf 87' lang='lat' dir='ltr'>a</span> <span class='ocrx_word' id='word_1_261' title='bbox 1122 2542 1303 2589; x_wconf 91' lang='lat' dir='ltr'>sequenti</span> <span class='ocrx_word' id='word_1_262' title='bbox 1321 2555 1360 2579; x_wconf 91' lang='lat' dir='ltr'>n.</span> <span class='ocrx_word' id='word_1_263' title='bbox 1388 2543 1440 2576; x_wconf 86' lang='lat'>1.⁰</span> <span class='ocrx_word' id='word_1_264' title='bbox 1459 2542 1613 2584; x_wconf 86' lang='lat' dir='ltr'>Solum,</span> <span class='ocrx_word' id='word_1_265' title='bbox 1632 2546 1710 2580; x_wconf 86' lang='lat' dir='ltr'>etc.</span> 
     </span>
    </p>
   </div>
   <div class='ocr_carea' id='block_1_7' title="bbox 295 2628 1934 3158">
    <p class='ocr_par' dir='ltr' id='par_1_12' title="bbox 295 2628 1934 2862">
     <span class='ocr_line' id='line_1_33' title="bbox 296 2628 1924 2685; baseline -0.001 -12"><span class='ocrx_word' id='word_1_266' title='bbox 296 2638 363 2674; x_wconf 90' lang='lat' dir='ltr'>riis</span> <span class='ocrx_word' id='word_1_267' title='bbox 387 2637 511 2685; x_wconf 89' lang='lat' dir='ltr'>ipsius</span> <span class='ocrx_word' id='word_1_268' title='bbox 541 2638 806 2685; x_wconf 84' lang='lat' dir='ltr'>palimpsestis</span> <span class='ocrx_word' id='word_1_269' title='bbox 835 2637 885 2673; x_wconf 92' lang='lat' dir='ltr'>de</span> <span class='ocrx_word' id='word_1_270' title='bbox 911 2638 1050 2673; x_wconf 90' lang='lat' dir='ltr'>eodem</span> <span class='ocrx_word' id='word_1_271' title='bbox 1074 2644 1304 2684; x_wconf 75' lang='lat' dir='ltr'>argumento</span> <span class='ocrx_word' id='word_1_272' title='bbox 1326 2638 1452 2674; x_wconf 88' lang='lat' dir='ltr'>videri</span> <span class='ocrx_word' id='word_1_273' title='bbox 1474 2628 1620 2685; x_wconf 87' lang='lat' dir='ltr'>potest,</span> <span class='ocrx_word' id='word_1_274' title='bbox 1645 2637 1685 2673; x_wconf 87' lang='lat' dir='ltr'>in</span> <span class='ocrx_word' id='word_1_275' title='bbox 1701 2636 1845 2684; x_wconf 89' lang='lat' dir='ltr'>quibus</span> <span class='ocrx_word' id='word_1_276' title='bbox 1861 2648 1924 2683; x_wconf 90' lang='lat' dir='ltr'>ea,</span> 
     </span>
     <span class='ocr_line' id='line_1_34' title="bbox 295 2695 1934 2744; baseline -0.001 -12"><span class='ocrx_word' id='word_1_277' title='bbox 295 2708 395 2744; x_wconf 91' lang='lat' dir='ltr'>quae</span> <span class='ocrx_word' id='word_1_278' title='bbox 414 2696 537 2743; x_wconf 89' lang='lat' dir='ltr'>primo</span> <span class='ocrx_word' id='word_1_279' title='bbox 554 2697 676 2732; x_wconf 89' lang='lat' dir='ltr'>menti</span> <span class='ocrx_word' id='word_1_280' title='bbox 694 2698 986 2741; x_wconf 84' lang='lat' dir='ltr'>succurrebant,</span> <span class='ocrx_word' id='word_1_281' title='bbox 1004 2697 1085 2732; x_wconf 89' lang='lat' dir='ltr'>levi</span> <span class='ocrx_word' id='word_1_282' title='bbox 1101 2699 1249 2733; x_wconf 86' lang='lat' dir='ltr'>calamo</span> <span class='ocrx_word' id='word_1_283' title='bbox 1272 2697 1531 2744; x_wconf 85' lang='lat' dir='ltr'>exprimebat.</span> <span class='ocrx_word' id='word_1_284' title='bbox 1550 2697 1691 2732; x_wconf 87' lang='lat' dir='ltr'>Postea</span> <span class='ocrx_word' id='word_1_285' title='bbox 1708 2695 1934 2732; x_wconf 76' lang='lat' dir='ltr'>accuratius</span> 
     </span>
     <span class='ocr_line' id='line_1_35' title="bbox 295 2754 1926 2803; baseline -0.001 -12"><span class='ocrx_word' id='word_1_286' title='bbox 295 2762 336 2791; x_wconf 91' lang='lat' dir='ltr'>et</span> <span class='ocrx_word' id='word_1_287' title='bbox 354 2755 531 2803; x_wconf 88' lang='lat' dir='ltr'>pacatius</span> <span class='ocrx_word' id='word_1_288' title='bbox 549 2756 687 2792; x_wconf 89' lang='lat' dir='ltr'>eadem</span> <span class='ocrx_word' id='word_1_289' title='bbox 705 2768 754 2792; x_wconf 88' lang='lat' dir='ltr'>ex</span> <span class='ocrx_word' id='word_1_290' title='bbox 772 2756 890 2791; x_wconf 87' lang='lat' dir='ltr'>variis</span> <span class='ocrx_word' id='word_1_291' title='bbox 914 2757 1177 2803; x_wconf 85' lang='lat' dir='ltr'>palimpsestis</span> <span class='ocrx_word' id='word_1_292' title='bbox 1200 2757 1365 2792; x_wconf 88' lang='lat' dir='ltr'>collecta</span> <span class='ocrx_word' id='word_1_293' title='bbox 1389 2762 1429 2792; x_wconf 90' lang='lat' dir='ltr'>et</span> <span class='ocrx_word' id='word_1_294' title='bbox 1451 2756 1626 2792; x_wconf 86' lang='lat' dir='ltr'>ordinata</span> <span class='ocrx_word' id='word_1_295' title='bbox 1650 2755 1690 2791; x_wconf 92' lang='lat' dir='ltr'>in</span> <span class='ocrx_word' id='word_1_296' title='bbox 1713 2756 1786 2790; x_wconf 90' lang='lat' dir='ltr'>hoc</span> <span class='ocrx_word' id='word_1_297' title='bbox 1809 2754 1926 2791; x_wconf 87' lang='lat' dir='ltr'>docu-</span> 
     </span>
     <span class='ocr_line' id='line_1_36' title="bbox 297 2815 1211 2862; baseline 0.001 -12"><span class='ocrx_word' id='word_1_298' title='bbox 297 2820 430 2850; x_wconf 90' lang='lat' dir='ltr'>mento</span> <span class='ocrx_word' id='word_1_299' title='bbox 447 2815 560 2851; x_wconf 88' lang='lat' dir='ltr'>nobis</span> <span class='ocrx_word' id='word_1_300' title='bbox 579 2815 722 2862; x_wconf 85' lang='lat' dir='ltr'>scripta</span> <span class='ocrx_word' id='word_1_301' title='bbox 738 2815 909 2862; x_wconf 86' lang='lat' dir='ltr'>reliquit.</span> <span class='ocrx_word' id='word_1_302' title='bbox 1208 2823 1211 2826; x_wconf 62' lang='lat'><strong>⁴</strong></span> 
     </span>
    </p>

    <p class='ocr_par' dir='ltr' id='par_1_13' title="bbox 295 2871 1928 3158">
     <span class='ocr_line' id='line_1_37' title="bbox 370 2871 1928 2921; baseline -0.002 -11"><span class='ocrx_word' id='word_1_303' title='bbox 370 2874 380 2895; x_wconf 91' lang='lat'>¹</span> <span class='ocrx_word' id='word_1_304' title='bbox 431 2875 585 2921; x_wconf 90' lang='lat' dir='ltr'>Reapse</span> <span class='ocrx_word' id='word_1_305' title='bbox 603 2875 643 2910; x_wconf 89' lang='lat' dir='ltr'>in</span> <span class='ocrx_word' id='word_1_306' title='bbox 662 2874 803 2910; x_wconf 87' lang='lat' dir='ltr'>litteris</span> <span class='ocrx_word' id='word_1_307' title='bbox 821 2874 1045 2921; x_wconf 89' lang='lat' dir='ltr'>apostolicis</span> <span class='ocrx_word' id='word_1_308' title='bbox 1063 2874 1194 2909; x_wconf 73' lang='lat' dir='ltr'>LJCET</span> <span class='ocrx_word' id='word_1_309' title='bbox 1210 2883 1413 2919; x_wconf 77' lang='lat' dir='ltr'>DEBITUM,</span> <span class='ocrx_word' id='word_1_310' title='bbox 1429 2886 1451 2909; x_wconf 88' lang='lat' dir='ltr'>a</span> <span class='ocrx_word' id='word_1_311' title='bbox 1470 2875 1590 2909; x_wconf 90' lang='lat' dir='ltr'>Paulo</span> <span class='ocrx_word' id='word_1_312' title='bbox 1604 2873 1660 2909; x_wconf 88' lang='lat'>111</span> <span class='ocrx_word' id='word_1_313' title='bbox 1673 2873 1737 2910; x_wconf 84' lang='lat' dir='ltr'>die</span> <span class='ocrx_word' id='word_1_314' title='bbox 1755 2872 1796 2908; x_wconf 92' lang='lat'>18</span> <span class='ocrx_word' id='word_1_315' title='bbox 1810 2871 1928 2910; x_wconf 90' lang='lat' dir='ltr'>Octo-</span> 
     </span>
     <span class='ocr_line' id='line_1_38' title="bbox 298 2931 1928 2980; baseline -0.001 -11"><span class='ocrx_word' id='word_1_316' title='bbox 298 2934 378 2970; x_wconf 88' lang='lat' dir='ltr'>bris</span> <span class='ocrx_word' id='word_1_317' title='bbox 411 2942 503 2979; x_wconf 83' lang='lat'>1549</span> <span class='ocrx_word' id='word_1_318' title='bbox 531 2934 647 2978; x_wconf 89' lang='lat' dir='ltr'>datis,</span> <span class='ocrx_word' id='word_1_319' title='bbox 676 2935 775 2971; x_wconf 87' lang='lat' dir='ltr'>haec</span> <span class='ocrx_word' id='word_1_320' title='bbox 803 2933 852 2969; x_wconf 88' lang='lat' dir='ltr'>de</span> <span class='ocrx_word' id='word_1_321' title='bbox 882 2934 1148 2970; x_wconf 85' lang='lat' dir='ltr'>ambientibus</span> <span class='ocrx_word' id='word_1_322' title='bbox 1178 2935 1417 2980; x_wconf 84' lang='lat' dir='ltr'>praelaturas</span> <span class='ocrx_word' id='word_1_323' title='bbox 1447 2934 1659 2969; x_wconf 89' lang='lat' dir='ltr'>habentur:</span> <span class='ocrx_word' id='word_1_324' title='bbox 1693 2931 1928 2970; x_wconf 85' lang='lat' dir='ltr'>«...a1icuius</span> 
     </span>
     <span class='ocr_line' id='line_1_39' title="bbox 295 2990 1928 3043; baseline -0.002 -15"><span class='ocrx_word' id='word_1_325' title='bbox 295 2993 548 3039; x_wconf 87' lang='lat' dir='ltr'>praelationis</span> <span class='ocrx_word' id='word_1_326' title='bbox 566 2998 606 3028; x_wconf 92' lang='lat' dir='ltr'>et</span> <span class='ocrx_word' id='word_1_327' title='bbox 623 2992 826 3039; x_wconf 86' lang='lat' dir='ltr'>dignitatis</span> <span class='ocrx_word' id='word_1_328' title='bbox 844 2992 884 3028; x_wconf 90' lang='lat' dir='ltr'>in</span> <span class='ocrx_word' id='word_1_329' title='bbox 903 2992 1039 3028; x_wconf 89' lang='lat' dir='ltr'>eadem</span> <span class='ocrx_word' id='word_1_330' title='bbox 1058 2992 1270 3036; x_wconf 88' lang='lat' dir='ltr'>Societate,</span> <span class='ocrx_word' id='word_1_331' title='bbox 1297 2993 1330 3028; x_wconf 89' lang='lat' dir='ltr'>si</span> <span class='ocrx_word' id='word_1_332' title='bbox 1355 3004 1440 3028; x_wconf 89' lang='lat' dir='ltr'>eam</span> <span class='ocrx_word' id='word_1_333' title='bbox 1458 2993 1611 3027; x_wconf 89' lang='lat' dir='ltr'>occulta</span> <span class='ocrx_word' id='word_1_334' title='bbox 1633 2997 1700 3026; x_wconf 91' lang='lat' dir='ltr'>aut</span> <span class='ocrx_word' id='word_1_335' title='bbox 1723 2990 1928 3043; x_wconf 84' lang='lat' dir='ltr'>manifesta</span> 
     </span>
     <span class='ocr_line' id='line_1_40' title="bbox 297 3050 1926 3098; baseline -0.001 -12"><span class='ocrx_word' id='word_1_336' title='bbox 297 3051 511 3087; x_wconf 87' lang='lat' dir='ltr'>ambitione</span> <span class='ocrx_word' id='word_1_337' title='bbox 540 3052 743 3098; x_wconf 84' lang='lat' dir='ltr'>quaesisse</span> <span class='ocrx_word' id='word_1_338' title='bbox 772 3051 1049 3095; x_wconf 79' lang='lat' dir='ltr'>convincetur,</span> <span class='ocrx_word' id='word_1_339' title='bbox 1079 3063 1202 3098; x_wconf 87' lang='lat' dir='ltr'>capax</span> <span class='ocrx_word' id='word_1_340' title='bbox 1232 3063 1320 3087; x_wconf 87' lang='lat' dir='ltr'>esse</span> <span class='ocrx_word' id='word_1_341' title='bbox 1350 3052 1573 3087; x_wconf 86' lang='lat' dir='ltr'>nullatenus</span> <span class='ocrx_word' id='word_1_342' title='bbox 1603 3050 1763 3097; x_wconf 89' lang='lat' dir='ltr'>possit.»</span> <span class='ocrx_word' id='word_1_343' title='bbox 1794 3050 1926 3085; x_wconf 77' lang='lat' dir='ltr'>Instit.</span> 
     </span>
     <span class='ocr_line' id='line_1_41' title="bbox 297 3110 1039 3158; baseline 0.001 -12"><span class='ocrx_word' id='word_1_344' title='bbox 297 3111 384 3147; x_wconf 86' lang='lat' dir='ltr'><em>Soc.</em></span> <span class='ocrx_word' id='word_1_345' title='bbox 394 3111 511 3157; x_wconf 85' lang='lat' dir='ltr'>Jesu,</span> <span class='ocrx_word' id='word_1_346' title='bbox 530 3111 768 3156; x_wconf 87' lang='lat' dir='ltr'>(Florentiae</span> <span class='ocrx_word' id='word_1_347' title='bbox 790 3110 906 3158; x_wconf 86' lang='lat'>1892),</span> <span class='ocrx_word' id='word_1_348' title='bbox 929 3112 960 3158; x_wconf 91' lang='lat'>1,</span> <span class='ocrx_word' id='word_1_349' title='bbox 983 3120 1039 3156; x_wconf 85' lang='lat'>14.</span> 
     </span>
    </p>
   </div>
   <div class='ocr_carea' id='block_1_8' title="bbox 2033 1383 2098 3470">
    <p class='ocr_par' dir='ltr' id='par_1_14' title="bbox 2033 1383 2098 3470">
     <span class='ocr_line' id='line_1_42' title="bbox 2033 1383 2098 3470; baseline 0 0"><span class='ocrx_word' id='word_1_350' title='bbox 2033 1383 2098 3470; x_wconf 95' lang='lat' dir='ltr'> </span> 
     </span>
    </p>
   </div>
  </div>
 </body>
</html>
