2098 3470
585 276 860 312 Monummu
885 282 1143 312 Pnovmcmn
1168 274 1484 321 Austrum—49
1734 273 1805 320 293

212 377 451 434 periorem,
475 378 563 420 hoc
585 383 655 421 est
675 391 702 419 a
724 376 866 419 choro
887 374 1090 419 inferiori
1111 389 1324 431 superne,
1350 382 1536 419 uertant
1554 375 1687 418 simul
1705 375 1847 419 sacri-

207 461 373 498 stanus
388 463 435 498 et
456 453 836 498 subsacristanus.

301 531 434 587 Quae
457 530 679 587 pecuniae
700 529 746 572 in
774 528 944 586 templo
978 528 1293 581 inueniuntur,
1317 542 1395 572 eas
1423 529 1598 572 deferat
1627 529 1845 572 sacrista-

210 621 299 650 nus
319 607 377 650 ad
392 607 672 663 praefectum
695 606 931 658 ecclesiae,
957 620 1074 661 quae
1094 605 1133 649 si
1151 605 1318 657 fuerint
1334 605 1504 662 insigni
1523 619 1730 657 numero,
1758 621 1846 662 pu-

208 684 503 728 blicabuntur
535 699 614 740 per
640 682 1025 736 concionatorem,
1055 691 1101 727 et
1130 683 1380 727 reddentur
1406 682 1466 734 ei,
1492 682 1569 738 qui
1607 682 1741 738 signa
1772 684 1845 727 uel

207 761 429 818 marsupii
453 762 527 804 uel
549 760 735 818 generis
755 767 966 804 monetae
986 759 1238 812 exhibebit3
1263 767 1310 802 et
1336 759 1374 802 si
1403 759 1556 803 nullus
1584 758 1844 802 inuenietur

209 837 438 890 dominus,
469 836 806 894 dispensabitur
831 850 886 880 ea
913 836 1106 892 pecunia
1136 835 1413 892 pauperibus
1449 851 1506 879 ex
1536 843 1681 892 parte,
1713 845 1759 879 et
1786 851 1843 878 ex

207 922 337 971 parte
366 914 533 971 poterit
560 914 706 971 accipi
733 929 816 970 pro
841 914 1049 966 ecclesia3
1078 913 1117 957 si
1143 928 1302 970 parum
1335 912 1471 957 fuerit
1508 912 1746 969 pecuniae,
1786 928 1842 956 ex

205 1007 264 1036 ea
283 998 498 1048 poterunt
518 991 607 1036 emi
629 1005 795 1048 scopae
815 1006 897 1047 pro
918 991 1142 1035 uerrenda
1164 990 1373 1035 ecclesia.

302 1070 436 1125 Quae
453 1068 678 1125 pecuniae
699 1070 947 1113 offerentur
968 1067 1218 1111 sacristano
1238 1067 1503 1123 simpliciter
1526 1081 1608 1123 pro
1629 1067 1839 1117 ecclesia,

210 1159 291 1188 eas
312 1145 478 1201 poterit
508 1145 605 1202 ipse
635 1145 857 1208 accipere,
881 1152 928 1188 et
954 1145 1063 1188 dare
1090 1145 1337 1200 praefect03
1363 1143 1401 1187 si
1429 1144 1487 1186 ad
1521 1143 1692 1198 aliquid
1721 1145 1837 1186 refe-

207 1228 371 1265 runtur
398 1222 624 1278 pecuniae
651 1222 773 1275 illae,
807 1223 881 1266 uel
917 1221 1067 1276 aliquo
1095 1220 1280 1266 nomine
1315 1222 1500 1273 dantur,
1533 1221 1623 1263 hoc
1659 1228 1729 1264 est
1758 1236 1840 1276 pro

205 1299 309 1351 hac,
334 1299 410 1342 uel
429 1298 506 1342 illa
534 1314 599 1351 re,
632 1306 741 1349 etc.,
766 1313 857 1342 non
885 1298 1076 1354 accipiet
1101 1297 1393 1350 sacristanus,
1419 1298 1500 1341 sed
1527 1296 1703 1341 iubebit
1733 1311 1838 1342 eum

201 1381 460 1431 expectare,
486 1383 532 1419 et
555 1376 720 1420 referat
742 1376 798 1419 de
820 1389 874 1418 ea
894 1390 943 1419 re
964 1376 1021 1418 ad
1043 1375 1341 1431 praefectum,
1367 1374 1445 1430 qui
1466 1374 1503 1417 si
1525 1375 1695 1416 habeat
1715 1374 1838 1417 diffi-

191 1450 417 1503 cultatem
439 1451 655 1507 aliquam,
680 1467 772 1495 non
801 1451 994 1508 accipiat
1029 1458 1272 1508 antequam
1294 1466 1389 1496 rem
1416 1458 1617 1507 exponat
1646 1451 1830 1503 rectori,

202 1533 250 1570 et
270 1527 328 1570 ab
348 1542 404 1571 eo
426 1529 687 1572 facultatem
712 1528 923 1585 accipiat.

289 1604 551 1648 Constituat
567 1605 860 1661 prouincialis
881 1619 972 1661 quo
992 1605 1149 1650 ordine
1170 1605 1261 1649 sint
1283 1604 1477 1649 uocandi
1501 1606 1558 1648 ad
1580 1605 1833 1648 confessio-

201 1693 284 1724 nes
303 1681 553 1726 audiendas
570 1682 851 1726 confessarii.

290 1757 546 1814 Diligenter
583 1767 714 1803 curet
745 1759 1052 1816 prouincialis,
1082 1767 1134 1802 ut
1169 1759 1433 1804 confessarii
1468 1767 1730 1803 nostrorum
1764 1759 1833 1802 in-

184 1841 457 1902 struantur,
489 1826 579 1878 non
612 1836 759 1879 solum
790 1836 836 1879 in
864 1851 1035 1893 genere
1070 1837 1127 1879 de
1154 1838 1356 1894 perfecta
1381 1837 1560 1882 ratione
1587 1837 1829 1881 exercendi

200 1907 335 1955 suum
357 1926 541 1964 munus,
566 1913 647 1957 sed
672 1913 1005 1970 particulariter
1024 1914 1159 1958 etiam
1175 1915 1234 1958 de
1250 1914 1535 1971 singulorum
1552 1914 1828 1966 defectibus,

196 1995 246 2032 et
266 1987 441 2033 idoneis
463 1989 674 2033 remediis
696 1991 1044 2044 admoneantur,
1068 1999 1113 2035 et
1136 1980 1247 2035 illud
1265 2006 1323 2034 ne
1338 1991 1518 2034 omittat
1540 1991 1628 2034 illis
1649 1990 1829 2047 signifi-

141 2081 147 2087 ·
193 2077 316 2118 care,
341 2072 392 2108 ut
412 2074 678 2110 assuescant
700 2081 860 2111 omnes
881 2067 1215 2124 particulariter
1235 2067 1281 2111 in
1303 2068 1557 2120 indiuiduo,
1583 2076 1628 2112 et
1656 2084 1712 2112 ex
1742 2083 1826 2111 nu-

192 2157 317 2188 mero
339 2150 650 2198 peccatorum,
679 2146 829 2199 quoad
850 2144 950 2189 eius
970 2146 1068 2190 fieri
1091 2145 1270 2202 poterit,
1294 2145 1518 2198 confiteri;
1545 2153 1590 2190 et
1613 2145 1650 2188 si
1673 2145 1719 2188 id
1736 2160 1828 2188 non

191 2218 383 2276 possint,
403 2226 454 2262 ut
470 2221 630 2264 saltem
650 2221 951 2276 frequentiam
967 2223 1137 2275 dicant,
1156 2230 1203 2266 et
1219 2222 1458 2266 definitum
1477 2231 1675 2279 tempus.
1698 2224 1827 2267 Haec

194 2297 561 2340 obseruabuntur
582 2297 720 2341 etiarn
746 2297 793 2341 in
814 2299 1030 2352 externis,
1055 2301 1204 2356 quoad
1226 2300 1322 2344 fieri
1345 2300 1526 2356 poterit.

282 2375 415 2418 Esset
437 2374 563 2427 utile,
588 2374 627 2418 si
652 2375 945 2431 prouincialis
965 2377 1224 2422 institueret
1245 2378 1411 2421 librum
1432 2378 1649 2429 scribere,
1672 2377 1718 2419 in
1736 2391 1827 2432 quo

190 2450 470 2496 describeret
510 2451 797 2509 singulorum
841 2439 1139 2511 collegiorum
1181 2442 1495 2506 fundationes,
1541 2454 1822 2505 dotationes,

194 2527 513 2584 obligationes,
540 2544 632 2573 uno
654 2531 772 2583 loco;
798 2538 844 2575 et
871 2531 1066 2588 singulis
1091 2532 1452 2583 fundationibus,
1478 2540 1587 2583 etc.,
1617 2539 1722 2586 post
1745 2531 1827 2572 ali-

195 2611 307 2660 quot
333 2604 541 2661 paginas,
572 2606 819 2662 subjiceret
840 2609 1101 2664 catalogum
1131 2609 1331 2651 omniurn
1357 2611 1543 2652 Patrum
1569 2615 1613 2652 et
1637 2609 1825 2649 fratrum

192 2681 479 2738 singulorum
502 2683 819 2740 collegiorum,
843 2685 889 2727 in
913 2700 1004 2742 quo
1026 2686 1235 2742 catalogo
1257 2701 1311 2730 ea
1334 2685 1483 2728 omnia
1507 2683 1824 2727 describeren-

192 2763 284 2813 tur,
308 2774 425 2816 quae
445 2761 503 2803 ad
521 2761 832 2817 cognitionem
854 2763 1039 2806 Patrum
1056 2771 1103 2806 et
1120 2764 1307 2806 fratrum
1328 2764 1544 2813 facerent,
1565 2775 1650 2803 nec
1672 2768 1825 2804 essent

193 2843 387 2890 secreta,
412 2844 500 2881 etc.
535 2881 538 2883 Α

281 2914 553 2957 Consultum
576 2914 755 2958 uidetur
787 2923 837 2958 ut
864 2916 1155 2972 prouincialis
1182 2916 1245 2960 ita
1271 2916 1512 2959 distribuat
1540 2929 1645 2957 suas
1670 2912 1823 2956 uisita-

189 2987 361 3040 tiones,
394 2996 443 3032 ut
471 3004 575 3032 cum
604 2990 799 3046 primurn
827 2992 1084 3036 discesserit
1114 2995 1166 3036 P.
1198 2993 1395 3042 Natalis,
1432 2991 1618 3047 incipiat
1644 2990 1822 3032 discur-

190 3078 291 3108 rere
311 3079 395 3121 per
415 3078 444 3119 4
465 3065 551 3109 ista
573 3067 781 3124 collegia,
808 3076 857 3111 ut
879 3083 998 3124 quae
1019 3069 1254 3113 constituit
1279 3072 1330 3113 P.
1357 3068 1531 3112 Natalis
1552 3074 1820 3122 exequatur,
