2098 3470
338 318 384 355 74
880 357 886 370 x
914 310 1094 347 Nori-ru.
1120 319 1311 348 comeum

291 411 388 450 Des.
406 412 472 450 fol.
495 412 598 449 186r:
619 429 677 450 «...
698 423 745 450 ac
762 412 994 450 meminisse
1009 412 1251 461 oportebit.»
1270 413 1374 450 Dein
1391 413 1486 451 ibid.
1503 414 1567 452 hie
1583 414 1722 452 titulus
1738 415 1923 454 habetur:

296 483 382 520 ‹Ad
411 483 591 521 officium
618 483 860 521 consultoris
887 483 1089 522 addantur
1114 485 1253 522 haee.»
1276 485 1358 522 Ine.
1391 485 1468 522 «Vt
1493 486 1748 523 consultores
1773 498 1921 537 magna

290 555 551 592 obseruantia
576 559 733 592 secreta
758 560 987 593 teneant...»
1010 555 1106 594 Des.
1128 571 1188 593 ....
1213 555 1337 593 habet
1363 555 1658 594 admonitorem
1681 557 1917 607 generalis.»

292 626 463 663 Diversa
483 638 605 663 manu
626 627 728 663 haec
749 627 898 675 scripta
918 631 1022 664 sunt.
1045 627 1118 664 Est
1137 632 1271 664 autern
1293 627 1490 675 scriptura
1510 628 1693 665 eiusdem
1712 629 1921 678 temporis.

369 696 456 734 Fol.
483 697 716 746 187v-190r,
737 696 938 734 habentur
955 697 1244 746 responsiones
1265 697 1481 745 quaedam,
1497 710 1520 735 a
1542 698 1582 735 P.
1603 699 1735 736 Natali
1757 698 1924 737 Conim-

289 767 425 804 brieae
444 779 553 805 anno
579 768 674 814 1561
698 767 832 814 datae,
852 767 928 805 sub
948 769 1026 806 hoe
1046 768 1174 806 titulo:
1199 769 1473 816 «Respuestas
1494 769 1559 806 del
1581 769 1622 806 P.
1644 770 1762 808 Mtro.
1790 770 1922 808 Nadal

291 850 342 876 en
364 838 594 876 Coimbra.»
612 837 759 876 Manus'
780 839 868 886 alia,
884 839 957 876 sed
978 839 1163 888 ejusdem
1182 840 1387 887 temporis.
1406 840 1567 877 Praeter
1582 840 1728 878 librarii
1743 853 1922 888 manum,

288 910 412 948 altera
427 910 629 948 interdum
643 915 824 958 apparet,
840 922 945 958 quae
961 910 1165 948 nonnullis
1180 910 1517 958 responsionibus
1533 911 1634 948 inter
1649 912 1760 959 ipsos
1780 923 1929 950 versus-

286 981 445 1018 addidit
458 982 809 1031 interrogationes,
823 981 971 1029 quibus
987 981 1076 1018 illae
1091 981 1354 1030 respondent.
1371 981 1543 1029 Aliquae
1560 994 1620 1020 ex.
1630 983 1742 1019 hisee
1755 993 1926 1032 respon-

289 1053 471 1090 sionibus
491 1053 746 1101 reperiuntur
764 1053 804 1090 in
824 1053 1088 1090 instructione
1116 1053 1204 1089 «De
1224 1053 1399 1099 noustiis,
1419 1054 1465 1090 iis
1487 1054 1736 1101 praesertim,
1756 1054 1826 1101 qui
1853 1054 1925 1091 ha-

287 1124 419 1161 bitant
449 1124 489 1161 in
515 1124 696 1174 collegiis
721 1124 787 1161 uel
811 1124 1002 1161 domibus
1029 1123 1348 1172 professorum.»„
1379 1123 1472 1161 Cod.
1512 1123 1633 1162 Vatic.
1649 1133 1680 1172 3
1706 1129 1746 1161 et
1775 1131 1809 1174 7.
1840 1125 1924 1165 Ine.

290 1195 494 1232 «Esteuan
514 1195 631 1233 Leon
652 1195 819 1243 quando
840 1207 894 1232 no
914 1196 1084 1244 haga...»
1102 1195 1147 1232 In
1167 1195 1348 1244 margine
1368 1195 1444 1232 alia
1460 1207 1594 1232 manu:
1617 1201 1806 1233 «cessata
1826 1195 1923 1234 Des.

295 1284 353 1305 «κ...
376 1271 523 1304 cuenta
543 1267 595 1304 de
617 1279 665 1304 su
686 1268 956 1304 conciencia.»

369 1338 456 1376 Fol.
502 1348 744 1384 190v—192r‚
783 1342 846 1375 est
878 1342 1178 1386 transumptum
1216 1338 1389 1387 catalogi
1433 1349 1601 1375 casuum
1621 1342 1920 1375 reservatorum

288 1410 330 1447 P.
352 1410 494 1456 Lainii,
515 1410 651 1459 lingua
670 1410 793 1446 latina
813 1414 1038 1455 exaratum,
1060 1420 1152 1446 eum
1173 1409 1446 1446 declaratione
1471 1410 1512 1447 P.
1539 1409 1692 1446 Natalis
1712 1409 1928 1457 hispanico*

289 1493 488 1518 sermone.
510 1481 681 1518 Titulus:
708 1480 875 1527 «Casus,
889 1483 1070 1528 'quorum
1090 1480 1292 1518 absolutio
1322 1485 1528 1518 reseruata
1550 1485 1612 1517 est
1633 1480 1827 1528 superiori
1847 1480 1923 1517 do-

287 1565 378 1590 mus
397 1553 462 1589 vel
482 1553 654 1602 collegii;
689 1557 729 1589 et
747 1552 799 1589 ab
834 1552 911 1590 alio
945 1552 1021 1589 nisi
1042 1552 1094 1589 de
1127 1553 1214 1589 eius
1247 1563 1444 1601 expressa
1477 1553 1638 1590 licentia
1671 1551 1830 1589 absolui
1851 1563 1924 1589 ne·

288 1630 475 1672 queant.»
501 1625 584 1662 Ine.
615 1624 822 1672 «Quaeuis
849 1628 1020 1672 peecata
1045 1623 1288 1661 mortalia...»
1314 1623 1412 1681 Des.
1438 1641 1496 1662 ε...
1519 1635 1592 1660 sua
1610 1628 1780 1671 peecata
1799 1623 1925 1660 mani·

290 1696 556 1734 nifestaturi.»
953 1747 957 1750 Δ
1887 1700 1890 1702 ’

367 1767 454 1804 Fol.
482 1777 586 1813 191r,
611 1766 877 1806 «Resolution
897 1766 950 1803 de
965 1771 1131 1804 nuestro
1152 1766 1195 1804 P.
1215 1766 1345 1804 Nadal
1366 1777 1484 1803 cerea
1503 1765 1556 1802 de
1575 1765 1637 1802 los
1659 1776 1777 1802 casos
1795 1775 1926 1802 reser-

291 1839 435 1886 uades,
455 1839 587 1876 hecha
608 1850 659 1875 en
675 1838 823 1884 Euora‚
844 1838 939 1880 5126
959 1837 1011 1874 de
1031 1837 1258 1891 Setiembre
1284 1838 1421 1884 1561.»
1450 1837 1534 1875 Ine.
1563 1836 1650 1874 «En
1677 1841 1787 1874 estos
1806 1846 1929 1874 casos

289 1910 533 1948 reseruados
548 1921 593 1946 se
609 1910 660 1946 ha
676 1909 728 1946 de
743 1909 986 1946 aduertit...»
1003 1908 1101 1947 Des.
1117 1909 1184 1947 fol.
1211 1919 1295 1955 192:
1314 1925 1376 1947 ....
1398 1919 1495 1957 para
1509 1919 1590 1955 que
1605 1907 1642 1944 le
1653 1906 1706 1944 de'
1721 1911 1810 1944 otro
1825 1918 1924 1944 eon-

289 1982 436 2020 fesor.»
458 1981 582 2019 Aliud
602 1985 902 2028 transumptum
923 1980 1050 2017 habes
1070 1981 1110 2017 in
1135 1979 1227 2018 Cod.
1266 1979 1386 2018 Vatic.
1414 1987 1447 2030 7,
1475 1991 1596 2029 pagg.
1618 1989 1640 2016 2
1647 1986 1808 2028 54-270,
1829 1989 1923 2016 cum

288 2054 564 2091 declaratione
597 2053 723 2090 Patris
743 2052 911 2098 Natalis,
944 2051 1071 2089 latine
1099 2052 1261 2100 scripta,
1290 2063 1396 2100 quae
1430 2050 1634 2099 Compluti
1661 2050 1756 2087 data
1775 2054 1851 2096 est,
1873 2049 1930 2087 26

273 2125 408 2163 Febr.
435 2125 547 2171 1561.

367 2195 454 2234 Fol.
476 2194 718 2241 192v-198v,
737 2194 958 2231 «Extracto
975 2194 1013 2230 d’
1031 2193 1214 2242 algumas
1234 2197 1440 2241 respostas
1456 2203 1536 2240 que
1552 2204 1577 2229 o
1593 2192 1635 2229 P.
1651 2191 1782 2229 Nadal
1797 2190 1879 2228 deu
1897 2202 1922 2228 a

288 2267 470 2317 algumas
486 2271 708 2316 perguntas
723 2276 804 2313 que
820 2277 845 2302 o
861 2265 901 2302 P.
918 2264 1103 2320 Gonealo
1118 2264 1203 2301 Vaz
1217 2264 1284 2301 lhe
1299 2263 1360 2300 sez
1376 2275 1441 2300 em
1460 2262 1636 2308 Lixboa,
1652 2274 1760 2301 anno
1781 2262 1923 2308 1561.»

285 2338 371 2376 Sub
392 2339 471 2375 hoe
485 2338 602 2375 titulo
619 2341 844 2384 sequuntur
862 2343 911 2382 59
927 2336 1181 2385 paragraphi,
1197 2335 1374 2372 numeris
1391 2334 1585 2384 signatae,
1601 2338 1642 2371 et
1654 2333 1707 2370 ab
1719 2333 1797 2370 alio
1812 2344 1920 2370 ama-

286 2410 431 2447 nuensi
452 2414 655 2446 exaratae.
676 2408 902 2456 Hispanico
936 2417 1123 2454 sermone
1141 2411 1228 2443 tota
1259 2407 1361 2443 haec
1395 2405 1619 2456 instructio,
1646 2409 1806 2453 praeter
1824 2405 1920 2442 titu-

284 2481 380 2528 lum,
401 2472 548 2529 scripta
568 2480 654 2517 fuit.
675 2479 802 2516 Multa
822 2479 886 2516 hie
906 2479 1160 2526 reperiuntur
1179 2489 1234 2515 ex
1259 2476 1602 2522 instructionibus,
1630 2487 1735 2524 quae
1755 2476 1796 2514 in
1821 2474 1918 2513 Cod.

297 2553 418 2591 Vatic.
433 2561 464 2600 3
483 2556 522 2589 et
543 2558 567 2602 7
584 2550 796 2588 habentur.
817 2548 978 2586 Nullam
997 2554 1133 2586 autem
1151 2549 1234 2585 vim
1254 2547 1462 2597 obligandi
1482 2548 1724 2584 remansisse
1741 2533 1922 2594 antiquis

285 2624 447 2674 regulis,
467 2623 652 2671 exeeptis
672 2622 731 2668 iis,
751 2632 857 2668 quae
878 2621 917 2657 in
937 2632 1044 2657 nova
1065 2619 1242 2657 editione
1263 2623 1612 2664 conservarentur,
1633 2623 1744 2666 patet
1763 2629 1818 2654 ex
1838 2617 1923 2655 Na-

286 2696 376 2733 talis
395 2694 682 2739 declaratione,
702 2692 771 2731 fol.
811 2699 924 2738 195v‚
945 2703 983 2729 n.
1019 2701 1081 2740 27,
1114 2690 1259 2739 posita,
1293 2689 1362 2727 ubi
1384 2690 1486 2726 haee
1512 2690 1660 2737 scripta
1682 2694 1786 2726 sunt:
1811 2688 1923 2727 «Las

285 2767 419 2817 reglas
437 2767 654 2814 impressas
686 2777 712 2813 y
731 2763 891 2801 ultimas
925 2774 1004 2810 que
1038 2762 1232 2799 uenieron
1253 2761 1305 2798 de
1326 2761 1469 2807 Roma,
1503 2772 1582 2798 con
1602 2760 1639 2797 la
1665 2760 1919 2797 moderation

286 2839 352 2875 del
373 2838 414 2875 P.
435 2837 580 2883 Nadal,
601 2848 645 2873 se
669 2834 896 2886 guardaran
915 2846 942 2882 y
961 2834 1020 2870 las
1041 2838 1150 2870 otras
1171 2831 1338 2869 siruiran
1372 2832 1424 2868 de
1444 2832 1594 2877 auisos‚
1614 2831 1675 2868 sin
1697 2830 1919 2880 obligation

286 2921 364 2947 eon
381 2910 503 2957 juizio
524 2908 589 2945 del
622 2907 806 2956 superior
838 2905 870 2943 si
890 2905 928 2942 le
956 2905 1174 2953 parecier.»
1205 2903 1320 2940 Folia
1345 2904 1466 2951 hujus
1493 2903 1739 2948 documenti,
1767 2914 1822 2939 ex
1842 2901 1919 2939 fre-

286 2981 426 3028 quenti
446 2992 523 3017 usu
553 2980 685 3017 attrita
704 2983 746 3015 et
763 2961 977 3022 maculata,
992 2975 1229 3024 praesertim
1248 2976 1288 3012 in
1309 2974 1484 3011 inferiori
1504 2979 1630 3022 parte,
1651 2974 1918 3022 reperiuntur.

287 3052 407 3090 Unde
428 3053 506 3088 hoe
541 3050 734 3099 exemplo
767 3061 865 3087 usos
899 3049 1023 3085 fuisse
1056 3047 1335 3084 moderatores
1362 3045 1555 3094 suspicari
1576 3045 1679 3083 lieet.
1702 3045 1786 3085 Ine.
1813 3044 1925 3082 «Las-

263 3162 273 3165 ,
287 3128 418 3160 cartas
439 3134 518 3170 que
539 3123 786 3159 uinieren...»
807 3120 904 3158 Des.
932 3137 989 3157 z...
1011 3123 1126 3156 antes
1142 3118 1194 3155 de
1214 3118 1251 3154 la
1277 3117 1328 3156 15²
1348 3117 1506 3154 missa.»
