2098 3470
271 292 340 329 472
743 285 898 323 PATms
924 286 1167 323 HmnonYm
1193 285 1345 322 NADAL

222 385 430 440 >bitando‚
455 386 538 429 sed
557 385 679 430 illam
702 387 1012 431 confirmando
1034 394 1078 432 et
1100 387 1361 443 quaerendo
1390 387 1509 432 vnde
1536 387 1656 431 illam
1688 388 1859 432 confir-

227 468 352 505 ment
373 463 532 519 magis.

314 538 699 585 Animaduertant
719 548 946 594 accurate,
978 553 1094 596 quae
1122 539 1208 583 illis
1236 547 1562 596 proponentur,
1594 540 1856 598 diplomata,

227 615 426 672 regulas,
457 617 682 671 examina,
708 625 756 661 vt
784 617 889 662 inde
917 618 1063 660 lucem
1093 615 1311 661 maiorem
1339 616 1558 674 colligant
1579 632 1691 662 suae
1720 631 1859 662 voca·

224 691 375 745 tionis,
401 700 446 736 et
468 692 588 737 illius
611 694 772 738 seriam
795 693 1202 738 confirmationem.

314 769 511 813 Omnem
534 771 771 816 veritatem
792 779 977 815 seruent
998 770 1045 812 in
1067 769 1437 826 responsionibus
1459 771 1516 814 ad
1538 785 1695 815 omnes
1718 771 1856 815 inter-

227 845 507 903 rogationes,
539 854 585 892 et
613 847 870 905 intelligant
900 847 1009 890 illud
1039 846 1322 890 mendacium
1352 847 1446 891 fore
1467 847 1787 904 perniciosum,
1819 848 1858 892 si

229 936 337 966 vere
360 938 454 966 non
476 926 792 981 respondeant.

314 999 439 1043 Nihil
461 1007 613 1046 tamen
642 1001 866 1045 retineant
897 1000 1038 1053 dubii,
1072 1000 1193 1056 quod
1221 1015 1314 1044 non
1343 1008 1596 1057 proponant
1623 1001 1859 1046 examina-

227 1076 312 1120 tori
333 1076 693 1122 dissoluendum.
1683 1086 1687 1092 '
1712 1130 1714 1133 ,

313 1155 383 1198 Ne
405 1154 495 1198 sint
523 1155 679 1208 ociosi,
711 1163 757 1201 et
788 1156 826 1199 si
858 1170 948 1198 non
982 1156 1165 1208 habent,
1201 1169 1290 1211 qua
1320 1155 1367 1198 in
1399 1170 1446 1199 re
1478 1162 1774 1212 occupentur,
1810 1155 1858 1199 id

224 1238 382 1288 petant
404 1232 460 1276 ab
482 1232 804 1277 examinatore.

311 1308 360 1354 Si
383 1323 472 1366 qua
495 1309 685 1354 tentatio
707 1309 794 1352 illis
820 1309 1010 1361 accidat,
1042 1309 1079 1351 si
1109 1323 1199 1364 quo
1227 1309 1379 1352 taedio
1410 1309 1683 1364 afficiantur,
1718 1309 1764 1354 id
1796 1310 1856 1354 si—

224 1384 390 1429 militer
411 1385 689 1443 significent,
716 1394 763 1428 vt
784 1386 1014 1430 iuuentur.
1291 1387 1294 1394 '

311 1467 381 1508 291
406 1463 640 1506 Parabunt
668 1477 717 1506 se
740 1463 982 1520 diligenter
1009 1463 1066 1506 ad
1092 1463 1258 1507 deuote
1279 1463 1584 1519 peragendam
1607 1463 1858 1507 consessio-

221 1553 325 1584 nem
349 1540 625 1596 generalem,
650 1540 727 1583 vbi
749 1540 836 1583 illis
858 1539 1200 1597 significabitur.

312 1616 531 1662 Animum
555 1623 601 1661 et
624 1630 703 1660 cor
724 1617 915 1660 induant
937 1617 1077 1673 pium,
1103 1623 1309 1673 apertum
1326 1631 1379 1660 ac
1395 1623 1654 1674 promptum
1671 1617 1730 1661 ad
1746 1631 1857 1674 gra-

223 1693 330 1738 tiam
353 1693 622 1747 vocationis,
650 1693 781 1737 cuius
808 1694 985 1736 initium
1013 1700 1303 1750 acceperunt,
1334 1694 1690 1738 confirmandam
1720 1701 1858 1750 atque

221 1771 515 1826 sequendam;
542 1772 665 1826 quod
693 1778 741 1814 vt
771 1770 948 1814 facilius
980 1771 1054 1823 sit,
1089 1771 1231 1814 seculi
1263 1770 1402 1814 totius
1434 1770 1712 1816 obliuionem
1746 1785 1858 1815 con·

221 1854 395 1892 stanter
417 1848 569 1891 animo
591 1847 866 1905 imprimant,
892 1856 936 1891 et
959 1862 1159 1892 amorem
1183 1846 1402 1903 sequendi
1424 1847 1658 1891 Christum
1681 1847 1727 1891 in
1745 1862 1857 1904 pau·

220 1931 414 1980 pertate,
439 1924 665 1978 castitate,
692 1932 738 1970 et
755 1924 1027 1977 obedientia,
1049 1924 1126 1980 qui
1142 1932 1212 1968 est
1228 1932 1375 1968 status
1390 1923 1680 1980 perfectionis
1697 1924 1858 1981 acqui-

218 2003 402 2055 rendae,
428 2002 527 2047 eius
548 2003 705 2046 diuino
727 2002 931 2054 consilio,
954 2002 1211 2046 hortatione
1233 2009 1279 2046 et
1301 2002 1466 2058 gratia.

218 2135 368 2166 INDEX
392 2134 878 2173 INTERROGATIONUM,
905 2135 1032 2165 VNDE
1054 2135 1222 2166 IUUARI
1248 2135 1506 2165 POTERUNT
1529 2135 1705 2165 NOSTRI
1734 2135 1852 2166 CON-

306 2212 526 2242 FESSARII
561 2211 758 2250 QUANDO
795 2211 1011 2242 AUDIUNT
1051 2202 1412 2248 CONFESS‘IONES
1451 2211 1736 2242 GENERALES
1770 2211 1850 2242 PA-

307 2289 441 2319 TRUM
465 2289 526 2319 ET
548 2288 794 2326 FRATRUM,
820 2288 998 2326 QUIBUS
1023 2288 1176 2319 SOLET
1206 2288 1353 2319 RATIO
1382 2288 1533 2319 ETIAM
1561 2287 1852 2318 APERTIONIS

306 2365 663 2396 CONSCIENTIAE
685 2365 842 2395 ACCIPI

307 2464 441 2508 Prius
469 2463 710 2508 videantur
738 2470 783 2508 et
812 2477 1076 2507 communes
1105 2471 1152 2506 et
1179 2470 1386 2508 secretae
1412 2462 1730 2519 responsiones
1759 2462 1854 2508 sin—

216 2542 447 2598 gulorum,
473 2548 521 2584 vt
542 2540 719 2598 possint
740 2540 788 2583 in
811 2540 1096 2584 confessione
1118 2539 1350 2583 admoneri
1373 2539 1674 2592 commodius,
1694 2539 1732 2583 si
1750 2540 1853 2595 qui-

215 2619 319 2664 dem
342 2619 454 2662 fiant
477 2616 789 2662 confessiones
811 2616 856 2658 in
879 2616 1154 2661 visitatione.

304 2700 387 2741 292
420 2694 653 2750 Quamdiu
676 2700 745 2738 est
766 2694 889 2749 quod
910 2694 1146 2736 confessus
1169 2701 1238 2737 est
1261 2692 1550 2749 generaliter.

302 2773 454 2828 Quam
476 2770 815 2814 inclinationem
839 2770 1018 2821 malam,
1043 2770 1116 2814 vel
1138 2783 1251 2825 quas
1274 2769 1319 2812 in
1342 2783 1391 2813 se
1419 2768 1601 2823 sentiat,
1634 2769 1708 2813 vel
1724 2756 1852 2825 'quos

214 2848 398 2893 habitus
421 2849 579 2891 malos.

303 2927 378 2970 An
400 2924 611 2969 habuerit
631 2922 954 2967 conscientiam
979 2924 1049 2967 vel
1073 2937 1321 2966 remorsum
1344 2922 1652 2967 conscientiae
1668 2923 1726 2967 de
1747 2936 1852 2978 pec-

212 3010 315 3047 cato
345 3001 537 3054 mortali,
570 3007 810 3057 postquam
839 3000 1076 3044 confessus
1104 3006 1173 3043 est
1202 2998 1491 3056 generaliter,
1524 3006 1570 3043 et
1597 2999 1656 3044 de
1684 3012 1776 3055 quo
1805 3005 1852 3042 et

211 3094 304 3136 quo
325 3087 476 3136 pacto.
644 3089 671 3104 ⁶
