<?xml version="1.0" encoding="UTF-8"?>
<!DOCTYPE html PUBLIC "-//W3C//DTD XHTML 1.0 Transitional//EN"
    "http://www.w3.org/TR/xhtml1/DTD/xhtml1-transitional.dtd">
<html xmlns="http://www.w3.org/1999/xhtml" xml:lang="en" lang="en">
 <head>
  <title>
</title>
<meta http-equiv="Content-Type" content="text/html;charset=utf-8" />
  <meta name='ocr-system' content='tesseract 3.04.00' />
  <meta name='ocr-capabilities' content='ocr_page ocr_carea ocr_par ocr_line ocrx_word'/>
</head>
<body>
  <div class='ocr_page' id='page_1' title='image "./epistolaephieron04nadauoft_0640.png"; bbox 0 0 2098 3470; ppageno 0'>
   <div class='ocr_carea' id='block_1_1' title="bbox 312 193 1383 239">
    <p class='ocr_par' dir='ltr' id='par_1_1' title="bbox 312 193 1383 239">
     <span class='ocr_line' id='line_1_1' title="bbox 312 193 1383 239; baseline 0.007 -11"><span class='ocrx_word' id='word_1_1' title='bbox 312 193 382 239; x_wconf 85' lang='lat'>614</span> <span class='ocrx_word' id='word_1_2' title='bbox 782 196 937 234; x_wconf 60' lang='lat' dir='ltr'>Parius</span> <span class='ocrx_word' id='word_1_3' title='bbox 963 198 1205 235; x_wconf 75' lang='lat' dir='ltr'>HmRoNYffl</span> <span class='ocrx_word' id='word_1_4' title='bbox 1231 199 1383 235; x_wconf 83' lang='lat' dir='ltr'>NADAL</span> 
     </span>
    </p>
   </div>
   <div class='ocr_carea' id='block_1_2' title="bbox 266 294 1901 1124">
    <p class='ocr_par' dir='ltr' id='par_1_2' title="bbox 266 294 1895 416">
     <span class='ocr_line' id='line_1_2' title="bbox 267 294 1895 358; baseline 0.006 -21"><span class='ocrx_word' id='word_1_5' title='bbox 267 309 354 348; x_wconf 90' lang='lat' dir='ltr'>res;</span> <span class='ocrx_word' id='word_1_6' title='bbox 379 294 584 351; x_wconf 81' lang='lat' dir='ltr'>superior</span> <span class='ocrx_word' id='word_1_7' title='bbox 605 297 725 342; x_wconf 89' lang='lat' dir='ltr'>enim</span> <span class='ocrx_word' id='word_1_8' title='bbox 747 312 837 341; x_wconf 90' lang='lat' dir='ltr'>non</span> <span class='ocrx_word' id='word_1_9' title='bbox 859 299 994 343; x_wconf 89' lang='lat' dir='ltr'>debet</span> <span class='ocrx_word' id='word_1_10' title='bbox 1016 298 1117 342; x_wconf 93' lang='lat' dir='ltr'>illos</span> <span class='ocrx_word' id='word_1_11' title='bbox 1139 299 1182 341; x_wconf 92' lang='lat' dir='ltr'>in</span> <span class='ocrx_word' id='word_1_12' title='bbox 1207 314 1262 342; x_wconf 86' lang='lat' dir='ltr'>eo</span> <span class='ocrx_word' id='word_1_13' title='bbox 1283 299 1519 356; x_wconf 85' lang='lat' dir='ltr'>impedire,</span> <span class='ocrx_word' id='word_1_14' title='bbox 1544 301 1590 345; x_wconf 91' lang='lat' dir='ltr'>in</span> <span class='ocrx_word' id='word_1_15' title='bbox 1613 303 1704 358; x_wconf 83' lang='lat' dir='ltr'>quo</span> <span class='ocrx_word' id='word_1_16' title='bbox 1725 305 1895 347; x_wconf 88' lang='lat' dir='ltr'>habent</span> 
     </span>
     <span class='ocr_line' id='line_1_3' title="bbox 266 364 539 416; baseline 0.007 -3"><span class='ocrx_word' id='word_1_17' title='bbox 266 364 539 416; x_wconf 71' lang='lat' dir='ltr'>libertatem.</span> 
     </span>
    </p>

    <p class='ocr_par' dir='ltr' id='par_1_3' title="bbox 267 449 1901 1124">
     <span class='ocr_line' id='line_1_4' title="bbox 355 449 1898 514; baseline 0.003 -19"><span class='ocrx_word' id='word_1_18' title='bbox 355 452 436 495; x_wconf 82' lang='lat'>657</span> <span class='ocrx_word' id='word_1_19' title='bbox 465 449 597 493; x_wconf 88' lang='lat' dir='ltr'>Multi</span> <span class='ocrx_word' id='word_1_20' title='bbox 625 451 879 507; x_wconf 87' lang='lat' dir='ltr'>superiores</span> <span class='ocrx_word' id='word_1_21' title='bbox 917 453 1197 496; x_wconf 88' lang='lat' dir='ltr'>subordinati</span> <span class='ocrx_word' id='word_1_22' title='bbox 1232 468 1321 496; x_wconf 90' lang='lat' dir='ltr'>non</span> <span class='ocrx_word' id='word_1_23' title='bbox 1355 454 1605 514; x_wconf 88' lang='lat' dir='ltr'>impediunt</span> <span class='ocrx_word' id='word_1_24' title='bbox 1636 458 1717 500; x_wconf 87' lang='lat' dir='ltr'>sed</span> <span class='ocrx_word' id='word_1_25' title='bbox 1745 457 1898 513; x_wconf 83' lang='lat' dir='ltr'>potius</span> 
     </span>
     <span class='ocr_line' id='line_1_5' title="bbox 267 525 1899 587; baseline 0.006 -20"><span class='ocrx_word' id='word_1_26' title='bbox 267 525 428 569; x_wconf 90' lang='lat' dir='ltr'>iuuant</span> <span class='ocrx_word' id='word_1_27' title='bbox 449 526 843 582; x_wconf 83' lang='lat' dir='ltr'>gubernationem,</span> <span class='ocrx_word' id='word_1_28' title='bbox 868 529 1133 585; x_wconf 62' lang='lat' dir='ltr'>et‘quietem</span> <span class='ocrx_word' id='word_1_29' title='bbox 1166 529 1451 574; x_wconf 88' lang='lat' dir='ltr'>subditorum</span> <span class='ocrx_word' id='word_1_30' title='bbox 1485 531 1746 587; x_wconf 88' lang='lat' dir='ltr'>expediunt.</span> <span class='ocrx_word' id='word_1_31' title='bbox 1779 534 1899 578; x_wconf 76' lang='lat' dir='ltr'>Sub-</span> 
     </span>
     <span class='ocr_line' id='line_1_6' title="bbox 270 601 1899 663; baseline 0.006 -19"><span class='ocrx_word' id='word_1_32' title='bbox 270 601 494 646; x_wconf 89' lang='lat' dir='ltr'>ordinatio</span> <span class='ocrx_word' id='word_1_33' title='bbox 530 602 648 646; x_wconf 89' lang='lat' dir='ltr'>enim</span> <span class='ocrx_word' id='word_1_34' title='bbox 689 604 794 648; x_wconf 86' lang='lat' dir='ltr'>facit</span> <span class='ocrx_word' id='word_1_35' title='bbox 830 613 878 648; x_wconf 88' lang='lat' dir='ltr'>vt</span> <span class='ocrx_word' id='word_1_36' title='bbox 915 607 1140 662; x_wconf 79' lang='lat' dir='ltr'><strong>pendeant</strong></span> <span class='ocrx_word' id='word_1_37' title='bbox 1171 606 1340 662; x_wconf 84' lang='lat' dir='ltr'>singuli</span> <span class='ocrx_word' id='word_1_38' title='bbox 1377 622 1403 649; x_wconf 92' lang='lat' dir='ltr'>a</span> <span class='ocrx_word' id='word_1_39' title='bbox 1434 622 1518 651; x_wconf 90' lang='lat' dir='ltr'>suo</span> <span class='ocrx_word' id='word_1_40' title='bbox 1549 608 1820 663; x_wconf 90' lang='lat' dir='ltr'>immediato,</span> <span class='ocrx_word' id='word_1_41' title='bbox 1852 618 1899 654; x_wconf 89' lang='lat' dir='ltr'>et</span> 
     </span>
     <span class='ocr_line' id='line_1_7' title="bbox 269 681 1898 741; baseline 0.005 -19"><span class='ocrx_word' id='word_1_42' title='bbox 269 693 348 735; x_wconf 90' lang='lat' dir='ltr'>per</span> <span class='ocrx_word' id='word_1_43' title='bbox 371 681 493 723; x_wconf 91' lang='lat' dir='ltr'>hunc</span> <span class='ocrx_word' id='word_1_44' title='bbox 515 695 672 724; x_wconf 89' lang='lat' dir='ltr'>omnes</span> <span class='ocrx_word' id='word_1_45' title='bbox 693 697 719 725; x_wconf 92' lang='lat' dir='ltr'>a</span> <span class='ocrx_word' id='word_1_46' title='bbox 741 682 947 726; x_wconf 83' lang='lat' dir='ltr'>mediatis</span> <span class='ocrx_word' id='word_1_47' title='bbox 969 681 1277 738; x_wconf 87' lang='lat' dir='ltr'>superioribus</span> <span class='ocrx_word' id='word_1_48' title='bbox 1301 698 1443 739; x_wconf 90' lang='lat' dir='ltr'>vsque</span> <span class='ocrx_word' id='word_1_49' title='bbox 1466 685 1524 727; x_wconf 92' lang='lat' dir='ltr'>ad</span> <span class='ocrx_word' id='word_1_50' title='bbox 1546 699 1826 741; x_wconf 82' lang='lat' dir='ltr'>supremum3</span> <span class='ocrx_word' id='word_1_51' title='bbox 1853 695 1898 731; x_wconf 90' lang='lat' dir='ltr'>et</span> 
     </span>
     <span class='ocr_line' id='line_1_8' title="bbox 270 756 1897 815; baseline 0.005 -17"><span class='ocrx_word' id='word_1_52' title='bbox 270 756 349 799; x_wconf 89' lang='lat' dir='ltr'>fiat</span> <span class='ocrx_word' id='word_1_53' title='bbox 371 757 594 802; x_wconf 82' lang='lat' dir='ltr'>connexio</span> <span class='ocrx_word' id='word_1_54' title='bbox 615 760 839 814; x_wconf 86' lang='lat' dir='ltr'>quaedam</span> <span class='ocrx_word' id='word_1_55' title='bbox 861 767 905 803; x_wconf 91' lang='lat' dir='ltr'>et</span> <span class='ocrx_word' id='word_1_56' title='bbox 923 761 1072 802; x_wconf 89' lang='lat' dir='ltr'>fluxus</span> <span class='ocrx_word' id='word_1_57' title='bbox 1093 759 1277 815; x_wconf 87' lang='lat' dir='ltr'>spiritus</span> <span class='ocrx_word' id='word_1_58' title='bbox 1295 768 1517 804; x_wconf 83' lang='lat' dir='ltr'>constans.</span> <span class='ocrx_word' id='word_1_59' title='bbox 1542 762 1723 807; x_wconf 87' lang='lat' dir='ltr'>Subditi</span> <span class='ocrx_word' id='word_1_60' title='bbox 1745 772 1897 808; x_wconf 89' lang='lat' dir='ltr'>autem</span> 
     </span>
     <span class='ocr_line' id='line_1_9' title="bbox 274 834 1901 885; baseline 0.006 -10"><span class='ocrx_word' id='word_1_61' title='bbox 274 834 363 876; x_wconf 91' lang='lat' dir='ltr'>hoc</span> <span class='ocrx_word' id='word_1_62' title='bbox 386 835 556 879; x_wconf 91' lang='lat' dir='ltr'>habent</span> <span class='ocrx_word' id='word_1_63' title='bbox 578 835 624 879; x_wconf 92' lang='lat' dir='ltr'>in</span> <span class='ocrx_word' id='word_1_64' title='bbox 642 850 821 879; x_wconf 90' lang='lat' dir='ltr'>omnem</span> <span class='ocrx_word' id='word_1_65' title='bbox 849 843 1064 880; x_wconf 88' lang='lat' dir='ltr'>euentum</span> <span class='ocrx_word' id='word_1_66' title='bbox 1098 837 1322 882; x_wconf 90' lang='lat' dir='ltr'>leuamen.</span> <span class='ocrx_word' id='word_1_67' title='bbox 1360 839 1475 882; x_wconf 91' lang='lat' dir='ltr'>Nam</span> <span class='ocrx_word' id='word_1_68' title='bbox 1507 839 1546 882; x_wconf 89' lang='lat' dir='ltr'>si</span> <span class='ocrx_word' id='word_1_69' title='bbox 1577 855 1632 883; x_wconf 88' lang='lat' dir='ltr'>ex</span> <span class='ocrx_word' id='word_1_70' title='bbox 1665 840 1901 885; x_wconf 88' lang='lat' dir='ltr'>accidente</span> 
     </span>
     <span class='ocr_line' id='line_1_10' title="bbox 273 910 1901 974; baseline 0.005 -22"><span class='ocrx_word' id='word_1_71' title='bbox 273 910 423 966; x_wconf 87' lang='lat' dir='ltr'>aliqua</span> <span class='ocrx_word' id='word_1_72' title='bbox 461 911 714 956; x_wconf 86' lang='lat' dir='ltr'>tentatione</span> <span class='ocrx_word' id='word_1_73' title='bbox 753 913 824 974; x_wconf 66' lang='lat' dir='ltr'>vel</span> <span class='ocrx_word' id='word_1_74' title='bbox 861 912 1222 968; x_wconf 85' lang='lat' dir='ltr'>perturbatione,</span> <span class='ocrx_word' id='word_1_75' title='bbox 1268 915 1341 957; x_wconf 89' lang='lat' dir='ltr'>vel</span> <span class='ocrx_word' id='word_1_76' title='bbox 1379 914 1530 970; x_wconf 91' lang='lat' dir='ltr'>aliqua</span> <span class='ocrx_word' id='word_1_77' title='bbox 1565 915 1728 971; x_wconf 88' lang='lat' dir='ltr'>quauis</span> <span class='ocrx_word' id='word_1_78' title='bbox 1764 931 1901 960; x_wconf 89' lang='lat' dir='ltr'>causa</span> 
     </span>
     <span class='ocr_line' id='line_1_11' title="bbox 274 988 1899 1045; baseline 0.004 -15"><span class='ocrx_word' id='word_1_79' title='bbox 274 988 563 1032; x_wconf 88' lang='lat' dir='ltr'>offendantur</span> <span class='ocrx_word' id='word_1_80' title='bbox 591 989 649 1033; x_wconf 93' lang='lat' dir='ltr'>de</span> <span class='ocrx_word' id='word_1_81' title='bbox 675 989 908 1045; x_wconf 84' lang='lat' dir='ltr'>superiore</span> <span class='ocrx_word' id='word_1_82' title='bbox 938 989 1213 1043; x_wconf 89' lang='lat' dir='ltr'>immediato,</span> <span class='ocrx_word' id='word_1_83' title='bbox 1252 990 1424 1034; x_wconf 88' lang='lat' dir='ltr'>licitum</span> <span class='ocrx_word' id='word_1_84' title='bbox 1462 999 1532 1035; x_wconf 90' lang='lat' dir='ltr'>est</span> <span class='ocrx_word' id='word_1_85' title='bbox 1562 992 1629 1036; x_wconf 90' lang='lat' dir='ltr'>eis</span> <span class='ocrx_word' id='word_1_86' title='bbox 1666 1007 1899 1037; x_wconf 87' lang='lat' dir='ltr'>recurrere</span> 
     </span>
     <span class='ocr_line' id='line_1_12' title="bbox 275 1064 1901 1124; baseline 0.004 -17"><span class='ocrx_word' id='word_1_87' title='bbox 275 1065 332 1107; x_wconf 90' lang='lat' dir='ltr'>ad</span> <span class='ocrx_word' id='word_1_88' title='bbox 354 1064 618 1119; x_wconf 88' lang='lat' dir='ltr'>mediatum,</span> <span class='ocrx_word' id='word_1_89' title='bbox 651 1073 697 1109; x_wconf 92' lang='lat' dir='ltr'>et</span> <span class='ocrx_word' id='word_1_90' title='bbox 724 1066 897 1122; x_wconf 87' lang='lat' dir='ltr'>aperire</span> <span class='ocrx_word' id='word_1_91' title='bbox 924 1066 965 1110; x_wconf 89' lang='lat' dir='ltr'>ei</span> <span class='ocrx_word' id='word_1_92' title='bbox 997 1081 1129 1110; x_wconf 89' lang='lat' dir='ltr'>suum</span> <span class='ocrx_word' id='word_1_93' title='bbox 1157 1067 1374 1121; x_wconf 90' lang='lat' dir='ltr'>animum,</span> <span class='ocrx_word' id='word_1_94' title='bbox 1399 1069 1521 1124; x_wconf 91' lang='lat' dir='ltr'>quod</span> <span class='ocrx_word' id='word_1_95' title='bbox 1554 1085 1643 1113; x_wconf 93' lang='lat' dir='ltr'>non</span> <span class='ocrx_word' id='word_1_96' title='bbox 1677 1071 1822 1113; x_wconf 89' lang='lat' dir='ltr'>solum</span> <span class='ocrx_word' id='word_1_97' title='bbox 1844 1071 1901 1114; x_wconf 84' lang='lat' dir='ltr'>de</span> 
     </span>
    </p>
   </div>
   <div class='ocr_carea' id='block_1_3' title="bbox 211 1141 1902 1265">
    <p class='ocr_par' dir='ltr' id='par_1_4' title="bbox 211 1141 1902 1265">
     <span class='ocr_line' id='line_1_13' title="bbox 211 1141 1902 1203; baseline 0.004 -20"><span class='ocrx_word' id='word_1_98' title='bbox 211 1170 213 1172; x_wconf 95' lang='lat'>-</span> <span class='ocrx_word' id='word_1_99' title='bbox 275 1141 528 1185; x_wconf 88' lang='lat' dir='ltr'>rectoribus</span> <span class='ocrx_word' id='word_1_100' title='bbox 548 1149 594 1186; x_wconf 92' lang='lat' dir='ltr'>et</span> <span class='ocrx_word' id='word_1_101' title='bbox 616 1142 882 1199; x_wconf 89' lang='lat' dir='ltr'>praepositis</span> <span class='ocrx_word' id='word_1_102' title='bbox 903 1143 1121 1187; x_wconf 84' lang='lat' dir='ltr'>localibus</span> <span class='ocrx_word' id='word_1_103' title='bbox 1143 1144 1425 1201; x_wconf 85' lang='lat' dir='ltr'>intelligitur,</span> <span class='ocrx_word' id='word_1_104' title='bbox 1451 1147 1531 1189; x_wconf 88' lang='lat' dir='ltr'>sed</span> <span class='ocrx_word' id='word_1_105' title='bbox 1553 1146 1687 1189; x_wconf 91' lang='lat' dir='ltr'>etiam</span> <span class='ocrx_word' id='word_1_106' title='bbox 1717 1148 1774 1190; x_wconf 93' lang='lat' dir='ltr'>de</span> <span class='ocrx_word' id='word_1_107' title='bbox 1795 1162 1902 1203; x_wconf 85' lang='lat' dir='ltr'>pro-</span> 
     </span>
     <span class='ocr_line' id='line_1_14' title="bbox 276 1217 565 1265; baseline 0.01 -4"><span class='ocrx_word' id='word_1_108' title='bbox 276 1217 565 1265; x_wconf 78' lang='lat' dir='ltr'>uincialibuS.</span> 
     </span>
    </p>
   </div>
   <div class='ocr_carea' id='block_1_4' title="bbox 713 1347 1477 1393">
    <p class='ocr_par' dir='ltr' id='par_1_5' title="bbox 713 1347 1477 1393">
     <span class='ocr_line' id='line_1_15' title="bbox 713 1347 1477 1393; baseline 0.004 -17"><span class='ocrx_word' id='word_1_109' title='bbox 713 1347 783 1393; x_wconf 59' lang='lat' dir='ltr'>DE⁸</span> <span class='ocrx_word' id='word_1_110' title='bbox 809 1347 1175 1377; x_wconf 87' lang='lat' dir='ltr'>APPELLATIONE</span> <span class='ocrx_word' id='word_1_111' title='bbox 1208 1348 1353 1378; x_wconf 89' lang='lat' dir='ltr'>INTER</span> <span class='ocrx_word' id='word_1_112' title='bbox 1386 1349 1477 1379; x_wconf 87' lang='lat' dir='ltr'>NOS</span> 
     </span>
    </p>
   </div>
   <div class='ocr_carea' id='block_1_5' title="bbox 279 1449 1909 2048">
    <p class='ocr_par' dir='ltr' id='par_1_6' title="bbox 279 1449 1909 1739">
     <span class='ocr_line' id='line_1_16' title="bbox 368 1449 1904 1508; baseline 0.002 -14"><span class='ocrx_word' id='word_1_113' title='bbox 368 1449 580 1503; x_wconf 75' lang='lat' dir='ltr'>Nomina,</span> <span class='ocrx_word' id='word_1_114' title='bbox 606 1464 723 1506; x_wconf 89' lang='lat' dir='ltr'>quae</span> <span class='ocrx_word' id='word_1_115' title='bbox 744 1458 1019 1507; x_wconf 89' lang='lat' dir='ltr'>acceperunt</span> <span class='ocrx_word' id='word_1_116' title='bbox 1048 1451 1093 1494; x_wconf 92' lang='lat' dir='ltr'>in</span> <span class='ocrx_word' id='word_1_117' title='bbox 1121 1452 1349 1508; x_wconf 86' lang='lat' dir='ltr'>baptismo</span> <span class='ocrx_word' id='word_1_118' title='bbox 1378 1453 1536 1506; x_wconf 91' lang='lat' dir='ltr'>nostri,</span> <span class='ocrx_word' id='word_1_119' title='bbox 1567 1468 1626 1499; x_wconf 90' lang='lat' dir='ltr'>ne</span> <span class='ocrx_word' id='word_1_120' title='bbox 1654 1462 1904 1508; x_wconf 86' lang='lat' dir='ltr'>mutentur,</span> 
     </span>
     <span class='ocr_line' id='line_1_17' title="bbox 279 1526 1909 1586; baseline 0.004 -17"><span class='ocrx_word' id='word_1_121' title='bbox 279 1526 366 1570; x_wconf 89' lang='lat' dir='ltr'>nisi</span> <span class='ocrx_word' id='word_1_122' title='bbox 382 1526 474 1575; x_wconf 89' lang='lat' dir='ltr'>sint</span> <span class='ocrx_word' id='word_1_123' title='bbox 491 1531 574 1574; x_wconf 80' lang='lat'>658</span> <span class='ocrx_word' id='word_1_124' title='bbox 590 1528 848 1584; x_wconf 80' lang='lat' dir='ltr'>gentilium.</span> <span class='ocrx_word' id='word_1_125' title='bbox 865 1529 1153 1585; x_wconf 82' lang='lat' dir='ltr'>Cognomina</span> <span class='ocrx_word' id='word_1_126' title='bbox 1166 1537 1315 1573; x_wconf 89' lang='lat' dir='ltr'>autem</span> <span class='ocrx_word' id='word_1_127' title='bbox 1336 1531 1518 1586; x_wconf 91' lang='lat' dir='ltr'>quando</span> <span class='ocrx_word' id='word_1_128' title='bbox 1534 1545 1624 1574; x_wconf 90' lang='lat' dir='ltr'>non</span> <span class='ocrx_word' id='word_1_129' title='bbox 1640 1539 1764 1577; x_wconf 89' lang='lat' dir='ltr'>recte</span> <span class='ocrx_word' id='word_1_130' title='bbox 1777 1547 1909 1576; x_wconf 88' lang='lat' dir='ltr'>sona-</span> 
     </span>
     <span class='ocr_line' id='line_1_18' title="bbox 280 1604 1909 1665; baseline 0.003 -18"><span class='ocrx_word' id='word_1_131' title='bbox 280 1611 398 1657; x_wconf 88' lang='lat' dir='ltr'>rent,</span> <span class='ocrx_word' id='word_1_132' title='bbox 423 1604 588 1648; x_wconf 88' lang='lat' dir='ltr'>mutari</span> <span class='ocrx_word' id='word_1_133' title='bbox 609 1613 800 1661; x_wconf 90' lang='lat' dir='ltr'>possunt</span> <span class='ocrx_word' id='word_1_134' title='bbox 822 1605 867 1649; x_wconf 92' lang='lat' dir='ltr'>in</span> <span class='ocrx_word' id='word_1_135' title='bbox 896 1605 997 1658; x_wconf 90' lang='lat' dir='ltr'>alia,</span> <span class='ocrx_word' id='word_1_136' title='bbox 1023 1620 1140 1661; x_wconf 85' lang='lat' dir='ltr'>quae</span> <span class='ocrx_word' id='word_1_137' title='bbox 1161 1617 1313 1651; x_wconf 91' lang='lat' dir='ltr'>essent</span> <span class='ocrx_word' id='word_1_138' title='bbox 1336 1608 1406 1651; x_wconf 85' lang='lat' dir='ltr'>vel</span> <span class='ocrx_word' id='word_1_139' title='bbox 1429 1622 1485 1651; x_wconf 87' lang='lat' dir='ltr'>ex</span> <span class='ocrx_word' id='word_1_140' title='bbox 1515 1615 1644 1664; x_wconf 89' lang='lat' dir='ltr'>parte</span> <span class='ocrx_word' id='word_1_141' title='bbox 1674 1608 1815 1665; x_wconf 87' lang='lat' dir='ltr'>patris</span> <span class='ocrx_word' id='word_1_142' title='bbox 1836 1610 1909 1654; x_wconf 91' lang='lat' dir='ltr'>vel</span> 
     </span>
     <span class='ocr_line' id='line_1_19' title="bbox 283 1682 1131 1739; baseline 0.001 -14"><span class='ocrx_word' id='word_1_143' title='bbox 283 1696 338 1725; x_wconf 85' lang='lat' dir='ltr'>ex</span> <span class='ocrx_word' id='word_1_144' title='bbox 364 1688 567 1726; x_wconf 82' lang='lat' dir='ltr'>materna</span> <span class='ocrx_word' id='word_1_145' title='bbox 589 1682 796 1738; x_wconf 87' lang='lat' dir='ltr'>prosapia</span> <span class='ocrx_word' id='word_1_146' title='bbox 817 1683 1070 1739; x_wconf 89' lang='lat' dir='ltr'>desumpta.</span> <span class='ocrx_word' id='word_1_147' title='bbox 1129 1691 1131 1693; x_wconf 83' lang='lat'>&#39;</span> 
     </span>
    </p>

    <p class='ocr_par' dir='ltr' id='par_1_7' title="bbox 375 1758 1754 1815">
     <span class='ocr_line' id='line_1_20' title="bbox 375 1758 1754 1815; baseline 0.001 -13"><span class='ocrx_word' id='word_1_148' title='bbox 375 1758 485 1802; x_wconf 89' lang='lat' dir='ltr'>Dari</span> <span class='ocrx_word' id='word_1_149' title='bbox 507 1765 658 1815; x_wconf 88' lang='lat' dir='ltr'>potest</span> <span class='ocrx_word' id='word_1_150' title='bbox 679 1774 845 1804; x_wconf 92' lang='lat' dir='ltr'>nomen</span> <span class='ocrx_word' id='word_1_151' title='bbox 869 1759 1156 1804; x_wconf 85' lang='lat' dir='ltr'>vicerectoris</span> <span class='ocrx_word' id='word_1_152' title='bbox 1177 1760 1328 1813; x_wconf 90' lang='lat' dir='ltr'>alicui,</span> <span class='ocrx_word' id='word_1_153' title='bbox 1354 1769 1530 1806; x_wconf 88' lang='lat' dir='ltr'>rectore</span> <span class='ocrx_word' id='word_1_154' title='bbox 1551 1762 1754 1806; x_wconf 88' lang='lat' dir='ltr'>absente.</span> 
     </span>
    </p>

    <p class='ocr_par' dir='ltr' id='par_1_8' title="bbox 280 1835 1909 2048">
     <span class='ocr_line' id='line_1_21' title="bbox 371 1835 1905 1894; baseline 0.001 -14"><span class='ocrx_word' id='word_1_155' title='bbox 371 1835 631 1880; x_wconf 90' lang='lat' dir='ltr'>Ministrum</span> <span class='ocrx_word' id='word_1_156' title='bbox 669 1836 714 1879; x_wconf 90' lang='lat' dir='ltr'>in</span> <span class='ocrx_word' id='word_1_157' title='bbox 752 1836 933 1889; x_wconf 86' lang='lat' dir='ltr'>Galliis,</span> <span class='ocrx_word' id='word_1_158' title='bbox 973 1844 1157 1893; x_wconf 87' lang='lat' dir='ltr'>propter</span> <span class='ocrx_word' id='word_1_159' title='bbox 1193 1837 1423 1881; x_wconf 84' lang='lat' dir='ltr'>infamiam</span> <span class='ocrx_word' id='word_1_160' title='bbox 1450 1838 1657 1890; x_wconf 43' lang='lat' dir='ltr'>‚nominis</span> <span class='ocrx_word' id='word_1_161' title='bbox 1693 1839 1905 1894; x_wconf 88' lang='lat' dir='ltr'>ministri,</span> 
     </span>
     <span class='ocr_line' id='line_1_22' title="bbox 280 1913 1909 1972; baseline 0.002 -17"><span class='ocrx_word' id='word_1_162' title='bbox 280 1919 587 1968; x_wconf 88' lang='lat' dir='ltr'>comparatam</span> <span class='ocrx_word' id='word_1_163' title='bbox 610 1920 628 1939; x_wconf 78' lang='lat'>³</span> <span class='ocrx_word' id='word_1_164' title='bbox 649 1927 706 1956; x_wconf 84' lang='lat' dir='ltr'>ex</span> <span class='ocrx_word' id='word_1_165' title='bbox 727 1913 983 1966; x_wconf 88' lang='lat' dir='ltr'>haereticis,</span> <span class='ocrx_word' id='word_1_166' title='bbox 1015 1927 1178 1957; x_wconf 87' lang='lat' dir='ltr'>vocare</span> <span class='ocrx_word' id='word_1_167' title='bbox 1205 1922 1398 1971; x_wconf 88' lang='lat' dir='ltr'>possunt</span> <span class='ocrx_word' id='word_1_168' title='bbox 1426 1915 1693 1972; x_wconf 88' lang='lat' dir='ltr'>magistrum</span> <span class='ocrx_word' id='word_1_169' title='bbox 1727 1917 1909 1969; x_wconf 84' lang='lat' dir='ltr'>domus,</span> 
     </span>
     <span class='ocr_line' id='line_1_23' title="bbox 283 1975 1645 2048; baseline 0.003 -16"><span class='ocrx_word' id='word_1_170' title='bbox 283 1989 355 2034; x_wconf 90' lang='lat' dir='ltr'>vel</span> <span class='ocrx_word' id='word_1_171' title='bbox 378 1975 756 2047; x_wconf 84' lang='lat' dir='ltr'>vicerectore[m],</span> <span class='ocrx_word' id='word_1_172' title='bbox 781 1999 830 2033; x_wconf 93' lang='lat' dir='ltr'>vt</span> <span class='ocrx_word' id='word_1_173' title='bbox 852 1999 920 2035; x_wconf 89' lang='lat' dir='ltr'>est</span> <span class='ocrx_word' id='word_1_174' title='bbox 942 1991 988 2034; x_wconf 94' lang='lat' dir='ltr'>in</span> <span class='ocrx_word' id='word_1_175' title='bbox 1010 1993 1082 2046; x_wconf 72' lang='grc' dir='ltr'>4.ει</span> <span class='ocrx_word' id='word_1_176' title='bbox 1103 1999 1230 2048; x_wconf 89' lang='lat' dir='ltr'>parte</span> <span class='ocrx_word' id='word_1_177' title='bbox 1252 1989 1645 2037; x_wconf 87' lang='lat' dir='ltr'>constitutionum.</span> 
     </span>
    </p>
   </div>
   <div class='ocr_carea' id='block_1_6' title="bbox 1060 2117 1139 2159">
    <p class='ocr_par' dir='ltr' id='par_1_9' title="bbox 1060 2117 1139 2159">
     <span class='ocr_line' id='line_1_24' title="bbox 1060 2117 1139 2159; baseline 0 0"><span class='ocrx_word' id='word_1_178' title='bbox 1060 2117 1139 2159; x_wconf 70' lang='lat'>62</span> 
     </span>
    </p>
   </div>
   <div class='ocr_carea' id='block_1_7' title="bbox 502 2211 1686 2391">
    <p class='ocr_par' dir='ltr' id='par_1_10' title="bbox 502 2211 1686 2391">
     <span class='ocr_line' id='line_1_25' title="bbox 1094 2211 1113 2242; baseline 0 -17"><span class='ocrx_word' id='word_1_179' title='bbox 1094 2211 1113 2242; x_wconf 65' lang='grc' dir='ltr'>«Ι.</span> 
     </span>
     <span class='ocr_line' id='line_1_26' title="bbox 1034 2247 1169 2304; baseline 0.015 -17"><span class='ocrx_word' id='word_1_180' title='bbox 1034 2247 1169 2304; x_wconf 88' lang='lat' dir='ltr'>Jhus.</span> 
     </span>
     <span class='ocr_line' id='line_1_27' title="bbox 502 2346 1686 2391; baseline 0.001 -1"><span class='ocrx_word' id='word_1_181' title='bbox 502 2360 596 2390; x_wconf 84' lang='lat' dir='ltr'>DEL</span> <span class='ocrx_word' id='word_1_182' title='bbox 628 2360 763 2390; x_wconf 84' lang='lat' dir='ltr'>Mono</span> <span class='ocrx_word' id='word_1_183' title='bbox 795 2361 858 2390; x_wconf 85' lang='lat' dir='ltr'>DE</span> <span class='ocrx_word' id='word_1_184' title='bbox 891 2361 1142 2391; x_wconf 82' lang='lat' dir='ltr'><strong>PROCEDER</strong></span> <span class='ocrx_word' id='word_1_185' title='bbox 1176 2361 1238 2391; x_wconf 83' lang='lat' dir='ltr'>DE</span> <span class='ocrx_word' id='word_1_186' title='bbox 1271 2362 1329 2391; x_wconf 79' lang='lat' dir='ltr'>LA</span> <span class='ocrx_word' id='word_1_187' title='bbox 1362 2351 1608 2391; x_wconf 68' lang='lat' dir='ltr'><strong>COMPANIA</strong></span> <span class='ocrx_word' id='word_1_188' title='bbox 1633 2346 1651 2372; x_wconf 77' lang='lat'>¹³</span> <span class='ocrx_word' id='word_1_189' title='bbox 1678 2349 1686 2368; x_wconf 84' lang='lat'><strong>¹</strong></span> 
     </span>
    </p>
   </div>
   <div class='ocr_carea' id='block_1_8' title="bbox 382 2453 1920 2510">
    <p class='ocr_par' dir='ltr' id='par_1_11' title="bbox 382 2453 1920 2510">
     <span class='ocr_line' id='line_1_28' title="bbox 382 2453 1920 2510; baseline -0.001 -12"><span class='ocrx_word' id='word_1_190' title='bbox 382 2466 420 2498; x_wconf 91' lang='grc' dir='ltr'>Ι.</span> <span class='ocrx_word' id='word_1_191' title='bbox 485 2455 685 2509; x_wconf 88' lang='lat' dir='ltr'>Aunque</span> <span class='ocrx_word' id='word_1_192' title='bbox 709 2454 751 2498; x_wconf 91' lang='lat' dir='ltr'>el</span> <span class='ocrx_word' id='word_1_193' title='bbox 779 2454 913 2496; x_wconf 92' lang='lat' dir='ltr'>modo</span> <span class='ocrx_word' id='word_1_194' title='bbox 940 2454 997 2497; x_wconf 92' lang='lat' dir='ltr'>de</span> <span class='ocrx_word' id='word_1_195' title='bbox 1035 2453 1151 2496; x_wconf 86' lang='lat' dir='ltr'>viuir</span> <span class='ocrx_word' id='word_1_196' title='bbox 1188 2454 1245 2498; x_wconf 93' lang='lat' dir='ltr'>de</span> <span class='ocrx_word' id='word_1_197' title='bbox 1278 2454 1321 2496; x_wconf 90' lang='lat' dir='ltr'>la</span> <span class='ocrx_word' id='word_1_198' title='bbox 1354 2454 1624 2510; x_wconf 80' lang='lat' dir='ltr'>Compafiia,</span> <span class='ocrx_word' id='word_1_199' title='bbox 1666 2460 1838 2508; x_wconf 87' lang='lat' dir='ltr'>quanto</span> <span class='ocrx_word' id='word_1_200' title='bbox 1876 2454 1920 2496; x_wconf 86' lang='lat' dir='ltr'>al</span> 
     </span>
    </p>
   </div>
   <div class='ocr_carea' id='block_1_9' title="bbox 354 2588 1737 2637">
    <p class='ocr_par' dir='ltr' id='par_1_12' title="bbox 354 2588 1737 2637">
     <span class='ocr_line' id='line_1_29' title="bbox 354 2588 1737 2637; baseline 0.001 -12"><span class='ocrx_word' id='word_1_201' title='bbox 354 2601 372 2618; x_wconf 85' lang='lat' dir='ltr'>a</span> <span class='ocrx_word' id='word_1_202' title='bbox 420 2593 700 2637; x_wconf 80' lang='lat' dir='ltr'>comparatum</span> <span class='ocrx_word' id='word_1_203' title='bbox 719 2600 790 2625; x_wconf 91' lang='lat' dir='ltr'>ms.</span> <span class='ocrx_word' id='word_1_204' title='bbox 842 2590 908 2616; x_wconf 88' lang='lat' dir='ltr'>—b</span> <span class='ocrx_word' id='word_1_205' title='bbox 935 2589 1009 2624; x_wconf 91' lang='lat' dir='ltr'>Hic</span> <span class='ocrx_word' id='word_1_206' title='bbox 1028 2589 1164 2625; x_wconf 88' lang='lat' dir='ltr'>titulus</span> <span class='ocrx_word' id='word_1_207' title='bbox 1185 2589 1334 2625; x_wconf 87' lang='lat' dir='ltr'>Natalis</span> <span class='ocrx_word' id='word_1_208' title='bbox 1355 2600 1471 2625; x_wconf 88' lang='lat' dir='ltr'>manu</span> <span class='ocrx_word' id='word_1_209' title='bbox 1489 2588 1645 2624; x_wconf 89' lang='lat' dir='ltr'>additus</span> <span class='ocrx_word' id='word_1_210' title='bbox 1663 2594 1737 2627; x_wconf 83' lang='lat' dir='ltr'>est.</span> 
     </span>
    </p>
   </div>
   <div class='ocr_carea' id='block_1_10' title="bbox 288 2706 1923 3052">
    <p class='ocr_par' dir='ltr' id='par_1_13' title="bbox 288 2706 1923 3052">
     <span class='ocr_line' id='line_1_30' title="bbox 360 2706 1922 2756; baseline -0.002 -11"><span class='ocrx_word' id='word_1_211' title='bbox 360 2709 370 2730; x_wconf 86' lang='lat'>¹</span> <span class='ocrx_word' id='word_1_212' title='bbox 420 2710 479 2745; x_wconf 86' lang='lat' dir='ltr'>Ex</span> <span class='ocrx_word' id='word_1_213' title='bbox 497 2709 725 2756; x_wconf 77' lang='lat' dir='ltr'>archetypo,</span> <span class='ocrx_word' id='word_1_214' title='bbox 750 2719 773 2743; x_wconf 90' lang='lat' dir='ltr'>a</span> <span class='ocrx_word' id='word_1_215' title='bbox 797 2708 844 2743; x_wconf 88' lang='lat' dir='ltr'>P.</span> <span class='ocrx_word' id='word_1_216' title='bbox 868 2707 1046 2754; x_wconf 89' lang='lat' dir='ltr'>Jimenez</span> <span class='ocrx_word' id='word_1_217' title='bbox 1078 2707 1238 2755; x_wconf 89' lang='lat' dir='ltr'>scripto,</span> <span class='ocrx_word' id='word_1_218' title='bbox 1269 2714 1309 2743; x_wconf 91' lang='lat' dir='ltr'>et</span> <span class='ocrx_word' id='word_1_219' title='bbox 1333 2707 1484 2743; x_wconf 87' lang='lat' dir='ltr'>Natalis</span> <span class='ocrx_word' id='word_1_220' title='bbox 1510 2718 1625 2743; x_wconf 91' lang='lat' dir='ltr'>manu</span> <span class='ocrx_word' id='word_1_221' title='bbox 1653 2706 1861 2743; x_wconf 85' lang='lat' dir='ltr'>emendato</span> <span class='ocrx_word' id='word_1_222' title='bbox 1879 2711 1922 2742; x_wconf 87' lang='lat' dir='ltr'>et</span> 
     </span>
     <span class='ocr_line' id='line_1_31' title="bbox 288 2765 1922 2816; baseline -0.002 -12"><span class='ocrx_word' id='word_1_223' title='bbox 288 2774 417 2816; x_wconf 87' lang='lat' dir='ltr'>aucto,</span> <span class='ocrx_word' id='word_1_224' title='bbox 438 2768 478 2804; x_wconf 90' lang='lat' dir='ltr'>in</span> <span class='ocrx_word' id='word_1_225' title='bbox 494 2767 631 2804; x_wconf 88' lang='lat' dir='ltr'>codice</span> <span class='ocrx_word' id='word_1_226' title='bbox 653 2767 824 2803; x_wconf 84' lang='lat' dir='ltr'>Collecta</span> <span class='ocrx_word' id='word_1_227' title='bbox 838 2769 912 2812; x_wconf 79' lang='lat' dir='ltr'>per</span> <span class='ocrx_word' id='word_1_228' title='bbox 930 2768 979 2805; x_wconf 82' lang='lat' dir='ltr'>P.</span> <span class='ocrx_word' id='word_1_229' title='bbox 999 2767 1203 2808; x_wconf 79' lang='lat' dir='ltr'>Natalem,</span> <span class='ocrx_word' id='word_1_230' title='bbox 1224 2767 1325 2802; x_wconf 81' lang='lat' dir='ltr'>foliis</span> <span class='ocrx_word' id='word_1_231' title='bbox 1343 2765 1562 2811; x_wconf 72' lang='lat' dir='ltr'><strong>346v·34‹;r.</strong></span> <span class='ocrx_word' id='word_1_232' title='bbox 1587 2766 1765 2801; x_wconf 87' lang='lat' dir='ltr'>Alterum</span> <span class='ocrx_word' id='word_1_233' title='bbox 1790 2776 1922 2801; x_wconf 84' lang='lat' dir='ltr'>exem-</span> 
     </span>
     <span class='ocr_line' id='line_1_32' title="bbox 289 2823 1921 2874; baseline -0.002 -11"><span class='ocrx_word' id='word_1_234' title='bbox 289 2828 395 2874; x_wconf 88' lang='lat' dir='ltr'>plum</span> <span class='ocrx_word' id='word_1_235' title='bbox 417 2826 532 2874; x_wconf 88' lang='lat' dir='ltr'>hujus</span> <span class='ocrx_word' id='word_1_236' title='bbox 557 2826 816 2872; x_wconf 88' lang='lat' dir='ltr'>monumenti,</span> <span class='ocrx_word' id='word_1_237' title='bbox 843 2832 934 2861; x_wconf 85' lang='lat' dir='ltr'>ante</span> <span class='ocrx_word' id='word_1_238' title='bbox 965 2826 1116 2862; x_wconf 89' lang='lat' dir='ltr'>Natalis</span> <span class='ocrx_word' id='word_1_239' title='bbox 1140 2825 1436 2862; x_wconf 84' lang='lat' dir='ltr'>emendationes</span> <span class='ocrx_word' id='word_1_240' title='bbox 1466 2829 1767 2872; x_wconf 88' lang='lat' dir='ltr'>transumptum,</span> <span class='ocrx_word' id='word_1_241' title='bbox 1797 2823 1921 2860; x_wconf 85' lang='lat' dir='ltr'>edidit</span> 
     </span>
     <span class='ocr_line' id='line_1_33' title="bbox 290 2883 1923 2932; baseline -0.002 -10"><span class='ocrx_word' id='word_1_242' title='bbox 290 2886 333 2921; x_wconf 87' lang='lat' dir='ltr'>P.</span> <span class='ocrx_word' id='word_1_243' title='bbox 354 2886 529 2932; x_wconf 89' lang='lat' dir='ltr'>Astrain,</span> <span class='ocrx_word' id='word_1_244' title='bbox 548 2897 598 2921; x_wconf 89' lang='lat' dir='ltr'>ex</span> <span class='ocrx_word' id='word_1_245' title='bbox 614 2884 751 2921; x_wconf 87' lang='lat' dir='ltr'>codice</span> <span class='ocrx_word' id='word_1_246' title='bbox 768 2885 1055 2920; x_wconf 78' lang='lat' dir='ltr'>Instructiones</span> <span class='ocrx_word' id='word_1_247' title='bbox 1072 2888 1109 2920; x_wconf 85' lang='lat' dir='ltr'>et</span> <span class='ocrx_word' id='word_1_248' title='bbox 1127 2885 1293 2932; x_wconf 84' lang='lat' dir='ltr'>regulae</span> <span class='ocrx_word' id='word_1_249' title='bbox 1311 2896 1401 2920; x_wconf 87' lang='lat' dir='ltr'>cum</span> <span class='ocrx_word' id='word_1_250' title='bbox 1425 2883 1748 2919; x_wconf 76' lang='lat' dir='ltr'>ordinationibus</span> <span class='ocrx_word' id='word_1_251' title='bbox 1772 2884 1822 2920; x_wconf 90' lang='lat' dir='ltr'>P.</span> <span class='ocrx_word' id='word_1_252' title='bbox 1841 2883 1923 2918; x_wconf 85' lang='lat' dir='ltr'>Na-</span> 
     </span>
     <span class='ocr_line' id='line_1_34' title="bbox 289 2942 1921 2991; baseline -0.002 -11"><span class='ocrx_word' id='word_1_253' title='bbox 289 2946 398 2990; x_wconf 82' lang='lat' dir='ltr'>talis,</span> <span class='ocrx_word' id='word_1_254' title='bbox 416 2945 483 2982; x_wconf 86' lang='lat' dir='ltr'>fol.</span> <span class='ocrx_word' id='word_1_255' title='bbox 504 2944 585 2989; x_wconf 86' lang='lat'>232,</span> <span class='ocrx_word' id='word_1_256' title='bbox 607 2945 647 2981; x_wconf 92' lang='lat' dir='ltr'>in</span> <span class='ocrx_word' id='word_1_257' title='bbox 664 2945 865 2986; x_wconf 84' lang='lat' dir='ltr'>Historia,</span> <span class='ocrx_word' id='word_1_258' title='bbox 885 2950 1000 2991; x_wconf 74' lang='lat' dir='ltr'>pagg.</span> <span class='ocrx_word' id='word_1_259' title='bbox 1025 2953 1195 2989; x_wconf 90' lang='lat'><strong>197-199.</strong></span> <span class='ocrx_word' id='word_1_260' title='bbox 1216 2944 1301 2979; x_wconf 91' lang='lat' dir='ltr'>Hoc</span> <span class='ocrx_word' id='word_1_261' title='bbox 1319 2944 1484 2979; x_wconf 85' lang='lat' dir='ltr'>alterum</span> <span class='ocrx_word' id='word_1_262' title='bbox 1502 2943 1726 2990; x_wconf 85' lang='lat' dir='ltr'>exemplum</span> <span class='ocrx_word' id='word_1_263' title='bbox 1746 2942 1787 2978; x_wconf 86' lang='lat' dir='ltr'>in</span> <span class='ocrx_word' id='word_1_264' title='bbox 1804 2942 1921 2989; x_wconf 89' lang='lat' dir='ltr'>priori</span> 
     </span>
     <span class='ocr_line' id='line_1_35' title="bbox 291 3001 1923 3052; baseline -0.001 -13"><span class='ocrx_word' id='word_1_265' title='bbox 291 3010 412 3050; x_wconf 88' lang='lat' dir='ltr'>parte,</span> <span class='ocrx_word' id='word_1_266' title='bbox 433 3016 534 3052; x_wconf 88' lang='lat' dir='ltr'>quae</span> <span class='ocrx_word' id='word_1_267' title='bbox 551 3003 751 3051; x_wconf 85' lang='lat' dir='ltr'>hispanice</span> <span class='ocrx_word' id='word_1_268' title='bbox 770 3011 831 3039; x_wconf 85' lang='lat' dir='ltr'>est</span> <span class='ocrx_word' id='word_1_269' title='bbox 849 3003 1007 3050; x_wconf 91' lang='lat' dir='ltr'>scripta,</span> <span class='ocrx_word' id='word_1_270' title='bbox 1033 3015 1120 3038; x_wconf 90' lang='lat' dir='ltr'>cum</span> <span class='ocrx_word' id='word_1_271' title='bbox 1145 3009 1278 3038; x_wconf 88' lang='lat' dir='ltr'>nostro</span> <span class='ocrx_word' id='word_1_272' title='bbox 1303 3003 1516 3049; x_wconf 89' lang='lat' dir='ltr'>archetypo</span> <span class='ocrx_word' id='word_1_273' title='bbox 1538 3001 1763 3046; x_wconf 88' lang='lat' dir='ltr'>concordat,</span> <span class='ocrx_word' id='word_1_274' title='bbox 1787 3001 1923 3048; x_wconf 88' lang='lat' dir='ltr'>paucis</span> 
     </span>
    </p>
   </div>
   <div class='ocr_carea' id='block_1_11' title="bbox 2063 1966 2098 2903">
    <p class='ocr_par' dir='ltr' id='par_1_14' title="bbox 2063 1966 2098 2903">
     <span class='ocr_line' id='line_1_36' title="bbox 2063 1966 2098 2903; baseline 0 0"><span class='ocrx_word' id='word_1_275' title='bbox 2063 1966 2098 2903; x_wconf 95' lang='lat' dir='ltr'> </span> 
     </span>
    </p>
   </div>
  </div>
 </body>
</html>
