2098 3470
622 272 859 312 omnoms
881 278 1328 316 maxumum-70
1674 273 1744 320 691

247 374 374 419 Dixit
397 377 451 419 P.
475 376 624 420 Faber
643 372 865 432 gaudium
886 385 988 418 esse
1008 371 1056 415 in
1082 371 1296 415 omnibus
1323 372 1614 417 reflexionem
1644 375 1794 420 facere

157 467 300 510 super
318 453 487 505 omnia,
510 466 631 509 quae
649 457 843 508 possunt
863 449 1064 494 taedium
1085 448 1270 501 inferre,
1293 456 1340 492 et
1359 448 1408 492 in
1429 450 1650 506 gaudium
1671 451 1794 496 desi-

160 544 271 574 nere
289 538 325 574 ²:
343 529 539 586 amplius
554 528 740 586 quinon
757 534 922 585 potest,
942 526 1053 582 quid
1068 533 1139 570 est
1160 527 1284 582 quod
1305 526 1473 569 tristari
1494 527 1680 572 debeat?
1700 529 1796 572 Imo

161 621 272 652 vero
287 621 343 651 ea
357 614 428 650 est
443 605 721 662 arrogantia3
739 611 787 649 et
802 611 955 649 tamen
970 603 1077 660 plus
1093 610 1241 659 poteS,
1265 616 1403 658 quam
1425 603 1672 658 arbitraris3
1691 605 1797 661 plus

162 682 275 727 facis
293 699 374 741 per
395 682 591 740 gratiam
611 680 800 734 Christi,
824 695 962 737 quam
982 679 1148 724 credis:
1174 679 1283 723 facit
1303 680 1607 724 melancholia
1636 688 1686 723 vt
1707 683 1797 725 hoc

161 774 259 804 non
279 761 455 804 credas.
1190 760 1196 766 ’

254 837 308 881 Ρ.
332 836 554 894 Ignatius.
579 835 675 892 Qui
695 835 814 880 bene
833 848 949 878 sano
970 848 1161 890 corpore
1181 833 1431 890 degustare
1452 834 1571 877 solet
1586 834 1798 890 spiritua-

164 913 240 966 lia,
264 928 407 970 quum
427 914 546 958 male
566 927 707 957 sanus
726 918 798 956 aet
818 912 867 955 in
886 925 1092 968 corpore,
1117 910 1238 956 idem
1258 910 1324 953 illi
1343 910 1384 954 si
1405 912 1588 966 quando
1616 912 1799 955 contin-

162 998 247 1048 gat
266 990 453 1043 sentire,
478 990 698 1033 miraculo
717 988 865 1034 simile
884 995 1012 1032 est...

243 1066 316 1125 '48
345 1067 615 1122 Sequendae
636 1074 746 1110 sunt
766 1064 988 1111 ecclesiae
1006 1065 1275 1109 deuotiones
1297 1065 1344 1108 in
1365 1065 1463 1109 suis
1488 1065 1667 1109 officiis:
1698 1067 1802 1122 plus

167 1144 291 1189 enim
310 1144 507 1189 sentitur
526 1143 729 1200 spiritus,
748 1142 827 1186 vbi
842 1149 939 1186 tota
953 1142 1146 1187 ecclesia
1166 1142 1231 1185 illi
1250 1141 1430 1199 spiritui
1450 1150 1600 1195 vacat,
1619 1150 1666 1188 et
1681 1143 1803 1188 beati

165 1221 218 1264 in
238 1222 399 1266 eodem
422 1220 647 1266 exultant.
671 1221 784 1264 Plus
804 1219 1047 1265 exauditur
1066 1219 1114 1262 in
1134 1234 1220 1263 suo
1241 1220 1359 1264 festo
1380 1227 1585 1272 sanctus,
1610 1220 1803 1265 caeteris

169 1297 373 1354 paribus.
419 1297 726 1354 Epistolarum
762 1296 896 1340 Pauli
937 1304 1172 1353 praeterea
1212 1296 1626 1353 contemplationes
1669 1312 1804 1340 vsur-

136 1379 138 1381 ’
171 1375 404 1432 pandae...

257 1451 507 1508 Speculum
527 1458 838 1507 peccatorum,
862 1452 1009 1507 Xpus.
1033 1450 1295 1504 crucifixus;
1315 1449 1363 1493 in
1379 1465 1435 1495 eo
1451 1450 1575 1502 enim
1590 1450 1805 1495 videntur

171 1535 363 1585 peccata
382 1543 485 1573 mea
506 1527 554 1571 in
576 1527 675 1572 eius
694 1528 854 1584 poenis
875 1535 1103 1576 etNmorte.

261 1605 517 1650 Procedere
536 1606 673 1648 debet
693 1604 915 1658 Societas,
940 1613 990 1648 vt
1009 1605 1231 1662 sapientia
1250 1604 1424 1658 diuina,
1448 1619 1567 1661 quae
1584 1620 1686 1650 eam
1703 1607 1803 1649 fun-

168 1681 316 1726 dauit:
340 1683 469 1726 Deus
489 1682 664 1726 fortiter
685 1691 732 1727 et
753 1682 1034 1727 sua54uiter:
1059 1690 1106 1727 et
1131 1682 1318 1726 iuuatur
1345 1697 1372 1726 a
1398 1683 1600 1735 Christo,
1631 1683 1709 1739 qui
1736 1691 1806 1728 est

170 1759 264 1813 via,
299 1759 468 1804 veritas
494 1766 541 1803 et
567 1759 677 1803 vita:
707 1759 861 1815 itaque
893 1759 1069 1814 operari
1095 1759 1233 1803 debet
1260 1759 1436 1803 fortiter
1463 1767 1510 1805 et
1534 1760 1740 1804 suauiter
1760 1761 1807 1803 in

171 1836 334 1894 spiritu
354 1844 402 1881 et
421 1836 669 1880 veritate...

261 1914 472 1971 Agnouit
492 1913 693 1969 quidam,
719 1915 842 1969 quod
862 1914 976 1957 dixit
1005 1915 1062 1959 P.
1089 1914 1315 1971 Ignatius,
1345 1929 1437 1958 non
1465 1916 1805 1971 properandum

171 1990 224 2034 in
242 1990 462 2044 oratione;
487 1991 569 2034 sed
588 1990 637 2033 in
658 1991 816 2035 eadem
839 2006 889 2035 re
908 1990 1124 2047 progredi
1146 2005 1202 2034 ac
1222 1991 1460 2048 proficere,
1485 2006 1538 2035 ac
1553 1991 1807 2035 libertatem

178 2053 443 2112 inueniendi
464 2067 713 2112 orationem
736 2067 918 2123 assequi
939 2067 986 2110 in
1006 2082 1056 2111 re
1083 2067 1302 2123 qualibet,
1331 2076 1379 2112 et
1406 2083 1499 2112 non
1527 2069 1726 2125 pendere
1752 2083 1810 2112 ex

174 2143 382 2187 oratione
411 2144 701 2201 praecedenti
731 2152 778 2188 et
809 2158 965 2187 sensu:
996 2146 1109 2188 haec
1134 2159 1245 2189 vero
1270 2145 1494 2190 intellexit
1520 2145 1739 2201 consequi
1760 2160 1810 2190 se

175 2234 326 2277 posse,
356 2221 397 2264 si
422 2220 685 2278 purgationi
711 2220 955 2277 diligenter
982 2221 1205 2272 attendat,
1233 2229 1281 2265 et
1306 2222 1521 2279 operibus
1549 2222 1806 2274 Societatis,

172 2298 518 2353 orationemque
538 2298 839 2354 amplectatur
858 2298 1077 2351 suauiter,
1101 2298 1330 2343 humiliter
1350 2314 1404 2343 ac
1426 2299 1674 2342 fideliter...

268 2373 326 2419 59
358 2374 518 2418 Virtus
539 2374 695 2417 diuina
716 2374 913 2418 sentitur
932 2382 979 2418 et
999 2375 1177 2431 capitur
1197 2375 1245 2418 in
1265 2376 1476 2419 omnibus
1499 2377 1636 2419 rebus
1664 2376 1812 2420 eccle—

176 2450 390 2511 siasticis,
412 2458 462 2493 vt
482 2450 530 2493 in
551 2450 846 2507 imaginibus,
870 2451 917 2493 in
938 2451 1171 2504 altaribus,
1194 2451 1244 2494 in
1272 2454 1467 2510 templis,
1494 2454 1540 2495 in
1569 2453 1704 2496 rebus
1730 2453 1813 2495 be—

179 2527 389 2582 nedictis,
413 2527 461 2570 in
483 2527 884 2571 obseruationibus
905 2535 952 2572 et
972 2529 1243 2573 ceremoniis
1264 2530 1600 2574 ecclesiasticis.

268 2604 470 2660 Quidam
492 2605 685 2661 rogabat
706 2603 961 2657 Christum,
984 2613 1035 2648 vt
1055 2605 1203 2661 ipsum
1225 2606 1496 2664 dignaretur
1523 2621 1675 2651 cruce:
1708 2621 1813 2650 sen-

179 2680 240 2724 sit
261 2688 415 2726 autem
436 2694 487 2725 se
507 2696 674 2725 errare:
699 2695 920 2736 quaerere
935 2681 1112 2726 scilicet
1127 2697 1327 2736 crucem,
1348 2691 1393 2727 et
1411 2684 1596 2727 reiicere
1612 2697 1811 2735 crucem,

180 2771 320 2813 quam
350 2759 506 2810 habet,
536 2759 624 2801 hoc
652 2765 723 2800 est
750 2757 932 2800 fastidia
958 2759 1103 2802 malae
1130 2761 1403 2804 valetudinis
1431 2768 1477 2803 et
1505 2759 1812 2804 desolationis:

103 2870 108 2873 ,
181 2835 296 2879 haec
316 2834 458 2891 igitur
478 2849 591 2878 crux
621 2842 713 2878 tam
734 2842 805 2878 est
838 2834 999 2887 facilis,
1034 2850 1119 2879 nec
1147 2837 1268 2880 tollis
1299 2852 1415 2881 eam.
1452 2837 1577 2892 Quid
1608 2836 1647 2878 si
1677 2836 1818 2879 maior

184 2909 267 2954 tibi
286 2911 491 2955 daretur?
506 2911 612 2955 Noli
628 2911 771 2968 igitur
788 2912 929 2955 altum
946 2927 1124 2969 sapere,
1143 2914 1225 2958 sed
1243 2914 1491 2956 humilibus
1509 2913 1766 2957 consentias
1787 2915 1817 2955 ¹.

252 3009 271 3026 ὃ
318 2998 499 3036 Obscure
518 3005 709 3037 notatum.

257 3077 264 3095 ¹
324 3068 637 3123 Rox.,'xn,16.
