2098 3470
325 282 390 317 128
795 284 949 320 PArms
976 285 1219 320 Hlenonvm
1247 285 1398 320 NADAL

273 382 607 439 cogitationum
635 386 663 436 ¹;
699 399 792 428 non
822 400 939 440 quae
968 401 1024 429 ex
1053 385 1252 430 externis
1290 386 1502 430 omnibus
1540 387 1693 444 colligi
1718 388 1907 444 possint.

274 462 434 516 Longe
457 461 734 504 contrarium
773 462 1038 505 conficiunt.
1070 463 1228 518 Quum
1266 478 1374 507 vero
1412 478 1595 517 causae,
1623 479 1741 520 quae
1764 479 1848 508 nos
1865 474 1909 510 et

271 537 481 592 quemuis
504 552 690 583 mouere
712 546 942 595 poterunt,
969 539 1059 581 sint
1081 547 1126 583 et
1157 554 1291 583 verae
1319 547 1365 582 et
1394 547 1582 596 apertae
1605 548 1650 585 et
1678 542 1906 595 efficaces,

271 622 366 656 tum
390 628 474 656 nos
496 615 788 670 profiteamur
810 623 855 658 et
878 618 1026 659 Deum
1051 615 1263 672 religiose
1287 623 1506 660 testemur
1530 617 1643 660 nihil
1663 618 1802 661 fuisse
1823 633 1908 661 no-

271 690 338 733 bis
361 691 497 734 animi
519 691 655 744 illius,
690 693 747 736 de
778 707 868 748 quo
891 694 947 735 N.
979 692 1165 745 iudicat,
1191 701 1376 736 censeat
1405 693 1463 736 D.
1501 695 1558 738 V.
1588 696 1695 740 R.¹¹¹²
1719 710 1776 738 an
1798 694 1910 737 illud

269 767 486 811 iudicium
509 770 566 811 ad
590 769 891 813 temeritatem
914 776 1089 825 spectet
1110 777 1247 825 atque
1265 771 1322 813 ad
1340 770 1715 824 inobedientiam,
1736 779 1781 816 et
1799 785 1907 814 nurn

269 844 436 888 indicet
457 845 656 889 animum
679 847 736 890 N.
764 861 974 890 auersum
998 861 1023 889 a
1046 846 1206 903 spiritu
1230 854 1275 890 et
1298 847 1464 891 vnione
1486 847 1745 892 Societatis.
1771 849 1904 901 Nam,

267 912 388 976 quod
409 922 518 965 dicit
540 931 824 979 procuratam
853 906 954 968 esse
975 938 1055 980 per
1084 937 1108 978 3
1138 923 1385 967 abitionem
1416 924 1462 966 in
1492 924 1810 982 Hispania[m],
1836 925 1905 968 in-

266 998 408 1055 telligi
430 1007 581 1055 potest
605 1007 671 1044 ter
692 1001 748 1044 de
771 1000 1053 1057 profectione
1074 1000 1123 1042 in
1146 1001 1415 1057 Hispaniam
1439 1016 1540 1046 esse
1568 1009 1901 1058 congregatos,

265 1075 342 1131 qui
359 1077 528 1120 Romae
545 1084 688 1131 erant,
709 1079 954 1133 professos.
986 1076 1149 1120 Primis
1165 1078 1346 1121 duobus
1363 1077 1820 1134 congregationibus,
1848 1093 1905 1122 ex

271 1164 287 1195 1
301 1165 339 1205 Ι,
366 1166 390 1207 3
414 1153 521 1196 boni
538 1154 822 1197 consuluisse
840 1161 887 1196 vt
906 1154 952 1196 in
970 1153 1239 1209 Hispaniam
1258 1154 1416 1208 iretur,
1437 1155 1822 1210 quemadmodum
1843 1157 1901 1200 N.

265 1230 509 1274 confitetur
530 1230 576 1273 in
599 1233 682 1273 suo
712 1231 882 1286 scripto
920 1232 952 1274 ².
981 1231 1043 1274 Hi
1066 1230 1208 1287 igitur
1232 1245 1256 1286 3
1295 1245 1401 1274 cum
1437 1232 1650 1275 omnibus
1682 1231 1902 1288 hispanis,

266 1321 407 1362 quum
431 1307 663 1351 contineat
685 1308 900 1352 maiorem
923 1315 1096 1364 partem
1121 1308 1385 1362 Societatis,
1411 1308 1502 1351 iam
1525 1317 1636 1352 tunc
1664 1310 1905 1353 constabat

261 1399 359 1428 eam
383 1385 522 1428 totius
545 1385 789 1429 Societatis
811 1399 911 1427 esse
935 1393 1149 1439 mentem,
1181 1392 1229 1427 vt
1252 1385 1643 1441 proficisceremur
1667 1385 1714 1428 in
1736 1385 1903 1442 Hispa-

265 1460 404 1514 niam3
437 1468 483 1504 et
512 1469 663 1505 tamen
687 1461 754 1516 3.⁰
783 1461 1078 1518 congregatis
1104 1462 1321 1518 professis
1355 1475 1406 1516 14
1429 1463 1548 1519 (nam
1580 1475 1604 1516 3
1641 1476 1801 1506 recens
1822 1463 1902 1505 ad-

201 1525 204 1527 *
266 1539 521 1594 uenerant),
541 1549 721 1591 omnes,
734 1546 1052 1594 praeterquam
1073 1551 1114 1591 2,
1135 1538 1326 1595 pedibus
1342 1539 1494 1583 ierunt
1511 1539 1556 1581 in
1574 1539 1778 1582 eamdem
1796 1553 1876 1582 sen

263 1615 470 1669 tentiam,
495 1622 540 1659 et
563 1623 711 1659 tamen
737 1630 969 1670 nunquam
992 1615 1122 1660 aliter
1143 1623 1212 1658 est
1228 1615 1416 1667 dictum,
1438 1615 1676 1658 definitum
1694 1615 1897 1670 inquam,

262 1700 310 1735 vt
335 1706 407 1735 res
430 1699 525 1736 tota
546 1692 727 1749 integra
750 1694 851 1737 S.¹¹¹0
869 1695 926 1735 D.
949 1694 1006 1736 N.
1028 1699 1442 1748 repraesentaretur
1459 1707 1538 1748 per
1555 1692 1777 1736 vicarium
1795 1706 1898 1735 cum

264 1769 500 1812 humilima
537 1769 796 1814 obedientia
819 1785 871 1813 ac
895 1769 1197 1822 indiferentia,
1223 1777 1274 1812 vt
1291 1784 1344 1814 eo
1362 1769 1698 1821 inclinaremus,
1720 1784 1811 1825 quo
1827 1768 1901 1812 in-

262 1846 571 1903 telligeremus
593 1861 787 1903 vergere
809 1861 1037 1889 summum
1060 1846 1337 1903 pontificem,
1363 1860 1499 1902 quem
1517 1860 1622 1888 cum
1638 1845 1900 1890 videremur

261 1925 318 1966 ab
340 1938 394 1967 ea
422 1923 706 1980 profectione
734 1937 827 1966 non
856 1924 1116 1976 abhorrere,
1141 1924 1222 1967 sed
1244 1922 1430 1966 iussisse
1453 1930 1502 1965 vt
1523 1930 1626 1979 post
1649 1911 1898 1967 orationem

260 2002 317 2044 ad
339 2015 445 2044 eum
476 2001 743 2053 rediremus,
776 2007 1013 2057 propterea
1050 2001 1136 2043 fuit
1164 2000 1238 2044 illa
1276 2001 1491 2055 frequens
1528 2006 1684 2043 nostra
1713 1999 1891 2044 reditio.

263 2078 483 2132 Tandem,
508 2093 647 2134 quum
673 2091 756 2134 per
778 2079 915 2121 R.¹¹¹¹¹¹¹²
939 2078 1156 2121 Pisanum
1179 2078 1193 2098 ³
1218 2076 1516 2121 intellexisset
1540 2079 1674 2120 Pater
1700 2075 1898 2119 vicarius

269 2154 358 2198 Smi
379 2157 438 2198 D.
465 2157 524 2200 N.
551 2162 749 2200 mentem
771 2169 887 2208 esse,
914 2162 961 2197 vt
983 2155 1029 2196 in
1052 2154 1320 2210 Hispaniam
1339 2167 1397 2196 ne
1419 2153 1604 2206 iremus,
1636 2152 1747 2196 nihil
1770 2167 1822 2197 ea
1845 2154 1902 2196 de

259 2323 530 2368 ephemerides
547 2323 587 2358 in
607 2323 736 2369 Epist.
758 2322 806 2357 P.
828 2321 979 2366 Nadal‚
998 2322 1047 2367 11,
1066 2321 1123 2367 56,
1145 2320 1212 2356 ubi
1237 2320 1391 2356 occasio
1416 2319 1532 2366 hujus
1560 2319 1695 2366 scripti
1715 2325 1755 2355 et
1773 2324 1902 2354 caete-

261 2393 406 2428 rorum,
423 2394 523 2429 quae
543 2388 772 2429 sequuntur,
792 2382 900 2416 hisce
920 2381 1053 2416 verbis
1073 2381 1303 2427 explicatur:
1325 2380 1480 2426 «itaque
1500 2384 1615 2414 vocat
1634 2378 1674 2414 in
1688 2378 1753 2425 jus
1774 2378 1898 2413 Boba-

260 2442 353 2478 dilla
385 2442 541 2477 Patrem
573 2441 783 2487 vicarium,
812 2441 925 2476 effert
955 2441 1132 2476 libellum
1145 2469 1152 2482 ,
1186 2451 1257 2475 nos
1283 2438 1416 2474 verbis
1446 2438 1619 2473 refutare
1650 2436 1898 2484 apertissima

261 2501 403 2547 omnia,
423 2501 526 2548 quod
544 2500 702 2536 difficile
720 2511 798 2535 non
829 2506 953 2537 erat.»
975 2500 1087 2545 Quae
1118 2498 1158 2534 in
1185 2498 1246 2533 his
1279 2497 1516 2532 adversariis
1542 2502 1724 2532 currente
1752 2497 1901 2532 calamo

262 2560 420 2607 scripsit
437 2559 603 2602 Natalis,
623 2564 760 2606 postea
778 2559 916 2594 melius
935 2564 975 2593 et
989 2556 1236 2593 emendatius
1255 2555 1424 2602 digessit
1442 2555 1482 2591 in
1500 2555 1690 2599 oratione,
1709 2566 1824 2602 quam
1843 2554 1899 2590 in-

260 2620 330 2664 fra,
350 2620 424 2655 sub
443 2630 605 2655 numero
626 2627 682 2666 15,Ι
702 2618 889 2664 reperies,
912 2618 1003 2653 Alia
1020 2617 1136 2663 hujus
1151 2615 1393 2667 monumenti
1407 2614 1631 2650 adversaria
1648 2615 1843 2650 habentur
1859 2613 1899 2649 in

260 2679 395 2715 codice
409 2678 550 2714 Natal.
561 2679 772 2725 ephemer„
787 2677 826 2715 ff.
847 2686 860 2712 1
871 2686 967 2723 1-223
983 2688 1095 2724 quae,
1111 2687 1200 2711 cum
1216 2675 1355 2710 melius
1369 2680 1409 2710 et
1423 2673 1669 2709 emendatius
1682 2673 1721 2708 in
1735 2683 1898 2720 sequen·

260 2739 368 2774 tibus
387 2738 539 2773 Natalis
558 2737 715 2784 scriptis
733 2736 1023 2781 contineantur,
1039 2735 1102 2771 hic
1120 2733 1334 2769 omittenda
1352 2733 1550 2768 duximus.
1667 2734 1674 2743 ⁸

333 2798 343 2818 ¹
396 2797 564 2843 Saepius
582 2796 764 2844 equidem
783 2795 984 2830 Bobadilla
1003 2794 1181 2830 sinistras
1200 2793 1441 2828 intentiones
1461 2791 1598 2827 Lainio
1617 2801 1657 2827 et
1671 2791 1758 2838 ejus
1776 2790 1898 2826 fauto—

261 2858 369 2893 ribus
389 2856 526 2892 tribuit
544 2856 583 2892 in
602 2856 685 2892 suis
703 2855 876 2902 scriptis,
896 2854 1077 2899 superius
1096 2852 1231 2888 editis.

332 2919 347 2939 ²
397 2916 498 2952 Vide
517 2927 648 2963 supra,
668 2920 963 2951 monumentum
982 2915 1055 2949 sub
1074 2925 1113 2948 n.
1132 2914 1155 2947 o
1179 2912 1363 2959 positum,
1390 2911 1457 2947 ubi
1482 2912 1579 2947 haec
1603 2910 1657 2945 ait
1681 2900 1896 2947 Bobadillai

263 2978 344 3012 «Fu
378 2977 562 3012 concluso
595 2975 644 3011 da
678 2975 792 3021 tutti,
829 2980 959 3009 ecetto
993 2973 1042 3008 da
1075 2979 1135 3008 tre
1171 2972 1395 3019 spagnoli...
1431 2972 1465 3007 si
1498 2970 1695 3006 differisse
1727 2969 1766 3005 in
1800 2970 1901 3006 altro

263 3042 437 3083 tempo.»

331 3097 346 3116 ⁵
395 3094 656 3140 Cardinalem,
679 3092 846 3140 seilicet,
866 3092 1118 3128 Franciscurn
1137 3091 1335 3128 Pisanum.
