2098 3470
280 290 352 335 430
753 292 908 328 PATms
934 293 1177 328 HOERONYm
1202 292 1353 329 NADAL

233 400 396 448 genter
432 392 633 437 studebit
670 392 924 451 intelligere
960 394 1206 450 diplomata
1241 394 1453 449 instituti,
1493 395 1860 448 constitutiones,

233 470 416 513 decreta
433 469 802 526 congregationis
817 471 1059 528 generalis,
1075 472 1274 528 regulas,
1288 479 1492 528 receptas
1509 473 1863 518 consuetudines

230 554 277 590 et
296 546 558 590 traditiones
579 547 833 602 Societatis;
860 550 916 591 ad
938 550 1052 592 haec
1069 548 1363 605 intelligenda
1386 548 1460 594 160
1477 538 1724 602 adhibebit,
1745 564 1862 605 quae

233 623 398 679 poterit
427 623 557 677 scire,
583 626 639 667 de
662 625 917 677 vocatione,
939 625 1029 667 vita
1052 631 1098 667 et
1120 625 1233 668 actis
1256 627 1308 668 P.
1335 625 1522 682 Ignatii,
1548 627 1604 669 de
1626 625 1864 670 Societatis

233 701 499 744 fundatione
536 715 588 745 ac
621 715 866 758 progressu
897 715 1041 756 Vsque
1072 702 1130 744 ad
1161 710 1445 758 praesentem
1478 709 1689 755 aetatem,
1714 701 1864 746 omnia

233 792 342 821 vero
369 785 567 834 exponat
590 778 716 821 iuxta
737 778 985 834 praesentis
1007 777 1232 833 generalis
1254 778 1496 835 praepositi
1519 778 1864 836 intelligentiam

234 862 278 898 et
317 855 713 911 gubernationem.

323 914 489 975 Ex-erat
510 940 647 986 atque
668 940 875 976 exerceat
898 932 943 974 in
966 932 1299 988 gubernatione
1321 939 1415 976 tota
1432 932 1714 984 charitatem,
1734 932 1859 977 beni-

232 1008 454 1064 gnitatem
483 1016 527 1051 et
559 1008 952 1053 mansuetudinem
984 1008 1152 1052 Christi
1181 1010 1298 1061 Iesu,
1333 1009 1456 1053 Petri
1487 1017 1531 1052 et
1563 1008 1709 1062 Pauli,
1742 1016 1792 1052 vt
1820 1009 1865 1051 in

234 1086 430 1128 formula
451 1093 496 1128 et
519 1085 859 1129 confirmatione
881 1085 1075 1145 instituti
1097 1085 1420 1142 praescribitur
1442 1085 1644 1142 generali
1671 1100 1865 1143 praepo-

233 1163 334 1205 sito.
362 1163 477 1206 Nam
500 1177 604 1225 cum
627 1176 727 1206 esse
747 1162 910 1206 debeat
932 1162 1203 1218 gubernatio
1227 1162 1467 1207 Societatis
1486 1160 1613 1205 sortis
1629 1170 1675 1206 et
1691 1162 1862 1218 suauis3

234 1239 546 1283 fortitudinem
577 1238 878 1295 intelligimus
905 1237 1203 1282 constantiam
1230 1253 1283 1282 ac
1314 1238 1571 1282 firmitatem
1599 1239 1646 1282 in
1674 1239 1865 1283 veritate

233 1316 407 1373 gratiae
428 1324 473 1359 et
496 1313 745 1359 vocationis
768 1323 949 1358 nostrae
967 1323 1012 1359 et
1028 1315 1131 1358 finis
1147 1315 1402 1367 Societatis,
1423 1316 1468 1359 in
1486 1315 1720 1372 disciplina
1737 1315 1864 1359 insti-

234 1394 336 1446 tuti,
355 1401 400 1437 et
418 1392 737 1436 obseruatione
750 1391 1124 1435 constitutionum
1139 1399 1184 1436 et
1198 1393 1478 1448 regularum,
1499 1400 1544 1436 et
1561 1391 1866 1448 exequutione

232 1469 434 1513 omnium
456 1469 723 1522 mediorum,
749 1483 866 1524 quae
887 1469 943 1511 ad
966 1469 1102 1512 finem
1123 1468 1362 1514 Societatis
1385 1470 1772 1524 consequendum,
1793 1470 1868 1512 vel

233 1547 487 1590 necessaria
508 1554 632 1599 sunt,
657 1547 729 1591 vel
751 1545 891 1598 Vtilia.
919 1546 985 1588 Ita
1006 1552 1155 1589 tamen
1179 1553 1304 1588 vtex
1327 1545 1562 1599 charitate,
1582 1545 1867 1602 benignitate

232 1631 277 1666 et
301 1623 357 1668 161
380 1622 731 1668 mansuetudine
757 1622 1070 1679 proficiscatur
1097 1637 1205 1665 vsus
1235 1622 1308 1664 ille
1338 1621 1611 1665 fortitudinis
1641 1629 1687 1665 et
1716 1621 1866 1665 distri-

233 1700 397 1744 ctionis
419 1708 463 1743 et
485 1700 763 1756 disciplinae,
787 1709 835 1741 vt
857 1700 901 1741 in
924 1700 1074 1755 rigore
1096 1699 1230 1743 etiam
1253 1699 1370 1755 ipso,
1397 1699 1474 1754 qui
1497 1699 1780 1743 necessarius
1797 1708 1867 1745 est

210 1777 492 1833 aliquando,
518 1779 696 1821 eluceat
718 1784 870 1821 tamen
892 1775 1077 1832 spiritus
1100 1776 1331 1819 charitatis
1358 1783 1403 1820 et
1431 1776 1791 1821 mansuetudinis
1819 1776 1866 1820 in

234 1854 435 1898 Christo.
456 1856 572 1897 Nam
596 1854 893 1898 necessariam
911 1862 929 1878 ³
950 1868 1049 1898 esse
1066 1867 1390 1908 nonnunquam
1409 1853 1672 1909 disciplinae
1693 1853 1863 1897 seueri-

234 1940 390 1986 tatem,
416 1933 568 1974 nullus
590 1940 674 1984 est,
700 1931 777 1987 qui
799 1931 1006 1974 dubitare
1027 1931 1185 1987 possit,

321 2011 559 2052 POstremo
581 2009 692 2051 illud
713 2008 876 2060 dicam,
903 2009 1023 2064 quod
1047 2008 1239 2063 primum
1257 2015 1326 2051 est
1343 2008 1388 2050 in
1407 2015 1501 2051 toto
1520 2008 1714 2065 negocio
1731 2008 1866 2052 officii

233 2085 663 2143 superintendentiS,
689 2092 738 2127 vt
758 2086 955 2141 pendeat
977 2091 1084 2127 actu
1106 2092 1151 2129 et
1173 2085 1355 2139 quidem
1378 2086 1637 2140 frequenter
1664 2100 1690 2128 a
1723 2080 1864 2141 gene·

231 2163 311 2206 rali
340 2162 612 2218 praeposito,
645 2161 682 2204 si
709 2163 879 2205 Romae
906 2161 1041 2204 fuerit
1068 2161 1462 2216 superintendens,
1488 2162 1560 2205 vel
1589 2177 1615 2205 a
1643 2175 1728 2204 suo
1757 2176 1864 2218 pro-

231 2239 430 2283 uinciali.
458 2242 589 2282 Petat
611 2253 720 2281 vero
747 2240 804 2282 ab
832 2239 923 2291 illo,
948 2253 1021 2291 ne,
1047 2239 1171 2293 quod
1193 2238 1248 2280 sit
1271 2238 1526 2281 ordinatum
1550 2238 1595 2281 in
1618 2238 1817 2295 collegio
1839 2253 1865 2282 a

192 2344 195 2350 ·
229 2316 647 2373 superintendente,
688 2315 726 2358 si
761 2316 1027 2359 mutandum
1067 2315 1288 2367 videatur,
1330 2316 1392 2358 ita
1428 2322 1645 2367 mutetur,
1688 2322 1736 2357 vt
1772 2330 1864 2359 non

228 2394 435 2437 videatur
451 2393 702 2436 authoritas
718 2392 1151 2448 superintendentis,
1172 2393 1321 2447 quoad
1338 2392 1435 2435 eius
1452 2392 1550 2435 fieri
1566 2391 1747 2448 poterit,
1765 2407 1865 2436 esse

227 2471 479 2514 imminuta.
505 2471 618 2513 Illud
641 2476 874 2525 praeterea
902 2470 1115 2525 postulet,
1146 2476 1195 2511 vt
1223 2469 1261 2512 si
1289 2483 1424 2524 quem
1454 2476 1587 2512 vocat
1616 2483 1641 2512 e
1670 2468 1865 2526 collegio

227 2548 454 2602 generalis
476 2549 547 2592 vel
569 2546 874 2604 prouincialis‚
901 2547 938 2589 si
961 2546 1068 2602 quid
1091 2546 1265 2598 statuit,
1291 2553 1340 2588 vt
1357 2546 1402 2588 id
1424 2545 1618 2601 primum
1636 2545 1865 2602 significet

226 2625 620 2681 superintendenti
639 2624 691 2681 (si
708 2623 945 2678 videatur),
967 2639 1039 2675 ne,
1061 2623 1098 2666 si
1116 2624 1190 2666 illo
1213 2623 1371 2676 inscio,
1393 2623 1467 2667 162
1483 2623 1556 2665 vel
1574 2624 1708 2665 domo
1730 2637 1864 2678 egre-

222 2702 423 2754 diantur,
450 2702 525 2756 qui
548 2701 593 2744 in
617 2686 810 2756 collegio
833 2708 955 2752 sunt,
983 2701 1052 2744 vel
1082 2699 1266 2742 omnino
1295 2699 1465 2755 aliquid
1496 2706 1738 2751 statuatur,
1769 2700 1864 2743 col—

226 2778 332 2835 legii
350 2779 622 2835 gubernatio
639 2778 851 2822 vnionem
868 2777 1077 2820 videatur
1094 2791 1183 2820 non
1205 2785 1374 2829 tenere,
1395 2783 1440 2819 et
1457 2776 1696 2832 contingat
1713 2777 1864 2820 facere

226 2855 691 2911 superintendentem,
717 2864 763 2899 et
783 2856 903 2897 bona
926 2854 1107 2909 quidem
1126 2855 1232 2906 fide,
1252 2861 1409 2896 contra
1429 2868 1563 2909 quam
1581 2847 1763 2908 iusserit
1781 2867 1865 2909 ge-

228 2932 392 2975 neralis
414 2934 488 2975 vel
510 2931 817 2988 prouincialis.

296 3110 314 3125 :2
342 3100 609 3134 necessarium
629 3109 703 3134 ms.
