2098 3470
306 248 377 286 540
774 241 928 278 PArms
954 242 1200 280 Hmnownn
1227 243 1378 279 NADAL

254 355 392 398 opera
415 341 746 387 misericordiae
767 343 944 387 curabit
965 358 1045 387 eos
1067 343 1230 397 iuuari,
1257 346 1637 400 quemadmodum
1665 345 1889 390 ordinarie

257 418 590 475 eleemosynam
613 427 826 476 procurat
848 420 1050 466 Societas
1075 435 1153 476 pro
1176 421 1467 477 pauperibus,
1491 437 1638 478 eoque
1659 422 1759 466 illos
1787 422 1890 466 dili-

256 494 441 551 gentius
470 504 515 540 et
542 495 668 552 prius
696 496 853 541 iuuare
882 497 1073 550 curabit,
1105 511 1196 553 quo
1228 498 1567 542 circumstantia
1598 501 1711 543 haec
1743 499 1889 556 magis

254 571 454 628 vrgebit.

667 701 730 730 DE
753 702 994 732 EXTERNIS
1017 702 1150 732 DOMO
1176 702 1479 732 RECIPIENDIS

346 805 544 859 Quando
565 804 764 862 religiosi
787 806 940 862 aliqui,
966 821 1158 862 quorum
1180 814 1248 850 est
1270 805 1418 861 aliqua
1439 807 1647 850 habenda
1670 807 1798 860 ratio,
1832 808 1889 850 ad

251 880 446 937 collegia
474 888 627 925 nostra
657 883 877 935 venerint,
902 887 988 929 472
1010 882 1075 927 eis
1098 883 1395 927 declarandus
1424 890 1493 927 est
1514 882 1746 926 charitatis
1778 886 1885 929 affe-

249 963 354 1000 ctus
375 957 508 1001 solito
530 973 668 1011 more,
689 959 806 1003 sicut
826 959 910 1015 ipsi
933 974 1043 1015 erga
1064 967 1082 985 ³
1103 974 1187 1002 nos
1211 959 1395 1002 faciunt:
1416 967 1462 1002 et
1478 959 1608 1002 cibus
1625 959 1720 1003 dari
1738 968 1889 1018 potest

251 1033 297 1076 in
318 1033 470 1090 aliquo
491 1035 591 1078 loco
613 1044 819 1092 separato
842 1050 945 1079 cum
969 1036 1119 1092 aliquo
1142 1037 1345 1092 probato,
1371 1037 1444 1080 vel
1465 1035 1601 1079 etiarn
1625 1045 1814 1090 rectore,
1847 1038 1887 1082 si

250 1109 336 1167 ipsi
359 1110 422 1154 ita
449 1111 672 1165 videatur,
698 1105 941 1157 verum'nil
965 1114 1056 1157 fere
1078 1113 1194 1156 vltra
1216 1112 1524 1168 quotidianam
1546 1112 1813 1169 portionem.
1837 1115 1886 1159 Si

249 1188 352 1244 quis
375 1197 525 1234 tamen
547 1197 683 1244 esset,
708 1190 782 1233 cui
798 1190 836 1233 is
853 1197 1086 1246 respectus
1104 1191 1362 1244 deberetur,
1383 1191 1559 1234 admitti
1575 1199 1730 1248 posset
1747 1192 1883 1235 semel

248 1266 306 1308 ad
333 1266 640 1320 refectorium3
671 1267 751 1311 sed
783 1282 914 1310 nemo
942 1275 990 1309 vt
1018 1267 1139 1310 domi
1168 1275 1348 1312 nostrae
1379 1267 1572 1311 dormiat
1600 1268 1880 1320 admittatur,

247 1357 332 1388 nec
355 1343 642 1399 permittatur
663 1359 743 1400 per
764 1345 947 1387 domum
970 1359 1051 1400 pro
1079 1344 1265 1387 arbitrio
1293 1359 1377 1388 suo
1406 1344 1562 1401 vagari
1590 1346 1763 1400 absque
1793 1360 1885 1388 vno

245 1433 303 1463 ex
326 1419 491 1463 nostris
514 1420 605 1477 (qui
626 1435 730 1464 eum
758 1421 1027 1476 comitetur),
1060 1435 1194 1476 quem
1223 1421 1427 1478 superior
1457 1421 1730 1478 designabit.
1764 1423 1822 1465 Et
1849 1422 1887 1465 si

245 1495 348 1552 quis
369 1497 494 1540 volet
513 1497 636 1553 loqui
658 1498 948 1554 singulariter
969 1512 1072 1540 cum
1097 1498 1337 1553 aliquibus,
1363 1499 1442 1542 fiat
1462 1498 1508 1541 id
1536 1512 1639 1541 cum
1669 1499 1886 1543 facultate

246 1572 504 1630 superioris,
525 1573 725 1617 adhibito
748 1574 887 1627 socio,
910 1575 981 1617 vel
998 1575 1131 1618 etiam
1154 1590 1248 1618 non
1271 1575 1490 1627 adhibito,
1511 1582 1560 1617 vt
1581 1574 1786 1619 censebit
1806 1589 1885 1618 su-

244 1650 393 1705 perior
413 1665 514 1695 esse
536 1650 841 1695 necessarium
865 1652 936 1695 vel
958 1651 1080 1694 vtile.

333 1731 420 1774 473
442 1727 606 1771 Nullus
627 1734 917 1771 externorum
940 1727 1269 1771 intromittatur
1286 1729 1469 1771 domum
1491 1729 1589 1772 sine
1606 1728 1883 1785 praescripto

244 1804 316 1847 vel
345 1803 546 1861 generali
574 1804 647 1848 vel
674 1804 932 1860 particulari
965 1804 1223 1860 superioris;
1261 1811 1306 1848 et
1338 1805 1415 1860 qui
1446 1805 1759 1858 admittentur,
1800 1818 1883 1847 eos

242 1880 473 1925 deducent
495 1881 571 1936 qui
594 1882 651 1924 ad
673 1882 761 1924 hoc
784 1888 917 1925 erunt
939 1881 1119 1934 delecti,
1140 1896 1224 1925 nec
1242 1883 1297 1924 ad
1315 1881 1524 1925 cubicula
1541 1882 1781 1933 ducentur,
1803 1881 1883 1936 qui

244 1950 430 2001 domum
457 1958 604 2002 visere
631 1957 794 2010 velint,
826 1959 906 2003 sed
934 1973 1014 2015 per
1045 1958 1301 2002 communia
1328 1959 1443 2004 loca.
1476 1960 1701 2003 Parentur
1728 1964 1881 2001 autem

242 2035 439 2078 honesta
474 2035 573 2078 loca
609 2034 726 2078 inter
763 2035 950 2091 primam
988 2042 1033 2079 et
1065 2036 1311 2078 secundam
1344 2035 1525 2078 ianuam
1559 2034 1754 2091 collegii,
1789 2048 1880 2090 quo

241 2111 547 2165 deducantur,
561 2111 638 2166 qui
656 2111 852 2166 colloqui
870 2126 973 2154 cum
991 2111 1157 2154 nostris
1174 2113 1350 2164 volunt,
1367 2112 1484 2154 facta
1497 2112 1725 2156 facultate.
1742 2111 1880 2167 Quod

242 2187 282 2231 si
305 2189 393 2231 hoc
416 2188 598 2244 collegii
619 2187 853 2244 dispositio
881 2187 899 2213 ¹³
926 2203 1017 2231 non
1040 2188 1252 2245 patiatur,
1278 2188 1404 2232 iuxta
1433 2196 1583 2231 tamen
1613 2187 1795 2231 ianuam
1816 2187 1879 2230 si-

243 2264 362 2308 milis
383 2265 512 2308 locus
532 2272 732 2321 paretur,
759 2265 933 2309 etiamsi
956 2265 1160 2309 interius.

331 2343 402 2385 Ne
425 2341 700 2398 recipiantur
720 2342 921 2397 hospites
943 2342 1144 2394 domum,
1170 2341 1256 2384 nisi
1279 2341 1380 2397 quis
1402 2341 1550 2398 aliqua
1572 2356 1628 2384 ex
1650 2348 1776 2398 parte
1798 2341 1880 2383 de-

241 2418 464 2463 creuisset
495 2425 694 2461 nostram
728 2418 913 2460 omnino
941 2418 1214 2462 Societatem
1237 2418 1430 2474 ingredi;
1456 2419 1514 2461 ob
1536 2419 1681 2461 bonos
1704 2417 1879 2473 aliquos

241 2496 372 2548 fines,
397 2502 535 2551 atque
556 2497 642 2538 hoc
665 2495 722 2537 ad
744 2502 834 2537 tres
856 2495 952 2539 dies
980 2501 1068 2542 474
1095 2503 1141 2538 et
1169 2509 1272 2546 cum
1303 2496 1534 2547 facultate,
1564 2502 1615 2537 vt
1642 2493 1878 2538 minimum

241 2571 551 2628 prouincialis‚
577 2571 695 2615 sicut
716 2572 911 2615 habetur
933 2572 977 2615 in
1001 2571 1380 2616 declarationibus
1403 2584 1430 2625 4
1453 2585 1553 2627 cap.
1580 2570 1749 2627 primae
1771 2585 1878 2626 par-

241 2648 299 2692 tis
315 2648 696 2692 constitutionum
718 2649 745 2690 ¹.
767 2649 883 2691 Nam
903 2663 957 2692 ex
975 2663 1030 2691 eo
1049 2649 1148 2691 loco
1165 2647 1320 2704 colligi
1338 2655 1486 2704 potest
1502 2647 1631 2690 aliter
1651 2646 1877 2703 hospitem

313 2776 331 2793 ³
380 2778 458 2813 ega
477 2777 549 2801 ms.
602 2767 668 2794 —b
694 2765 756 2801 vel
773 2765 980 2812 dispositio
998 2778 1070 2804 ms,

312 2866 324 2886 ¹
374 2866 527 2902 Clarius
545 2867 643 2902 haec
660 2865 842 2902 dicuntur
860 2866 899 2901 in
917 2867 1002 2902 loco
1019 2866 1140 2902 citato
1157 2866 1480 2902 constitutionum
1497 2866 1557 2902 his
1576 2866 1722 2902 verbis:
1742 2866 1811 2905 «B.
1832 2865 1876 2901 Si

237 2925 379 2972 aliquis
397 2927 447 2961 ob
465 2937 602 2961 causas
619 2925 760 2961 rationi
779 2936 970 2960 consonas
989 2925 1028 2960 in
1043 2927 1211 2961 Domum
1226 2926 1477 2972 reciperetur,
1494 2926 1562 2973 qui
1579 2925 1750 2961 nondum
1763 2926 1875 2960 obse-

237 2985 330 3032 quio
362 2985 496 3020 divino
526 2985 566 3020 in
595 2986 667 3020 hac
697 2983 893 3020 Societate
925 2996 967 3019 se
997 2984 1177 3019 dedicare
1207 2985 1364 3019 omnino
1391 2984 1610 3028 statuisset,
1641 2983 1802 3031 perinde
1832 2990 1875 3019 ut

236 3045 395 3091 hospes,
414 3051 454 3080 et
472 3055 549 3080 non
567 3043 615 3079 ad
633 3043 795 3090 primam
815 3043 877 3078 vel
896 3042 1104 3078 secundam
1126 3043 1392 3089 probationem
1416 3043 1700 3079 admitteretur.
1726 3042 1806 3078 Sed
1829 3054 1876 3078 ea
