2098 3470
338 294 384 329 90
914 286 1094 324 NOT1T1A
1121 297 1311 326 comeum

372 387 459 424 Fol.
494 397 723 435 119r-120r‚
750 389 826 426 snb
853 390 932 427 hoc
957 390 1091 428 titulo:
1129 391 1251 429 «Para
1290 393 1449 430 instruir
1481 394 1730 431 mochachos
1763 406 1788 443 y
1818 400 1931 433 otras

290 469 486 507 personas
507 458 629 496 rudas
650 471 725 508 por
745 460 928 498 diuersos
948 462 1142 500 medios.»
1168 463 1340 500 habetur
1361 464 1526 511 antiqua
1552 464 1773 511 instructio,
1800 478 1923 513 quam

289 529 427 567 videre
462 530 613 578 poteris
639 531 741 568 inter
767 530 946 570 lisanum.
975 532 1168 581 Paedag„
1197 546 1288 583 pag.
1314 534 1404 581 648.
1432 534 1514 575 Ine.
1547 534 1700 572 «Coruo
1727 536 1764 573 la
1791 537 1921 575 chari-

288 601 435 638 dad...»
457 601 554 638 Des.
578 617 640 639 <‹...
662 602 799 639 diuina
818 614 844 651 y
871 615 986 640 suma
1012 603 1220 644 bondad.»
1250 605 1397 642 Manus
1423 605 1579 644 eadem.
1613 605 1679 653 At,
1716 607 1782 646 fol.
1817 618 1923 655 120r,

287 672 363 710 alia
384 684 542 719 manus,
564 672 717 710 scilicet
736 684 796 720 ea,
817 685 923 721 quae
943 674 1037 712 folia
1062 676 1178 712 106-1
1191 683 1234 722 15
1253 677 1449 723 exaravit,
1465 676 1602 714 denuo
1617 678 1721 716 redit
1735 684 1776 716 et
1789 691 1927 728 usque

284 744 336 780 ad
358 744 498 781 folium
522 751 592 791 125
614 745 885 792 prosequitur.

364 815 396 852 F
400 815 450 853 ol.
478 815 718 862 120v-128v,
738 821 833 853 sunt
853 816 979 854 Patris
1000 817 1202 855 Rodericii
1223 819 1375 856 monita
1395 831 1469 867 pro
1495 820 1718 869 peregrinis
1738 820 1924 859 Societa-

282 884 351 933 tis,
372 898 477 934 quae
505 898 598 924 curn
624 887 711 924 aliis
736 887 857 936 hujus
886 887 1013 925 Patris
1039 889 1209 937 scriptis,
1236 890 1277 926 in
1311 894 1451 927 nostro
1483 891 1689 928 volumine
1716 891 1927 942 Epz'stolae

282 957 372 995 PP.
394 958 618 1004 Paschasiz‘,
648 958 783 1004 Βνοέΐ,
811 963 887 996 etc.
878 988 901 1006 .,
927 971 1020 1009 pag
1048 960 1138 1007 849,
1165 960 1273 998 edita
1299 966 1403 999 sunt.
1429 961 1535 999 Vide
1561 962 1669 1000 dicta
1698 963 1849 1001 ibidem
1877 965 1921 1002 in

282 1029 544 1077 praefatione,
565 1041 657 1079 pag.
677 1030 768 1076 448.

360 1100 446 1138 Fol.
483 1110 568 1147 129,
599 1106 660 1138 est
687 1106 983 1150 transumptum
1015 1102 1226 1150 antiquum
1255 1103 1454 1141 facultatis
1487 1116 1509 1141 a
1543 1104 1734 1142 cardinali
1766 1106 1922 1144 infante

277 1172 544 1222 Portugalliae
571 1172 756 1210 Patribus
783 1172 996 1210 Societatis
1022 1185 1243 1212 concessae
1269 1186 1342 1223 pro
1369 1175 1551 1224 legendis
1581 1181 1621 1213 et
1648 1177 1923 1215 emendandis

275 1243 385 1281 libris
405 1244 629 1292 prohibitis.
646 1244 730 1281 Ine.
749 1243 951 1292 «Licenca
970 1244 1024 1282 do
1045 1245 1206 1282 cardeal
1226 1257 1323 1294 pera
1338 1247 1532 1284 emendar
1547 1258 1569 1284 e
1586 1259 1679 1285 usar
1693 1248 1770 1285 dos
1791 1247 1917 1286 liuros

274 1314 568 1352 defessos—O
589 1315 749 1352 cardeal
768 1315 971 1353 iffante...»
995 1315 1091 1354 Des.
1112 1316 1179 1354 fol.
1206 1320 1317 1362 129v:
1344 1334 1401 1355 κ...
1423 1317 1499 1354 Em
1518 1318 1693 1365 Lixboa,
1714 1331 1737 1356 a
1765 1330 1831 1356 xx
1859 1319 1914 1357 de

272 1386 511 1424 Nouembro
532 1386 584 1424 de
610 1387 722 1433 1564,
742 1386 921 1424 Baltasar
940 1386 992 1424 de
1012 1387 1198 1425 Fonseca
1217 1400 1240 1425 a
1259 1388 1320 1425 fez
1339 1400 1565 1426 escreuer.»
1588 1390 1734 1427 Manus
1750 1390 1914 1428 diversa

271 1470 294 1495 a
313 1458 669 1506 praecedentibus,
691 1457 763 1494 sed
784 1458 980 1506 scriptura
999 1458 1185 1507 ejusdem
1205 1464 1266 1496 est
1284 1460 1490 1507 temporis.

350 1529 437 1568 Fol.
477 1539 602 1576 13or-
626 1529 738 1576 168v,
771 1529 973 1567 habentur
1006 1534 1202 1578 excerpta
1228 1542 1282 1567 ex
1310 1531 1669 1571 constitutionibus
1698 1531 1918 1570 societatis

267 1602 382 1650 Jesu,
408 1601 460 1639 ab
490 1601 635 1638 iisdem
662 1591 1263 1650 amanuensibustranscripta,
1284 1602 1352 1649 qui
1379 1602 1510 1639 varias
1535 1602 1696 1652 regulas
1722 1604 1916 1651 superius

270 1673 411 1710 allatas
439 1672 752 1720 descripserunt.
778 1671 893 1709 Haec
919 1672 1065 1709 eadem
1091 1678 1287 1721 excerpta
1313 1672 1513 1710 habentur
1546 1674 1586 1710 in
1615 1673 1706 1711 cod.
1738 1673 1910 1722 Affiscell.

270 1743 319 1782 de
344 1743 472 1793 regul.
500 1743 540 1781 S.
569 1742 625 1788 J„
654 1755 693 1781 n.
720 1754 751 1788 1,
778 1748 819 1780 et
845 1755 937 1780 cum
962 1743 1024 1780 his
1058 1743 1141 1780 fere
1175 1744 1439 1782 concordant.
1474 1737 1556 1782 Inc.
1585 1744 1816 1783 =«Extracto
1849 1746 1905 1783 ad

267 1816 440 1854 verbum
474 1815 539 1853 del
573 1816 748 1864 primero
778 1815 956 1863 capitulo
988 1815 1053 1852 del
1081 1827 1256 1852 examen
1293 1815 1496 1865 general...
1531 1816 1705 1854 Nuestra
1741 1817 1911 1855 minima

268 1887 569 1938 congregacion
595 1885 661 1923 fue
687 1886 861 1923 llamada
887 1898 963 1935 por
982 1886 1019 1923 la
1045 1886 1144 1923 sede
1171 1887 1458 1935 apostolica...»
1482 1887 1578 1925 Des.
1610 1888 1831 1926 «Extracto
1851 1889 1907 1926 de

267 1960 304 1997 la
344 1959 422 1998 10.a
455 1963 608 2007 parte...
649 1970 674 2007 y
708 1961 797 1995 ansi
830 1969 929 1994 sean
962 1957 1176 2007 obligados
1209 1957 1332 1995 todos
1366 1958 1388 1995 a
1421 1958 1564 1996 leerlas
1598 1958 1623 1996 ό
1658 1959 1792 2007 oyrlas
1824 1960 1915 1998 leer

268 2031 371 2069 cada
390 2042 515 2068 mes.»
696 2027 699 2033 '

344 2102 429 2139 Fol.
458 2101 570 2147 168xr,
594 2099 810 2137 «Officium
825 2099 1018 2148 praefecti
1038 2084 1277 2147 studiorum,
1297 2101 1366 2148 qui
1387 2101 1426 2137 in
1447 2101 1776 2139 vniuersitatibus
1796 2102 1904 2140 dice-

263 2179 328 2211 tur
343 2173 644 2210 cancellarius.»
662 2171 747 2209 Sub
763 2172 841 2208 hoc
857 2170 986 2216 titulo,
1006 2175 1164 2208 tantum
1180 2172 1360 2219 quinque
1374 2172 1528 2219 priores
1542 2173 1783 2221 paragraphi
1797 2177 1908 2210 tran-

264 2246 436 2293 scriptae
463 2248 557 2281 sunt
583 2255 638 2280 ex
665 2242 843 2290 antiquis
866 2241 1015 2291 regulis
1042 2242 1233 2290 praefecti
1263 2242 1500 2289 studiorum,
1528 2254 1634 2291 quae
1653 2243 1756 2281 inter
1774 2244 1910 2282 docu-

262 2322 400 2354 menta
420 2316 471 2353 ad
492 2315 623 2352 studia
643 2314 856 2351 Societatis
877 2314 1100 2361 spectantia
1119 2313 1331 2351 habentur.
1352 2313 1524 2351 Caetera
1539 2313 1835 2362 desiderantur,
1851 2327 1909 2353 eo

262 2387 374 2436 quod
396 2397 446 2424 22
466 2386 560 2424 folia
582 2385 742 2422 sublata
761 2384 885 2421 fuisse
905 2384 1133 2430 videantur;
1161 2397 1255 2422 nam
1281 2389 1376 2433 post
1399 2385 1539 2422 folium
1556 2385 1643 2422 *168
1670 2386 1906 2424 immediate

260 2459 442 2507 sequitur
467 2467 551 2504 191,
572 2468 655 2504 quo
676 2455 815 2503 incipit
834 2466 1012 2502 sequens
1032 2456 1255 2502 quaternio.
1279 2455 1384 2492 Vide
1405 2455 1579 2493 dicenda
1598 2455 1651 2493 ad
1671 2456 1807 2503 finem,
1829 2457 1902 2495 ubi

262 2531 317 2568 de
338 2530 474 2567 indice
490 2528 644 2566 codicis
665 2538 800 2564 sermo
820 2525 905 2562 erit.

339 2601 426 2638 Fol.
453 2608 686 2646 191r-193v,
706 2596 879 2635 habetur
897 2595 1131 2644 exemplum
1151 2595 1407 2634 lusitanicum
1427 2597 1657 2646 regularum
1682 2598 1908 2646 infirmarii,

259 2685 364 2722 quae
385 2671 583 2720 superius,
603 2670 644 2708 ff.
664 2669 791 2715 61-64
819 2668 939 2716 hujus
965 2666 1172 2704 secundae
1198 2667 1321 2716 partis
1347 2668 1556 2716 hispanice
1581 2670 1755 2717 scriptae
1781 2681 1900 2718 repe-

257 2745 423 2782 riuntur.
451 2743 616 2791 Septem
641 2740 804 2778 ultimae
823 2738 1000 2788 regulae,
1021 2737 1213 2811 exemplo
1235 2738 1446 2786 hispanico
1467 2739 1644 2786 additae,
1665 2741 1706 2777 in
1726 2740 1907 2779 lusitano

258 2816 310 2853 de
320 2815 561 2852 siderantur.
1477 2835 1480 2837 ·

337 2881 875 2934 Fol.193v-195v,«Offitio
895 2881 989 2918 delli
1009 2879 1169 2917 maestri
1191 2879 1230 2916 di
1250 2879 1415 2918 Loreto.
1422 2896 1440 2914 »
1463 2881 1548 2918 Sub
1569 2882 1648 2918 hoc
1668 2882 1798 2929 titulo,
1817 2887 1900 2920 tra-

256 2958 406 2995 duntur
423 2956 559 3004 plures
580 2954 866 2992 instructiones
883 2952 934 2988 de
954 2951 1110 2988 ratione
1131 2950 1321 2997 docendi,
1342 2963 1461 2999 quae,
1477 2964 1551 3000 pro
1572 2952 1744 3003 collegio
1765 2953 1902 2991 laure—

253 3035 350 3067 tano
383 3027 648 3075 compositae,
674 3024 724 3061 ad
755 3023 952 3060 lusitanos
980 3021 1243 3070 probabiliter
1272 3022 1418 3059 missae
1445 3022 1617 3070 fuerunt,
1644 3028 1686 3060 et
1710 3023 1896 3062 ab'ama·

255 3101 397 3139 nuensi
422 3098 516 3136 italo
545 3097 772 3144 descriptae
798 3094 998 3140 videntur,
1029 3092 1193 3139 scilicet,
1224 3092 1275 3130 ab
1310 3105 1373 3140 eo,
1407 3094 1474 3141 qui
1509 3095 1670 3143 regulas
1702 3094 1900 3144 praefecti
