2098 3470
274 262 345 299 702
747 252 903 290 PArms
928 253 1171 291 Huznonvm
1195 253 1347 290 NADAL

317 356 473 411 Quum
503 354 687 411 quidam
715 354 891 400 videret
919 355 1146 411 reliquias,
1182 370 1299 412 quae
1330 364 1572 400 seruantur
1604 356 1650 400 in
1689 357 1861 414 templo

226 431 376 476 sancti
392 431 615 490 Johannis
642 433 981 490 Lateranensis,
1021 432 1163 477 sensit
1190 447 1403 490 magnam
1432 433 1726 479 deuotionem
1756 449 1861 479 cum

230 509 476 563 lachrimis,
488 509 753 566 praesertim
763 509 840 552 vbi
855 524 938 553 suo
952 508 1123 552 rosario
1134 508 1254 553 vitae
1265 505 1434 553 Christi
1444 509 1543 554 illas
1555 510 1856 568 contingeret.

229 587 386 642 Itaque
408 600 502 630 non
524 586 741 630 sustinuit
764 587 956 644 amplius
977 586 1042 629 vti
1059 586 1135 630 illo
1153 587 1337 640 rosario,
1363 588 1443 632 sed
1464 588 1755 632 conseruauit
1777 602 1860 645 pro

229 663 408 720 magnis
426 663 641 719 reliquiis.
663 664 837 722 Tetigit
854 663 973 708 enim
986 664 1104 707 inter
1122 664 1208 707 alia
1225 664 1455 707 sudarium
1473 664 1598 721 Xpi.‚
1615 672 1662 708 et
1679 664 1862 721 quidem

226 740 454 797 sanguine
482 740 709 784 imbutum
747 748 793 786 et
824 741 934 784 alias
971 739 1259 796 reli20lquias
1295 742 1466 796 absque
1506 741 1654 785 medio
1692 741 1859 798 aliquo:

229 825 526 873 posteaquam
562 817 676 862 vidit
713 818 947 874 reliquias,
987 826 1309 874 perseuerante
1345 817 1614 871 deuotione,
1653 818 1778 863 dedit
1814 833 1863 863 se

230 894 426 937 orationi
443 902 488 938 et
506 909 596 938 non
613 895 762 952 potuit
779 910 860 952 pro
882 909 929 938 se
947 909 1092 948 orare,
1112 895 1192 938 sed
1212 910 1294 951 pro
1310 895 1413 948 illis,
1435 895 1556 939 circa
1573 910 1689 951 quae
1706 910 1863 941 versa·

228 978 304 1014 tur
325 971 568 1016 Societatis
590 972 711 1026 finis,
738 979 787 1015 vt
819 972 1035 1016 iuuentur
1065 972 1300 1029 haeretici,
1334 972 1556 1026 infideles,
1592 980 1638 1016 et
1670 973 1863 1018 ecclesia

202 1043 206 1048 ’
230 1048 514 1102 reformetur;
535 1050 617 1092 sed
639 1063 730 1092 non
754 1056 845 1092 tam
867 1056 964 1092 erat
986 1050 1100 1092 haec
1122 1048 1294 1105 petitio,
1314 1064 1450 1105 quam
1468 1049 1623 1093 suauis
1640 1050 1863 1106 quaedam

160 1133 162 1135 ’
224 1131 274 1168 et
297 1125 448 1180 quieta
464 1126 794 1182 ,contemplatio
823 1125 1000 1168 illarum
1032 1140 1184 1169 rerum
1215 1126 1332 1179 luce,
1369 1126 1497 1181 quasi
1529 1126 1566 1169 si
1597 1134 1863 1183 praesentes

224 1209 538 1256 cernerentur3
564 1204 645 1247 sed
668 1203 744 1245 vbi
767 1204 879 1246 haec
897 1204 954 1246 ad
971 1217 1132 1246 causas
1149 1202 1386 1247 inferiores
1403 1204 1658 1256 reduceret,
1677 1218 1862 1248 sensum

228 1278 507 1333 inueniebat,
533 1279 663 1335 quasi
684 1281 848 1323 bonam
873 1281 1112 1335 quamdam
1136 1286 1181 1324 et
1197 1295 1386 1324 suauem
1403 1275 1686 1324 voluntatem
1708 1281 1765 1323 ad
1787 1281 1863 1324 illa

228 1354 275 1397 in
297 1355 445 1411 gratia
466 1355 723 1400 Societatis.
753 1356 842 1400 Vbi
864 1371 973 1401 vero
995 1357 1053 1400 ad
1074 1371 1124 1401 se
1146 1357 1461 1408 descenderet,
1483 1357 1555 1400 vel
1578 1371 1660 1413 pro
1689 1371 1738 1400 se
1760 1371 1862 1399 ora-

226 1439 312 1486 ret,
338 1431 513 1476 audiuit
539 1440 644 1476 «not
661 1446 810 1486 cures;
835 1447 923 1488 que
940 1435 1042 1477 Deu
1061 1438 1161 1477 sera
1177 1434 1234 1476 ab
1257 1440 1307 1476 tu
1323 1441 1386 1487 a»;
1408 1434 1487 1477 sed
1503 1448 1609 1476 cum
1633 1433 1863 1478 dubitaret

224 1510 350 1565 quod
388 1509 620 1554 videretur
654 1517 695 1551 τὸ
735 1518 843 1554 «not
873 1524 1031 1553 cures»
1073 1510 1401 1567 negligentiam
1428 1510 1651 1562 indicare,
1689 1500 1864 1554 audiuit

228 1586 514 1642 interpretari
539 1594 646 1630 «not
667 1602 824 1630 cures»
851 1587 896 1630 id
919 1595 1004 1640 est,
1034 1587 1149 1630 «sies
1170 1601 1310 1643 segur
1330 1586 1394 1630 b.»
1430 1588 1549 1631 Cum
1581 1588 1639 1630 ad
1667 1587 1753 1630 alia
1784 1588 1865 1631 de-

221 1663 484 1715 scenderet,
517 1664 638 1708 clare
666 1663 778 1706 vidit
810 1665 901 1707 fere
930 1678 1088 1706 omnes
1117 1663 1401 1720 operationes
1429 1678 1535 1707 suas
1564 1663 1865 1708 communiter

228 1754 331 1784 vesse
358 1747 562 1796 peccata,
597 1747 835 1797 propterea
864 1742 986 1796 quod
1013 1740 1059 1783 in
1088 1742 1188 1784 Deo
1219 1755 1331 1796 pure
1362 1755 1453 1783 non
1489 1741 1667 1785 fierent.
1707 1742 1865 1797 Itaque

227 1816 454 1860 intellexit
475 1817 608 1873 plane
629 1832 730 1861 esse
752 1817 799 1860 in
827 1817 1047 1873 superiori
1075 1818 1246 1862 lumine
1274 1832 1440 1861 nouam
1473 1818 1612 1862 vitam
1641 1818 1863 1861 inchoan-

231 1894 351 1947 dam,
378 1893 470 1938 2⁰2
492 1894 708 1949 quietam,
734 1895 916 1947 claram,
941 1909 1146 1947 suauem,
1173 1911 1229 1939 ex
1261 1895 1418 1938 intimo
1450 1895 1599 1938 cordis
1630 1909 1784 1948 sensu,
1819 1894 1864 1937 in

227 1970 432 2023 Christo,
457 1970 504 2013 in
527 1955 790 2027 operatione
812 1971 914 2015 Dei:
941 1971 1102 2014 habuit
1123 1972 1257 2014 simul
1278 1986 1403 2027 spem
1426 1971 1631 2015 sanitatis
1653 1985 1866 2028 corpora-

233 2047 337 2090 ralis
360 2048 716 2104 recuperandae,
742 2050 892 2103 quoad
913 2048 998 2091 erit
1019 2048 1142 2092 vtile.
1169 2049 1238 2093 Sit
1259 2048 1468 2092 dominus
1495 2049 1623 2093 Deus
1652 2048 1798 2092 trinus
1819 2055 1865 2092 et

231 2138 351 2166 vnus
371 2123 640 2168 benedictus
662 2123 709 2166 in
732 2125 900 2168 secula.
927 2126 977 2167 In
994 2124 1152 2178 vigilia
1169 2124 1479 2169 sanctissimae
1501 2124 1736 2168 Trinitatis
1753 2125 1866 2167 haec

231 2200 512 2244 acciderunt.

322 2278 508 2322 Summa
532 2284 577 2322 et
600 2277 852 2322 certissima
873 2277 1049 2333 petitio,
1074 2285 1120 2321 et
1142 2292 1257 2334 quae
1280 2277 1515 2322 Vniuersas
1531 2277 1862 2334 complectitur,

234 2354 426 2410 gloriam
455 2353 542 2398 Dei
573 2361 619 2398 et
643 2361 796 2410 petere
819 2369 996 2411 semper
1018 2354 1064 2397 in
1092 2354 1294 2398 oratione
1323 2354 1471 2407 vnice,
1503 2362 1549 2399 et
1580 2354 1627 2397 in
1649 2353 1867 2410 ¹omnibus

233 2431 578 2487 operationibus
607 2446 840 2487 quaerere.
885 2432 972 2474 Cui
1010 2431 1198 2474 dubium
1230 2447 1330 2475 esse
1361 2439 1527 2488 potest,
1562 2431 1599 2475 si
1631 2446 1714 2474 nos
1751 2446 1867 2487 quae

235 2507 322 2551 Dei
339 2515 447 2551 sunt
463 2508 743 2564 quaerimus,
764 2510 911 2552 Deum
931 2523 1047 2564 quae
1063 2516 1217 2552 nostra
1233 2516 1340 2551 sunt
1358 2510 1584 2552 facturum
1602 2509 1658 2552 ad
1675 2508 1864 2565 gloriam

236 2598 363 2628 suam
387 2585 624 2628 maiorem?

323 2663 497 2706 Sensus
521 2661 758 2705 Trinitatis
781 2663 1140 2718 superexcelsae,
1165 2662 1211 2706 in
1234 2678 1283 2707 re
1304 2662 1481 2719 quauis,
1514 2677 1593 2719 per
1619 2662 1867 2706 bonitatem

233 2737 349 2790 eius,
375 2738 629 2791 veritatem,
655 2745 701 2783 et
723 2738 940 2782 vnitatem
965 2739 1010 2781 in
1033 2740 1131 2782 Deo
1153 2741 1272 2783 clare
1294 2746 1340 2783 et
1361 2739 1579 2782 suauiter.

305 2949 322 2966 a
372 2939 500 2986 Super
522 2940 620 2975 haec
642 2947 664 2984 7
686 2939 822 2985 verba,
851 2951 1030 2975 sermone
1055 2940 1311 2975 lemovicensi
1341 2951 1411 2975 seu
1438 2940 1684 2986 majoricensi
1708 2941 1864 2988 scripta,

234 2999 332 3033 haec
350 2998 470 3034 latina
489 2999 618 3034 versio
640 2999 765 3045 posita
792 3003 865 3037 est:
887 3011 934 3034 ne
953 3011 1081 3041 cures,
1101 3000 1198 3045 quia
1222 2999 1331 3035 Deus
1355 2999 1434 3035 erit
1458 3003 1599 3035 tecum.
1651 3002 1717 3028 —b
1743 3000 1868 3047 Super

230 3057 331 3093 haec
349 3066 371 3092 2
385 3058 519 3093 verba:
539 3061 619 3094 esto
637 3069 814 3094 securus.
