2098 3470
0 1014 18 1038 ἤθ-
0 737 27 1000 ῊΓΨἿΨΡἿῊῘΪΞΦ
0 582 24 731 ΓἾΗὟᾞἿἺ

68 975 79 983 ·
83 887 86 892 v
50 789 55 796 ι
64 732 70 735 A

11 1563 17 1572 υ
0 1058 22 1484 πψὟΨἻνῑῖΐίτϋ-’Ἧμυτυ
5 1041 13 1047 ·

23 1527 26 1529 ,
24 1381 38 1386 ,
22 1324 25 1326 .
22 1306 26 1308 ⁴

68 1488 69 1491 „
58 1406 67 1410 .
70 1287 73 1289 .

0 442 27 570 ἰ’-«γὀῢ
1 362 8 372 ‘
5 322 16 340 ·-
4 291 9 301 ·-
8 161 28 208 ⁷„
22 47 29 54 .

27 526 38 538 Q
47 347 59 370 ’κ
34 327 35 331 Α
30 239 70 268 (Ἀ”
25 188 47 202 ‘U
28 85 59 162 :stul
52 51 59 62 η

61 207 68 228 .,
63 55 65 58 .

19 555 28 581 w.

726 277 1002 313 MonuunmA
1027 276 1245 312 ITAmAE—
1250 285 1270 321 5
1701 286 1767 323 109

974 432 1013 474 5

674 511 1012 566 MicHAELls
1054 521 1317 566 GISLERH

311 630 659 661 CARDINALIS
696 630 1089 661 ALEXANDRINI
1129 630 1679 662 INTERROGATIONES

534 706 634 738 CUM
652 707 694 736 P.
715 696 1021 737 BOBADILLAE
1043 705 1458 737 RESPONSIONIBUS

607 796 610 799 ’
657 807 818 844 noum,
841 806 864 844 7
889 799 1148 834 suemunms
1177 807 1266 844 1557
1287 798 1296 819 ¹
1317 824 1328 834 .

978 895 1009 952 †

267 997 355 1042 Die
372 1009 398 1052 7
421 996 703 1054 Septembris
723 1005 742 1022 ²
769 1007 880 1052 1557
902 995 1189 1041 examinatus
1209 996 1428 1053 magister
1451 997 1701 1040 Bobadilla.

270 1075 320 1118 In
339 1073 496 1132 primis
518 1073 687 1117 iurauit
707 1087 758 1117 se
778 1073 892 1116 nihil
913 1073 1143 1117 dicturum
1166 1074 1223 1117 de
1244 1073 1331 1126 his,
1356 1074 1413 1117 de
1435 1074 1602 1130 quibus
1624 1075 1812 1119 interro-

118 1143 122 1146 *
182 1160 337 1209 gatur,
361 1151 460 1195 aliis
480 1150 616 1195 sociis
635 1141 716 1194 aut
735 1150 960 1206 personis,
984 1157 1076 1194 etc.

270 1228 340 1288 2'30
383 1228 575 1272 .Iurauit
596 1242 646 1272 se
672 1227 901 1272 dicturum
929 1227 1168 1271 ueritatem
1203 1229 1261 1272 de
1294 1228 1507 1271 omnibus
1534 1236 1581 1272 et
1617 1229 1810 1286 singulis

181 1304 634 1362 interrogationibus,
658 1304 744 1348 sibi
767 1305 899 1348 factis
919 1319 1001 1362 per
1021 1319 1121 1357 nos,
1146 1304 1272 1348 iuxta
1300 1320 1429 1349 suam
1460 1306 1805 1358 conscientiam,

181 1389 230 1427 et
250 1380 421 1426 iurauit
441 1397 521 1439 per
541 1382 628 1427 De'i
649 1381 903 1439 euangelia.

268 1460 338 1514 3.⁰
373 1509 383 1518 ,
399 1459 507 1502 Fuit
526 1458 572 1502 in
589 1459 746 1517 primis
766 1458 1075 1516 interrogatus
1097 1474 1238 1515 quare
1265 1461 1506 1515 petebatur
1533 1460 1715 1504 licentia
1739 1469 1809 1503 to-

179 1535 266 1581 ties
286 1550 318 1579 a
334 1536 438 1580 S.¹¹¹⁰
454 1537 514 1580 D.
534 1536 665 1588 Nro.,
687 1543 736 1579 ut
751 1537 880 1586 fieret
902 1536 1152 1593 capitulum
1170 1536 1216 1579 in
1235 1536 1472 1593 Hispania,
1493 1547 1580 1580 etc.
1604 1539 1811 1594 Respon—

180 1610 390 1669 dit-quod
411 1611 600 1667 remittit
621 1627 671 1657 se
691 1613 858 1667 causis,
883 1627 1000 1668 quae
1027 1613 1202 1670 possint
1224 1613 1378 1670 colligi
1401 1629 1457 1658 ex
1487 1628 1700 1670 processu
1724 1629 1808 1657 suo

177 1696 467 1745 praesentato
490 1675 624 1732 nobis
645 1689 693 1732 in
714 1667 894 1747 scriptis
915 1690 948 1732 ².
975 1690 1153 1734 Deinde
1175 1689 1364 1743 addidit,
1386 1692 1508 1746 quod
1530 1706 1709 1747 semper
1727 1691 1809 1734 fuit

177 1765 264 1810 sibi
284 1773 494 1822 suspecta
515 1765 590 1810 illa
610 1766 870 1823 importuna
893 1767 1127 1820 instantia,
1148 1767 1344 1817 maxime
1362 1776 1602 1824 procurata
1622 1783 1700 1824 per
1718 1776 1808 1811 tres

181 1844 240 1888 de
259 1842 507 1896 Societate,
530 1843 667 1887 etiam
689 1858 794 1887 cum
815 1844 1030 1901 practica.

242 1921 394 1973 *Item,
418 1920 505 1963 fuit
526 1920 836 1977 interrogatus
857 1921 1164 1977 supradictus,
1189 1937 1247 1965 an
1271 1923 1423 1964 bullae
1443 1930 1488 1965 et
1516 1922 1804 1965 constitutio-

177 2011 259 2040 nes
294 2004 340 2040 et
375 1996 705 2041 declarationes
741 1997 979 2054 indigeant
1016 1999 1351 2043 reformatione.
1399 1999 1648 2055 Respondit
1689 2000 1807 2053 quod

245 2113 264 2131 ἢ
286 2090 291 2094 ”
313 2102 426 2141 Prius
445 2103 640 2147 Octobris,
659 2104 764 2152 quod
782 2105 1034 2141 obliteratum
1048 2105 1139 2142 fuit.

246 2198 258 2220 ¹
307 2198 368 2234 Ex
384 2199 607 2246 apographo
623 2210 784 2246 coaevo,
806 2199 846 2235 in
863 2199 999 2236 codice
1019 2200 1080 2236 De
1103 2201 1221 2236 rebus
1250 2212 1392 2249 congr.
1421 2212 1517 2248 gen.
1540 2202 1576 2236 I·
1588 2202 1631 2242 V,
1663 2200 1807 2248 duplici

38 2231 42 2260 ³
63 2310 68 2318 Ι
108 2280 121 2313 3
175 2257 260 2305 fol„
277 2258 338 2305 62,
357 2257 404 2294 63
421 2256 616 2309 (25‚>147).
639 2257 702 2294 Ad
722 2259 796 2294 hoc
820 2266 1116 2295 monumentum
1140 2259 1440 2306 intelligendum
1463 2260 1619 2306 juvabit
1637 2260 1686 2295 ad
1705 2271 1810 2295 men·

176 2322 257 2353 tem
279 2328 480 2364 revocare,
503 2329 604 2365 quae
627 2317 778 2353 Natalis
802 2318 842 2354 in
872 2318 954 2354 suis
982 2318 1326 2364 Ephemeridibus‚
1359 2320 1436 2355 vol.
1458 2319 1507 2363 II,
1527 2330 1647 2366 pagg.
1673 2319 1731 2363 56,
1748 2328 1810 2364 57,

175 2376 387 2413 his-verbis
403 2381 570 2412 enarrat:
591 2377 749 2424 «Itaque
766 2377 817 2413 de
843 2377 1008 2413 consilio
1036 2378 1195 2413 Patrum
1226 2378 1350 2414 adiuit
1374 2378 1538 2413 Paulum
1569 2378 1613 2414 P.
1635 2379 1805 2424 Laynes,

173 2447 276 2484 quae
292 2432 536 2472 turbaverint
565 2435 770 2472 Bobadilla
793 2442 834 2472 et
852 2436 1030 2481 Pontius,
1049 2443 1184 2483 petere
1214 2449 1237 2473 a
1255 2437 1525 2482 Sanctissimo,
1545 2448 1613 2484 pro
1645 2437 1729 2472 eius
1748 2448 1807 2471 sa-

176 2494 337 2542 pientia,
354 2496 514 2547 v'twhanc
542 2506 700 2531 causam
719 2495 953 2542 intelligere,
975 2501 1016 2531 et
1034 2495 1169 2532 fouere
1193 2496 1431 2532 Societatem
1447 2507 1491 2531 ac
1510 2508 1579 2531 sua
1597 2496 1805 2531 clementia

58 2595 63 2608 ι
96 2551 99 2553 ’
122 2565 127 2567 ·
176 2564 354 2591 recreare
371 2554 539 2601 [vellet].
557 2554 734 2600 Benigne
752 2554 903 2590 audiuit
920 2556 1079 2600 Paulus,
1098 2561 1138 2590 et
1154 2555 1351 2602 pollicitus
1376 2561 1436 2590 est
1454 2567 1497 2590 se
1522 2555 1710 2590 Societati
1728 2566 1803 2589 non

175 2611 414 2662 defuturum:
439 2612 657 2649 nominaret
687 2613 803 2649 Pater
833 2614 1002 2649 vicarius
1029 2615 1199 2661 aliquem
1217 2614 1471 2659 cardinalem,
1493 2625 1561 2660 per
1584 2624 1700 2659 quern
1719 2613 1803 2658 ipse

176 2671 227 2708 de
242 2671 304 2708 his
320 2673 439 2708 rebus
463 2677 735 2718 cognosceret.
761 2673 860 2709 Eum
890 2673 1004 2709 nobis
1027 2672 1110 2708 fore
1135 2673 1401 2719 gratissimum
1433 2672 1649 2719 (respondit
1673 2672 1805 2716 Pater)

176 2742 295 2779 quem
311 2732 434 2778 ipsius
452 2731 639 2767 sanctitas
657 2731 895 2778 designaret.
918 2733 987 2768 Est
1004 2732 1236 2778 designatus
1248 2744 1270 2768 a
1288 2733 1408 2767 Paulo
1423 2731 1711 2768 alexandrinus.
1732 2731 1807 2766 Hic

55 2802 63 2810 ⁴
114 2823 117 2827 .
175 2790 411 2827 amicissime
428 2790 632 2826 nobiscum
662 2791 790 2837 egit...
822 2791 958 2827 Voluit
987 2802 1123 2827 omnes
1154 2791 1290 2828 Patres
1321 2791 1453 2826 audire
1484 2790 1804 2827 alexandrinus...

54 2868 60 2875 =
128 2843 130 2845 ’
178 2848 335 2885 Auditis
352 2849 535 2885 omnibus
552 2848 749 2895 Patribus,
768 2861 846 2885 non
864 2851 1031 2885 obscure
1050 2849 1294 2886 intellectum
1313 2856 1372 2884 est
1394 2849 1488 2884 nihil
1507 2849 1610 2884 aliud
1635 2848 1808 2884 cardina-

176 2907 255 2944 lem
271 2919 322 2944 ex
341 2907 447 2943 omni
475 2907 630 2943 actione
657 2908 880 2954 collegisse,
906 2920 1022 2956 quam
1046 2909 1244 2955 prophane
1272 2920 1315 2944 ac
1341 2908 1526 2943 seditiose
1554 2908 1684 2953 egisse
1711 2907 1809 2942 duos

177 2978 359 3014 proceres
378 2966 620 3002 Bobadillam
641 2973 682 3002 et
698 2967 954 3004 Pontium...»

247 3029 262 3048 ⁹
311 3026 398 3062 Hoc
415 3025 642 3062 Bobadillae
661 3027 862 3073 scripturn,
878 3026 918 3062 ni
937 3026 1106 3062 fallimur
1124 3033 1199 3072 est,
1219 3026 1321 3074 quod
1340 3025 1452 3069 infra,
1480 3027 1552 3062 sub
1574 3037 1733 3061 numero
1751 3038 1809 3061 se-

177 3085 328 3132 quenti,
355 3084 602 3123 exhibemus
