2098 3470
539 277 815 314 Mommmn
841 276 1097 314 Gmummr.
1121 262 1462 314 smmoms-38
1702 286 1771 323 247

274 380 451 424 Caueat
470 378 781 436 prouincialis,
804 385 852 422 et
873 385 1022 422 rector
1043 378 1091 421 in
1111 391 1196 422 suo
1216 377 1392 430 ordine,
1412 393 1471 422 ne
1493 385 1583 421 tam
1607 380 1816 435 frequen·

184 463 256 500 ter
291 457 600 501 concedantur
638 455 838 500 externis
873 455 1137 499 sacerdotes
1173 455 1231 498 ad
1263 455 1590 499 celebrandum
1629 456 1676 500 in
1717 457 1818 500 aliis

183 533 380 590 templis,
404 539 455 575 vt
480 548 537 577 ex
567 533 645 576 tali
672 532 1007 576 consuetudine
1044 533 1340 575 contrahatur
1366 531 1587 588 obligatio
1615 533 1818 578 Societa-

182 609 254 654 tis.
279 611 506 654 Probatur
526 609 756 655 interdum
779 608 935 666 negari
966 623 1150 665 operam
1181 593 1470 653 sacerdotum
1501 608 1548 651 in
1571 609 1720 653 missis
1743 610 1815 653 di-

180 686 354 739 cendis,
380 688 562 742 quando
581 687 717 731 etiam
738 686 837 731 sine
856 685 1145 730 incommodo
1166 685 1387 742 praestari
1408 701 1462 730 ea
1483 693 1650 742 potest,
1669 702 1728 731 ne
1745 687 1815 730 vi-

180 764 342 809 deatur
363 764 585 820 obligatio
602 763 828 809 contrahi.

270 840 452 898 Singuli
473 841 732 885 sacerdotes
753 840 985 886 celebrent
1006 841 1148 885 semel
1167 855 1250 897 pro
1274 841 1412 884 Patre
1439 839 1644 896 generali
1667 848 1713 884 et
1740 841 1812 897 iis,

181 917 259 974 qui
280 925 389 961 sunt
409 917 456 961 in
478 917 671 961 concilio
698 919 727 971 ²,
753 925 799 962 et
820 918 960 962 semel
981 932 1063 975 pro
1092 919 1147 961 P.
1172 917 1325 962 Natali
1353 925 1399 962 et
1420 917 1519 960 eius
1541 916 1812 971 ministerio,

177 1001 226 1038 et
247 1001 357 1038 tunc
380 995 541 1038 fratres
562 1001 695 1038 orent
714 994 762 1037 in
784 994 944 1039 iisdem
966 995 1131 1038 missis.
1687 1047 1693 1050 ,

266 1071 342 1116 Ad
363 1085 497 1115 casus
517 1072 764 1125 vsurarios,
790 1072 868 1128 qui
890 1073 1038 1116 solent
1059 1086 1302 1117 occurrere
1331 1073 1592 1129 Augustae,
1618 1072 1812 1124 scilicet,

179 1162 286 1192 cum
307 1149 520 1193 Socrates
554 1149 634 1191 dat
661 1149 900 1205 pecuniam
930 1149 1129 1202 Platoni,
1159 1156 1221 1202 et,
1255 1149 1388 1192 saluo
1411 1148 1610 1205 capitali,
1646 1149 1813 1206 accipit

177 1224 374 1282 singulis
393 1225 526 1268 annis
544 1236 568 1280 5
592 1226 666 1269 vel
687 1227 715 1269 6
733 1241 814 1282 pro
842 1239 940 1280 100,
960 1227 1096 1283 plane
1118 1227 1486 1282 respondendum
1514 1240 1632 1278 esse,
1652 1234 1814 1270 contra

177 1302 249 1347 ius
269 1302 476 1346 diuinum
499 1309 546 1348 et
573 1302 779 1355 naturae',
804 1317 890 1347 nec
917 1304 1055 1347 vllam
1082 1318 1221 1360 posse
1249 1303 1479 1360 expectari
1506 1303 1809 1359 dispensatio—

171 1380 347 1424 nemin
368 1381 457 1423 hac
479 1389 543 1434 re,
567 1394 685 1434 esse3
718 1388 871 1425 tamen
894 1380 1068 1424 licitum
1096 1382 1194 1425 fore
1221 1380 1342 1425 idem
1370 1381 1549 1424 lucrum
1579 1380 1806 1436 accipere,

175 1457 265 1510 vel,
289 1457 328 1501 si
349 1456 613 1514 simpliciter
633 1465 679 1501 et
700 1471 861 1500 reuera
882 1458 1055 1514 absque
1087 1458 1192 1501 fuco
1220 1458 1293 1500 vel
1325 1458 1484 1501 fraude
1511 1458 1724 1510 donetur,
1751 1457 1809 1499 li-

173 1533 297 1578 cebit
326 1533 446 1579 idem
474 1542 661 1591 propter
686 1535 903 1578 damnum
940 1548 1182 1591 emergens
1218 1536 1291 1579 vel
1321 1535 1502 1578 lucrum
1535 1549 1737 1588 cessans,
1770 1535 1811 1578 si

175 1624 339 1656 reuera
360 1620 564 1668 emergat
585 1612 658 1654 vel
680 1619 828 1656 cesset
858 1612 1036 1655 lucrum
1063 1612 1282 1666 Socratis,
1307 1612 1346 1655 si
1375 1613 1507 1656 Plato
1534 1613 1704 1655 habeat
1726 1627 1810 1668 pe-

173 1687 355 1732 cuniam
379 1688 600 1743 Socratis,
626 1690 683 1733 ad
705 1704 841 1745 quam
862 1688 1082 1733 rationem
1105 1689 1340 1734 reducitur
1360 1704 1507 1746 poena
1535 1689 1809 1734 conuentio-

171 1764 310 1817 nalis,
341 1765 417 1808 vbi
445 1765 619 1809 scilicet
654 1762 867 1810 Socrates
902 1766 1132 1810 mutuauit
1170 1766 1353 1810 Platoni
1385 1781 1514 1810 suam
1547 1766 1807 1827 pecuniam,

171 1841 349 1886 adiecta
369 1857 532 1899 poena,
555 1851 621 1895 vt,
647 1843 686 1886 si
707 1843 826 1886 intra
848 1844 983 1887 talem
1007 1843 1249 1887 terminum
1272 1858 1366 1887 non
1388 1844 1615 1896 restituat,
1642 1844 1809 1886 debeat

171 1917 246 1976 illi*
257 1927 426 1962 certam
456 1934 679 1964 summam
707 1921 903 1965 soluere.
938 1921 1131 1978 Signum
1168 1929 1338 1974 autem,
1363 1922 1490 1977 quod
1525 1921 1572 1964 in
1600 1922 1807 1965 fraudem

170 1996 480 2040 vsurariorum
502 2012 594 2040 non
616 2003 860 2050 statuatur,
884 1998 930 2040 id
952 2006 1038 2049 est,
1064 2012 1169 2041 cum
1192 1999 1405 2043 Socrates
1432 1999 1586 2042 mallet
1618 1998 1703 2042 sibi
1734 2014 1804 2042 re-

170 2072 300 2116 stitui
321 2087 451 2116 suam
468 2074 707 2130 pecuniam
725 2075 782 2117 ad
800 2075 1044 2119 terminum
1061 2076 1234 2131 absque
1251 2089 1399 2131 poena
1415 2076 1488 2120 vel
1504 2076 1648 2127 lucro,
1670 2090 1805 2131 quam

168 2164 276 2194 cum
304 2164 470 2207 poena.
494 2152 616 2194 Idem
648 2151 842 2207 spectari
874 2158 920 2194 et
957 2151 1100 2208 accipi
1128 2159 1280 2208 potest
1308 2153 1503 2204 lucrum,
1530 2152 1584 2204 si,
1616 2160 1807 2208 accepta

165 2227 380 2284 pecunia,
406 2228 539 2272 Plato
561 2228 735 2273 iustitia
756 2228 884 2285 cogit
906 2243 1092 2272 censum
1110 2244 1247 2286 super
1262 2229 1491 2273 immobile
1509 2229 1692 2284 aliquod
1710 2230 1803 2272 fru—

166 2303 388 2358 ctificans;
413 2305 538 2357 item,
558 2305 597 2348 si
619 2306 830 2350 Socrates
846 2305 969 2350 ineat
986 2319 1090 2348 cum
1112 2306 1303 2349 Platone
1319 2306 1583 2349 societatem
1603 2307 1661 2349 ad
1679 2321 1803 2348 mer-

165 2380 413 2426 cimonium
435 2380 740 2426 exercendum
763 2382 912 2438 (modo
934 2381 1137 2438 legitima
1158 2382 1218 2425 sit
1248 2382 1473 2439 societas),
1500 2390 1546 2427 et
1579 2383 1797 2426 Socrates

165 2464 256 2502 stat
276 2458 456 2514 vtrique
475 2466 521 2502 et
542 2459 708 2502 damno
729 2466 775 2503 et
795 2459 923 2502 lucro
944 2459 978 2501 ³.

254 2536 424 2579 Casum
446 2535 573 2578 illum
602 2536 902 2591 frequentem,
926 2536 1110 2591 quando
1131 2536 1344 2579 venditur
1364 2551 1446 2580 seu
1477 2537 1668 2579 traditur
1701 2544 1798 2578 tota

163 2627 341 2656 summa
362 2612 599 2668 pecuniae,
624 2619 686 2664 et,
709 2612 787 2668 qui
803 2626 903 2655 eam
926 2612 1102 2669 recipit,
1126 2628 1176 2657 se
1198 2613 1372 2670 obligat
1388 2613 1433 2655 in
1452 2622 1722 2669 perpetuum
1746 2627 1799 2654 se

164 2688 409 2744 quotannis
429 2689 683 2732 soluturum
708 2699 731 2744 5
754 2689 827 2732 vel
850 2690 877 2732 6
899 2703 980 2746 pro
1014 2702 1111 2743 100,
1137 2704 1229 2732 non
1257 2689 1471 2746 intelligit
1502 2692 1638 2732 Pater
1667 2703 1795 2731 com-

237 2849 247 2869 ¹
297 2848 340 2883 In
357 2847 523 2883 concilio
541 2847 754 2884 tridentino
773 2849 1032 2884 versabantur
1046 2859 1093 2884 eo
1108 2854 1285 2895 tempore
1300 2849 1343 2883 P.
1361 2848 1534 2893 Lainius,
1551 2848 1799 2893 praepositus

160 2906 358 2952 generalis
376 2906 601 2953 Societatis,
618 2907 663 2942 P.
691 2907 900 2952 Polancus,
918 2907 1047 2942 eidem
1076 2919 1099 2942 a
1124 2907 1304 2950 secretis,
1334 2914 1374 2941 et
1405 2907 1447 2943 P.
1470 2906 1686 2951 SaIrnemn,
1706 2917 1798 2941 cum

161 2966 479 3001 amanuensibus.
778 3011 784 3015 .

230 3028 246 3047 ²·
295 3025 355 3063 Cf.
376 3024 642 3072 &secuntum
673 3026 749 3062 loc.
780 3026 865 3072 cit.‚
890 3031 990 3072 part.
1022 3026 1090 3069 IV,
1116 3026 1185 3061 lib.
1206 3026 1278 3070 111,
1301 3037 1364 3060 nn.
1390 3025 1558 3071 116-1223
1591 3030 1630 3060 et
1654 3024 1790 3071 Epist.

161 3084 218 3121 P.
239 3083 390 3126 Nadal,
410 3085 477 3129 III,
495 3093 579 3130 712.
