<?xml version="1.0" encoding="UTF-8"?>
<!DOCTYPE html PUBLIC "-//W3C//DTD XHTML 1.0 Transitional//EN"
    "http://www.w3.org/TR/xhtml1/DTD/xhtml1-transitional.dtd">
<html xmlns="http://www.w3.org/1999/xhtml" xml:lang="en" lang="en">
 <head>
  <title>
</title>
<meta http-equiv="Content-Type" content="text/html;charset=utf-8" />
  <meta name='ocr-system' content='tesseract 3.04.00' />
  <meta name='ocr-capabilities' content='ocr_page ocr_carea ocr_par ocr_line ocrx_word'/>
</head>
<body>
  <div class='ocr_page' id='page_1' title='image "./epistolaephieron04nadauoft_0598.png"; bbox 0 0 2098 3470; ppageno 0'>
   <div class='ocr_carea' id='block_1_1' title="bbox 275 253 1350 299">
    <p class='ocr_par' dir='ltr' id='par_1_1' title="bbox 275 253 1350 299">
     <span class='ocr_line' id='line_1_1' title="bbox 275 253 1350 299; baseline 0.001 -10"><span class='ocrx_word' id='word_1_1' title='bbox 275 261 343 299; x_wconf 82' lang='lat'><strong>572</strong></span> <span class='ocrx_word' id='word_1_2' title='bbox 746 253 901 290; x_wconf 55' lang='lat' dir='ltr'><strong>Parius</strong></span> <span class='ocrx_word' id='word_1_3' title='bbox 927 254 1172 290; x_wconf 73' lang='lat' dir='ltr'><strong>HmRoNYffl</strong></span> <span class='ocrx_word' id='word_1_4' title='bbox 1199 253 1350 297; x_wconf 72' lang='lat' dir='ltr'><strong>NADAL</strong></span> 
     </span>
    </p>
   </div>
   <div class='ocr_carea' id='block_1_2' title="bbox 218 354 1910 2945">
    <p class='ocr_par' dir='ltr' id='par_1_2' title="bbox 221 354 1863 796">
     <span class='ocr_line' id='line_1_2' title="bbox 313 354 1863 411; baseline -0.001 -11"><span class='ocrx_word' id='word_1_5' title='bbox 313 355 460 411; x_wconf 83' lang='lat' dir='ltr'><strong>Coqui</strong></span> <span class='ocrx_word' id='word_1_6' title='bbox 482 369 659 411; x_wconf 84' lang='lat' dir='ltr'><strong>semper</strong></span> <span class='ocrx_word' id='word_1_7' title='bbox 681 369 814 399; x_wconf 90' lang='lat' dir='ltr'><strong>suum</strong></span> <span class='ocrx_word' id='word_1_8' title='bbox 837 354 1009 399; x_wconf 90' lang='lat' dir='ltr'><strong>socium</strong></span> <span class='ocrx_word' id='word_1_9' title='bbox 1033 356 1203 399; x_wconf 85' lang='lat' dir='ltr'><strong>habere</strong></span> <span class='ocrx_word' id='word_1_10' title='bbox 1225 355 1409 408; x_wconf 83' lang='lat' dir='ltr'><strong>debent3</strong></span> <span class='ocrx_word' id='word_1_11' title='bbox 1433 355 1495 398; x_wconf 91' lang='lat' dir='ltr'><strong>ita</strong></span> <span class='ocrx_word' id='word_1_12' title='bbox 1512 355 1590 400; x_wconf 88' lang='lat' dir='ltr'><strong>fiet</strong></span> <span class='ocrx_word' id='word_1_13' title='bbox 1609 362 1657 398; x_wconf 92' lang='lat' dir='ltr'><strong>vt</strong></span> <span class='ocrx_word' id='word_1_14' title='bbox 1675 369 1863 399; x_wconf 85' lang='lat' dir='ltr'><strong>succes-</strong></span> 
     </span>
     <span class='ocr_line' id='line_1_3' title="bbox 225 431 1857 489; baseline 0.001 -14"><span class='ocrx_word' id='word_1_15' title='bbox 225 432 325 475; x_wconf 80' lang='lat' dir='ltr'><strong>siue</strong></span> <span class='ocrx_word' id='word_1_16' title='bbox 346 436 432 479; x_wconf 81' lang='lat'><strong>550</strong></span> <span class='ocrx_word' id='word_1_17' title='bbox 454 431 662 484; x_wconf 88' lang='lat' dir='ltr'><strong>orationi,</strong></span> <span class='ocrx_word' id='word_1_18' title='bbox 688 431 911 475; x_wconf 90' lang='lat' dir='ltr'><strong>matutino</strong></span> <span class='ocrx_word' id='word_1_19' title='bbox 932 431 1197 488; x_wconf 87' lang='lat' dir='ltr'><strong>praesertim</strong></span> <span class='ocrx_word' id='word_1_20' title='bbox 1228 439 1444 488; x_wconf 87' lang='lat' dir='ltr'><strong>tempore,</strong></span> <span class='ocrx_word' id='word_1_21' title='bbox 1472 445 1634 475; x_wconf 86' lang='lat' dir='ltr'><strong>vacare</strong></span> <span class='ocrx_word' id='word_1_22' title='bbox 1664 434 1857 489; x_wconf 78' lang='lat' dir='ltr'>possint.</span> 
     </span>
     <span class='ocr_line' id='line_1_4' title="bbox 226 507 1859 565; baseline -0.001 -13"><span class='ocrx_word' id='word_1_23' title='bbox 226 510 292 552; x_wconf 91' lang='lat' dir='ltr'><strong>Eo</strong></span> <span class='ocrx_word' id='word_1_24' title='bbox 314 509 433 553; x_wconf 90' lang='lat' dir='ltr'><strong>enim</strong></span> <span class='ocrx_word' id='word_1_25' title='bbox 456 515 673 565; x_wconf 87' lang='lat' dir='ltr'><strong>tempore,</strong></span> <span class='ocrx_word' id='word_1_26' title='bbox 701 523 805 552; x_wconf 90' lang='lat' dir='ltr'><strong>cum</strong></span> <span class='ocrx_word' id='word_1_27' title='bbox 827 523 944 551; x_wconf 91' lang='lat' dir='ltr'><strong>vnus</strong></span> <span class='ocrx_word' id='word_1_28' title='bbox 976 508 1058 551; x_wconf 88' lang='lat' dir='ltr'><strong>erit</strong></span> <span class='ocrx_word' id='word_1_29' title='bbox 1084 508 1127 550; x_wconf 90' lang='lat' dir='ltr'><strong>in</strong></span> <span class='ocrx_word' id='word_1_30' title='bbox 1164 507 1384 562; x_wconf 88' lang='lat' dir='ltr'><strong>oratione,</strong></span> <span class='ocrx_word' id='word_1_31' title='bbox 1425 508 1540 552; x_wconf 90' lang='lat' dir='ltr'><strong>alius</strong></span> <span class='ocrx_word' id='word_1_32' title='bbox 1561 509 1740 552; x_wconf 83' lang='lat' dir='ltr'>curabit</span> <span class='ocrx_word' id='word_1_33' title='bbox 1764 523 1859 552; x_wconf 90' lang='lat' dir='ltr'><strong>rem</strong></span> 
     </span>
     <span class='ocr_line' id='line_1_5' title="bbox 221 585 1859 642; baseline 0 -14"><span class='ocrx_word' id='word_1_34' title='bbox 221 585 507 630; x_wconf 90' lang='lat' dir='ltr'><strong>culinariam.</strong></span> <span class='ocrx_word' id='word_1_35' title='bbox 532 586 671 641; x_wconf 76' lang='lat' dir='ltr'><strong>Quod</strong></span> <span class='ocrx_word' id='word_1_36' title='bbox 692 585 730 628; x_wconf 90' lang='lat' dir='ltr'><strong>si</strong></span> <span class='ocrx_word' id='word_1_37' title='bbox 766 585 938 629; x_wconf 89' lang='lat' dir='ltr'><strong>socium</strong></span> <span class='ocrx_word' id='word_1_38' title='bbox 976 586 1144 628; x_wconf 90' lang='lat' dir='ltr'><strong>habere</strong></span> <span class='ocrx_word' id='word_1_39' title='bbox 1183 599 1274 628; x_wconf 89' lang='lat' dir='ltr'><strong>non</strong></span> <span class='ocrx_word' id='word_1_40' title='bbox 1298 585 1455 641; x_wconf 86' lang='lat' dir='ltr'>possit,</span> <span class='ocrx_word' id='word_1_41' title='bbox 1498 599 1675 642; x_wconf 90' lang='lat' dir='ltr'><strong>coquus</strong></span> <span class='ocrx_word' id='word_1_42' title='bbox 1708 592 1859 630; x_wconf 91' lang='lat' dir='ltr'><strong>tamen</strong></span> 
     </span>
     <span class='ocr_line' id='line_1_6' title="bbox 221 660 1860 723; baseline -0.001 -17"><span class='ocrx_word' id='word_1_43' title='bbox 221 662 408 718; x_wconf 81' lang='lat' dir='ltr'>aliquod</span> <span class='ocrx_word' id='word_1_44' title='bbox 426 669 605 719; x_wconf 90' lang='lat' dir='ltr'><strong>tempus</strong></span> <span class='ocrx_word' id='word_1_45' title='bbox 626 661 817 719; x_wconf 91' lang='lat' dir='ltr'><strong>accipiat</strong></span> <span class='ocrx_word' id='word_1_46' title='bbox 838 661 1030 706; x_wconf 91' lang='lat' dir='ltr'><strong>liberum</strong></span> <span class='ocrx_word' id='word_1_47' title='bbox 1057 668 1103 704; x_wconf 89' lang='lat' dir='ltr'><strong>vt</strong></span> <span class='ocrx_word' id='word_1_48' title='bbox 1125 660 1321 704; x_wconf 89' lang='lat' dir='ltr'><strong>orationi</strong></span> <span class='ocrx_word' id='word_1_49' title='bbox 1344 662 1421 705; x_wconf 90' lang='lat' dir='ltr'><strong>det</strong></span> <span class='ocrx_word' id='word_1_50' title='bbox 1444 676 1642 718; x_wconf 83' lang='lat' dir='ltr'>operam.</span> <span class='ocrx_word' id='word_1_51' title='bbox 1663 662 1714 723; x_wconf 83' lang='lat' dir='ltr'><strong>Id</strong></span> <span class='ocrx_word' id='word_1_52' title='bbox 1731 661 1860 706; x_wconf 84' lang='lat' dir='ltr'><strong>vide-</strong></span> 
     </span>
     <span class='ocr_line' id='line_1_7' title="bbox 224 738 771 796; baseline 0.002 -15"><span class='ocrx_word' id='word_1_53' title='bbox 224 739 329 783; x_wconf 88' lang='lat' dir='ltr'><strong>licet</strong></span> <span class='ocrx_word' id='word_1_54' title='bbox 351 739 529 782; x_wconf 83' lang='lat' dir='ltr'>curabit</span> <span class='ocrx_word' id='word_1_55' title='bbox 550 738 771 796; x_wconf 90' lang='lat' dir='ltr'><strong>superior.</strong></span> 
     </span>
    </p>

    <p class='ocr_par' dir='ltr' id='par_1_3' title="bbox 223 814 1862 946">
     <span class='ocr_line' id='line_1_8' title="bbox 313 814 1862 871; baseline -0.002 -12"><span class='ocrx_word' id='word_1_56' title='bbox 313 817 384 860; x_wconf 92' lang='lat' dir='ltr'><strong>Ne</strong></span> <span class='ocrx_word' id='word_1_57' title='bbox 405 814 806 871; x_wconf 82' lang='lat' dir='ltr'><strong>praetermittatur,</strong></span> <span class='ocrx_word' id='word_1_58' title='bbox 832 829 935 858; x_wconf 87' lang='lat' dir='ltr'><strong>cum</strong></span> <span class='ocrx_word' id='word_1_59' title='bbox 961 817 1119 859; x_wconf 88' lang='lat' dir='ltr'><strong>Patres</strong></span> <span class='ocrx_word' id='word_1_60' title='bbox 1142 814 1300 858; x_wconf 90' lang='lat' dir='ltr'><strong>dicunt</strong></span> <span class='ocrx_word' id='word_1_61' title='bbox 1323 814 1483 858; x_wconf 88' lang='lat' dir='ltr'><strong>missas</strong></span> <span class='ocrx_word' id='word_1_62' title='bbox 1505 829 1587 871; x_wconf 90' lang='lat' dir='ltr'><strong>pro</strong></span> <span class='ocrx_word' id='word_1_63' title='bbox 1605 814 1862 858; x_wconf 81' lang='lat' dir='ltr'><strong>fundatori-</strong></span> 
     </span>
     <span class='ocr_line' id='line_1_9' title="bbox 223 891 1545 946; baseline -0.002 -10"><span class='ocrx_word' id='word_1_64' title='bbox 223 893 325 946; x_wconf 87' lang='lat' dir='ltr'><strong>bus,</strong></span> <span class='ocrx_word' id='word_1_65' title='bbox 351 900 399 935; x_wconf 90' lang='lat' dir='ltr'><strong>vt</strong></span> <span class='ocrx_word' id='word_1_66' title='bbox 424 893 584 937; x_wconf 88' lang='lat' dir='ltr'><strong>fratres</strong></span> <span class='ocrx_word' id='word_1_67' title='bbox 607 891 742 937; x_wconf 91' lang='lat' dir='ltr'><strong>etiam</strong></span> <span class='ocrx_word' id='word_1_68' title='bbox 767 899 898 937; x_wconf 88' lang='lat' dir='ltr'><strong>orent</strong></span> <span class='ocrx_word' id='word_1_69' title='bbox 922 893 979 934; x_wconf 89' lang='lat' dir='ltr'><strong>ad</strong></span> <span class='ocrx_word' id='word_1_70' title='bbox 1002 891 1206 936; x_wconf 90' lang='lat' dir='ltr'><strong>eamdem</strong></span> <span class='ocrx_word' id='word_1_71' title='bbox 1230 891 1545 935; x_wconf 88' lang='lat' dir='ltr'><strong>intentionem.</strong></span> 
     </span>
    </p>

    <p class='ocr_par' dir='ltr' id='par_1_4' title="bbox 220 967 1910 1167">
     <span class='ocr_line' id='line_1_10' title="bbox 311 967 1861 1024; baseline -0.001 -12"><span class='ocrx_word' id='word_1_72' title='bbox 311 971 514 1012; x_wconf 83' lang='lat' dir='ltr'><strong>Ponatur</strong></span> <span class='ocrx_word' id='word_1_73' title='bbox 551 969 716 1013; x_wconf 89' lang='lat' dir='ltr'><strong>tabella</strong></span> <span class='ocrx_word' id='word_1_74' title='bbox 752 969 798 1011; x_wconf 94' lang='lat' dir='ltr'><strong>in</strong></span> <span class='ocrx_word' id='word_1_75' title='bbox 832 969 1043 1024; x_wconf 87' lang='lat' dir='ltr'><strong>ingressu</strong></span> <span class='ocrx_word' id='word_1_76' title='bbox 1081 967 1331 1020; x_wconf 83' lang='lat' dir='ltr'><strong>coenaculi,</strong></span> <span class='ocrx_word' id='word_1_77' title='bbox 1372 967 1419 1010; x_wconf 92' lang='lat' dir='ltr'><strong>in</strong></span> <span class='ocrx_word' id='word_1_78' title='bbox 1445 982 1534 1023; x_wconf 85' lang='lat' dir='ltr'><strong>qua</strong></span> <span class='ocrx_word' id='word_1_79' title='bbox 1564 974 1748 1011; x_wconf 86' lang='lat' dir='ltr'><strong>notatae</strong></span> <span class='ocrx_word' id='word_1_80' title='bbox 1770 967 1861 1010; x_wconf 90' lang='lat' dir='ltr'><strong>sint</strong></span> 
     </span>
     <span class='ocr_line' id='line_1_11' title="bbox 220 1043 1910 1101; baseline -0.001 -13"><span class='ocrx_word' id='word_1_81' title='bbox 220 1046 478 1089; x_wconf 89' lang='lat' dir='ltr'><strong>orationum</strong></span> <span class='ocrx_word' id='word_1_82' title='bbox 500 1052 546 1089; x_wconf 91' lang='lat' dir='ltr'><strong>et</strong></span> <span class='ocrx_word' id='word_1_83' title='bbox 576 1045 815 1089; x_wconf 87' lang='lat' dir='ltr'><strong>missarum</strong></span> <span class='ocrx_word' id='word_1_84' title='bbox 839 1044 1164 1101; x_wconf 84' lang='lat' dir='ltr'><strong>applicationes</strong></span> <span class='ocrx_word' id='word_1_85' title='bbox 1191 1044 1444 1089; x_wconf 86' lang='lat' dir='ltr'><strong>ordinariae</strong></span> <span class='ocrx_word' id='word_1_86' title='bbox 1473 1051 1519 1087; x_wconf 87' lang='lat' dir='ltr'><strong>et</strong></span> <span class='ocrx_word' id='word_1_87' title='bbox 1548 1043 1861 1088; x_wconf 84' lang='lat' dir='ltr'><strong>extraordina-</strong></span> <span class='ocrx_word' id='word_1_88' title='bbox 1906 1072 1910 1075; x_wconf 57' lang='grc'><strong>«</strong></span> 
     </span>
     <span class='ocr_line' id='line_1_12' title="bbox 226 1122 1843 1167; baseline -0.001 -2"><span class='ocrx_word' id='word_1_89' title='bbox 226 1122 334 1167; x_wconf 86' lang='lat' dir='ltr'><strong>riae.</strong></span> <span class='ocrx_word' id='word_1_90' title='bbox 1841 1127 1843 1129; x_wconf 82' lang='grc'><strong>’</strong></span> 
     </span>
    </p>

    <p class='ocr_par' dir='ltr' id='par_1_5' title="bbox 218 1197 1861 1948">
     <span class='ocr_line' id='line_1_13' title="bbox 312 1197 1860 1255; baseline -0.002 -12"><span class='ocrx_word' id='word_1_91' title='bbox 312 1198 547 1243; x_wconf 88' lang='lat' dir='ltr'><strong>Fratribus</strong></span> <span class='ocrx_word' id='word_1_92' title='bbox 575 1200 690 1243; x_wconf 90' lang='lat' dir='ltr'><strong>solet</strong></span> <span class='ocrx_word' id='word_1_93' title='bbox 718 1198 813 1243; x_wconf 89' lang='lat' dir='ltr'><strong>dari</strong></span> <span class='ocrx_word' id='word_1_94' title='bbox 853 1199 1044 1242; x_wconf 86' lang='lat' dir='ltr'><strong>facultas</strong></span> <span class='ocrx_word' id='word_1_95' title='bbox 1076 1197 1442 1241; x_wconf 89' lang='lat' dir='ltr'><strong>communicandi</strong></span> <span class='ocrx_word' id='word_1_96' title='bbox 1480 1197 1705 1255; x_wconf 90' lang='lat' dir='ltr'><strong>aliquibus</strong></span> <span class='ocrx_word' id='word_1_97' title='bbox 1742 1198 1860 1241; x_wconf 87' lang='lat' dir='ltr'><strong>sole-</strong></span> 
     </span>
     <span class='ocr_line' id='line_1_14' title="bbox 221 1274 1861 1332; baseline -0.001 -13"><span class='ocrx_word' id='word_1_98' title='bbox 221 1276 469 1320; x_wconf 89' lang='lat' dir='ltr'><strong>mnioribus</strong></span> <span class='ocrx_word' id='word_1_99' title='bbox 492 1275 834 1330; x_wconf 89' lang='lat' dir='ltr'><strong>festiuitatibus,</strong></span> <span class='ocrx_word' id='word_1_100' title='bbox 861 1282 1041 1332; x_wconf 90' lang='lat' dir='ltr'><strong>praeter</strong></span> <span class='ocrx_word' id='word_1_101' title='bbox 1058 1275 1155 1318; x_wconf 88' lang='lat' dir='ltr'><strong>dies</strong></span> <span class='ocrx_word' id='word_1_102' title='bbox 1173 1275 1444 1328; x_wconf 89' lang='lat' dir='ltr'><strong>dominicos,</strong></span> <span class='ocrx_word' id='word_1_103' title='bbox 1464 1274 1555 1318; x_wconf 90' lang='lat' dir='ltr'><strong>imo</strong></span> <span class='ocrx_word' id='word_1_104' title='bbox 1576 1289 1685 1318; x_wconf 88' lang='lat' dir='ltr'><strong>vero</strong></span> <span class='ocrx_word' id='word_1_105' title='bbox 1700 1274 1861 1318; x_wconf 91' lang='lat' dir='ltr'><strong>indici-</strong></span> 
     </span>
     <span class='ocr_line' id='line_1_15' title="bbox 219 1351 1859 1408; baseline -0.001 -11"><span class='ocrx_word' id='word_1_106' title='bbox 219 1361 294 1397; x_wconf 90' lang='lat' dir='ltr'><strong>tur</strong></span> <span class='ocrx_word' id='word_1_107' title='bbox 314 1360 363 1396; x_wconf 93' lang='lat' dir='ltr'><strong>vt</strong></span> <span class='ocrx_word' id='word_1_108' title='bbox 385 1352 738 1405; x_wconf 87' lang='lat' dir='ltr'><strong>communicent,</strong></span> <span class='ocrx_word' id='word_1_109' title='bbox 765 1360 812 1395; x_wconf 90' lang='lat' dir='ltr'><strong>vt</strong></span> <span class='ocrx_word' id='word_1_110' title='bbox 829 1352 875 1395; x_wconf 89' lang='lat' dir='ltr'><strong>in</strong></span> <span class='ocrx_word' id='word_1_111' title='bbox 893 1352 966 1397; x_wconf 92' lang='lat' dir='ltr'><strong>die</strong></span> <span class='ocrx_word' id='word_1_112' title='bbox 984 1351 1251 1405; x_wconf 90' lang='lat' dir='ltr'><strong>natiuitatis,</strong></span> <span class='ocrx_word' id='word_1_113' title='bbox 1273 1351 1648 1406; x_wconf 87' lang='lat' dir='ltr'><strong>circumcisionis,</strong></span> <span class='ocrx_word' id='word_1_114' title='bbox 1667 1351 1859 1408; x_wconf 87' lang='lat' dir='ltr'><strong>epipha-</strong></span> 
     </span>
     <span class='ocr_line' id='line_1_16' title="bbox 219 1428 1858 1485; baseline -0.001 -12"><span class='ocrx_word' id='word_1_115' title='bbox 219 1429 336 1482; x_wconf 86' lang='lat' dir='ltr'><strong>niae,</strong></span> <span class='ocrx_word' id='word_1_116' title='bbox 362 1429 710 1482; x_wconf 86' lang='lat' dir='ltr'><strong>anunciationis,</strong></span> <span class='ocrx_word' id='word_1_117' title='bbox 736 1428 1029 1481; x_wconf 88' lang='lat' dir='ltr'><strong>ascensionis,</strong></span> <span class='ocrx_word' id='word_1_118' title='bbox 1056 1430 1258 1485; x_wconf 90' lang='lat' dir='ltr'><strong>corporis</strong></span> <span class='ocrx_word' id='word_1_119' title='bbox 1280 1428 1471 1482; x_wconf 88' lang='lat' dir='ltr'><strong>Christi,</strong></span> <span class='ocrx_word' id='word_1_120' title='bbox 1497 1428 1544 1471; x_wconf 90' lang='lat' dir='ltr'><strong>in</strong></span> <span class='ocrx_word' id='word_1_121' title='bbox 1566 1428 1640 1473; x_wconf 91' lang='lat' dir='ltr'><strong>die</strong></span> <span class='ocrx_word' id='word_1_122' title='bbox 1673 1435 1858 1472; x_wconf 90' lang='lat' dir='ltr'><strong>sancto-</strong></span> 
     </span>
     <span class='ocr_line' id='line_1_17' title="bbox 220 1505 1860 1564; baseline -0.001 -15"><span class='ocrx_word' id='word_1_123' title='bbox 220 1521 321 1550; x_wconf 88' lang='lat' dir='ltr'><strong>rum</strong></span> <span class='ocrx_word' id='word_1_124' title='bbox 361 1505 484 1550; x_wconf 88' lang='lat' dir='ltr'><strong>Petri</strong></span> <span class='ocrx_word' id='word_1_125' title='bbox 520 1513 565 1550; x_wconf 91' lang='lat' dir='ltr'><strong>et</strong></span> <span class='ocrx_word' id='word_1_126' title='bbox 605 1506 752 1558; x_wconf 87' lang='lat' dir='ltr'><strong>Pauli,</strong></span> <span class='ocrx_word' id='word_1_127' title='bbox 794 1513 838 1550; x_wconf 90' lang='lat' dir='ltr'><strong>et</strong></span> <span class='ocrx_word' id='word_1_128' title='bbox 877 1506 1067 1549; x_wconf 91' lang='lat' dir='ltr'><strong>aliorum</strong></span> <span class='ocrx_word' id='word_1_129' title='bbox 1106 1506 1431 1562; x_wconf 85' lang='lat' dir='ltr'><strong>apostolorum,</strong></span> <span class='ocrx_word' id='word_1_130' title='bbox 1474 1510 1542 1553; x_wconf 81' lang='lat'><strong>551</strong></span> <span class='ocrx_word' id='word_1_131' title='bbox 1584 1507 1633 1551; x_wconf 90' lang='lat' dir='ltr'><strong>S.</strong></span> <span class='ocrx_word' id='word_1_132' title='bbox 1670 1505 1860 1564; x_wconf 91' lang='lat' dir='ltr'><strong>Joannis</strong></span> 
     </span>
     <span class='ocr_line' id='line_1_18' title="bbox 222 1582 1857 1640; baseline -0.001 -13"><span class='ocrx_word' id='word_1_133' title='bbox 222 1583 469 1640; x_wconf 87' lang='lat' dir='ltr'><strong>Baptistae,</strong></span> <span class='ocrx_word' id='word_1_134' title='bbox 490 1583 810 1640; x_wconf 88' lang='lat' dir='ltr'><strong>assumptionis</strong></span> <span class='ocrx_word' id='word_1_135' title='bbox 831 1584 993 1627; x_wconf 90' lang='lat' dir='ltr'><strong>beatae</strong></span> <span class='ocrx_word' id='word_1_136' title='bbox 1015 1582 1237 1639; x_wconf 85' lang='lat' dir='ltr'><strong>Virginis,</strong></span> <span class='ocrx_word' id='word_1_137' title='bbox 1270 1582 1472 1626; x_wconf 90' lang='lat' dir='ltr'><strong>omnium</strong></span> <span class='ocrx_word' id='word_1_138' title='bbox 1502 1589 1783 1627; x_wconf 89' lang='lat' dir='ltr'><strong>sanctorum:</strong></span> <span class='ocrx_word' id='word_1_139' title='bbox 1811 1590 1857 1627; x_wconf 92' lang='lat' dir='ltr'><strong>et</strong></span> 
     </span>
     <span class='ocr_line' id='line_1_19' title="bbox 222 1659 1855 1716; baseline -0.001 -13"><span class='ocrx_word' id='word_1_140' title='bbox 222 1661 405 1716; x_wconf 89' lang='lat' dir='ltr'><strong>quando</strong></span> <span class='ocrx_word' id='word_1_141' title='bbox 434 1662 521 1704; x_wconf 91' lang='lat' dir='ltr'><strong>hae</strong></span> <span class='ocrx_word' id='word_1_142' title='bbox 558 1659 828 1705; x_wconf 87' lang='lat' dir='ltr'><strong>festiuitates</strong></span> <span class='ocrx_word' id='word_1_143' title='bbox 865 1660 912 1703; x_wconf 92' lang='lat' dir='ltr'><strong>in</strong></span> <span class='ocrx_word' id='word_1_144' title='bbox 934 1660 1007 1704; x_wconf 89' lang='lat' dir='ltr'><strong>die</strong></span> <span class='ocrx_word' id='word_1_145' title='bbox 1045 1659 1222 1703; x_wconf 89' lang='lat' dir='ltr'><strong>sabbati</strong></span> <span class='ocrx_word' id='word_1_146' title='bbox 1245 1660 1316 1703; x_wconf 91' lang='lat' dir='ltr'><strong>vel</strong></span> <span class='ocrx_word' id='word_1_147' title='bbox 1339 1659 1413 1704; x_wconf 92' lang='lat' dir='ltr'><strong>die</strong></span> <span class='ocrx_word' id='word_1_148' title='bbox 1434 1660 1570 1704; x_wconf 89' lang='lat' dir='ltr'><strong>lunae</strong></span> <span class='ocrx_word' id='word_1_149' title='bbox 1593 1667 1855 1712; x_wconf 89' lang='lat' dir='ltr'><strong>occurrent,</strong></span> 
     </span>
     <span class='ocr_line' id='line_1_20' title="bbox 218 1736 1854 1781; baseline 0 -1"><span class='ocrx_word' id='word_1_150' title='bbox 218 1738 516 1781; x_wconf 88' lang='lat' dir='ltr'><strong>transferatur</strong></span> <span class='ocrx_word' id='word_1_151' title='bbox 537 1737 795 1780; x_wconf 81' lang='lat' dir='ltr'><strong>communio</strong></span> <span class='ocrx_word' id='word_1_152' title='bbox 819 1737 1073 1781; x_wconf 89' lang='lat' dir='ltr'><strong>dominicae</strong></span> <span class='ocrx_word' id='word_1_153' title='bbox 1095 1737 1142 1780; x_wconf 92' lang='lat' dir='ltr'><strong>in</strong></span> <span class='ocrx_word' id='word_1_154' title='bbox 1164 1736 1308 1780; x_wconf 89' lang='lat' dir='ltr'><strong>dictas</strong></span> <span class='ocrx_word' id='word_1_155' title='bbox 1333 1736 1621 1781; x_wconf 89' lang='lat' dir='ltr'><strong>festiuitates.</strong></span> <span class='ocrx_word' id='word_1_156' title='bbox 1649 1736 1767 1780; x_wconf 91' lang='lat' dir='ltr'><strong>Aliis</strong></span> <span class='ocrx_word' id='word_1_157' title='bbox 1786 1738 1854 1780; x_wconf 88' lang='lat' dir='ltr'><strong>fe-</strong></span> 
     </span>
     <span class='ocr_line' id='line_1_21' title="bbox 218 1813 1854 1870; baseline -0.001 -13"><span class='ocrx_word' id='word_1_158' title='bbox 218 1814 300 1857; x_wconf 90' lang='lat' dir='ltr'><strong>stis</strong></span> <span class='ocrx_word' id='word_1_159' title='bbox 321 1814 459 1857; x_wconf 90' lang='lat' dir='ltr'><strong>indici</strong></span> <span class='ocrx_word' id='word_1_160' title='bbox 482 1829 573 1857; x_wconf 88' lang='lat' dir='ltr'><strong>non</strong></span> <span class='ocrx_word' id='word_1_161' title='bbox 595 1814 725 1866; x_wconf 89' lang='lat' dir='ltr'><strong>solet;</strong></span> <span class='ocrx_word' id='word_1_162' title='bbox 752 1813 940 1858; x_wconf 87' lang='lat' dir='ltr'><strong>concedi</strong></span> <span class='ocrx_word' id='word_1_163' title='bbox 963 1820 1130 1870; x_wconf 87' lang='lat' dir='ltr'><strong>potest,</strong></span> <span class='ocrx_word' id='word_1_164' title='bbox 1155 1813 1421 1870; x_wconf 90' lang='lat' dir='ltr'><strong>praesertim</strong></span> <span class='ocrx_word' id='word_1_165' title='bbox 1451 1814 1508 1856; x_wconf 93' lang='lat' dir='ltr'><strong>ob</strong></span> <span class='ocrx_word' id='word_1_166' title='bbox 1538 1813 1854 1858; x_wconf 87' lang='lat' dir='ltr'><strong>necessitatem</strong></span> 
     </span>
     <span class='ocr_line' id='line_1_22' title="bbox 219 1891 890 1948; baseline 0 -14"><span class='ocrx_word' id='word_1_167' title='bbox 219 1891 517 1948; x_wconf 89' lang='lat' dir='ltr'><strong>spiritualem.</strong></span> <span class='ocrx_word' id='word_1_168' title='bbox 886 1938 890 1942; x_wconf 53' lang='lat'>‚</span> 
     </span>
    </p>

    <p class='ocr_par' dir='ltr' id='par_1_6' title="bbox 219 1966 1858 2178">
     <span class='ocr_line' id='line_1_23' title="bbox 312 1966 1858 2024; baseline -0.001 -13"><span class='ocrx_word' id='word_1_169' title='bbox 312 1969 423 2011; x_wconf 88' lang='lat' dir='ltr'><strong>Post</strong></span> <span class='ocrx_word' id='word_1_170' title='bbox 443 1967 681 2024; x_wconf 87' lang='lat' dir='ltr'><strong>prandium</strong></span> <span class='ocrx_word' id='word_1_171' title='bbox 703 1975 782 2011; x_wconf 88' lang='lat' dir='ltr'><strong>aut</strong></span> <span class='ocrx_word' id='word_1_172' title='bbox 805 1982 992 2012; x_wconf 78' lang='lat' dir='ltr'><strong>coenam</strong></span> <span class='ocrx_word' id='word_1_173' title='bbox 1016 1982 1072 2012; x_wconf 92' lang='lat' dir='ltr'><strong>ne</strong></span> <span class='ocrx_word' id='word_1_174' title='bbox 1096 1968 1173 2011; x_wconf 88' lang='lat' dir='ltr'><strong>fiat</strong></span> <span class='ocrx_word' id='word_1_175' title='bbox 1196 1968 1481 2011; x_wconf 87' lang='lat' dir='ltr'><strong>consuetudo</strong></span> <span class='ocrx_word' id='word_1_176' title='bbox 1503 1966 1642 2012; x_wconf 89' lang='lat' dir='ltr'><strong>eundi</strong></span> <span class='ocrx_word' id='word_1_177' title='bbox 1664 1982 1690 2011; x_wconf 92' lang='lat' dir='ltr'><strong>e</strong></span> <span class='ocrx_word' id='word_1_178' title='bbox 1715 1966 1858 2010; x_wconf 83' lang='lat' dir='ltr'><strong>vesti-</strong></span> 
     </span>
     <span class='ocr_line' id='line_1_24' title="bbox 219 2044 1854 2101; baseline -0.001 -14"><span class='ocrx_word' id='word_1_179' title='bbox 219 2044 297 2101; x_wconf 83' lang='lat' dir='ltr'><strong>gio</strong></span> <span class='ocrx_word' id='word_1_180' title='bbox 319 2046 376 2088; x_wconf 91' lang='lat' dir='ltr'><strong>ad</strong></span> <span class='ocrx_word' id='word_1_181' title='bbox 399 2044 652 2099; x_wconf 89' lang='lat' dir='ltr'><strong>ecclesiam,</strong></span> <span class='ocrx_word' id='word_1_182' title='bbox 677 2059 826 2100; x_wconf 86' lang='lat' dir='ltr'><strong>neque</strong></span> <span class='ocrx_word' id='word_1_183' title='bbox 850 2044 998 2097; x_wconf 87' lang='lat' dir='ltr'><strong>simul,</strong></span> <span class='ocrx_word' id='word_1_184' title='bbox 1026 2059 1173 2101; x_wconf 88' lang='lat' dir='ltr'><strong>neque</strong></span> <span class='ocrx_word' id='word_1_185' title='bbox 1195 2058 1419 2098; x_wconf 89' lang='lat' dir='ltr'><strong>seorsum,</strong></span> <span class='ocrx_word' id='word_1_186' title='bbox 1446 2044 1504 2086; x_wconf 90' lang='lat' dir='ltr'><strong>ad</strong></span> <span class='ocrx_word' id='word_1_187' title='bbox 1527 2044 1730 2101; x_wconf 84' lang='lat' dir='ltr'><strong>agendas</strong></span> <span class='ocrx_word' id='word_1_188' title='bbox 1747 2058 1854 2099; x_wconf 85' lang='lat' dir='ltr'><strong>gra-</strong></span> 
     </span>
     <span class='ocr_line' id='line_1_25' title="bbox 222 2121 1685 2178; baseline 0 -14"><span class='ocrx_word' id='word_1_189' title='bbox 222 2121 322 2176; x_wconf 90' lang='lat' dir='ltr'><strong>tias,</strong></span> <span class='ocrx_word' id='word_1_190' title='bbox 348 2123 427 2165; x_wconf 88' lang='lat' dir='ltr'><strong>sed</strong></span> <span class='ocrx_word' id='word_1_191' title='bbox 450 2121 561 2165; x_wconf 90' lang='lat' dir='ltr'><strong>satis</strong></span> <span class='ocrx_word' id='word_1_192' title='bbox 584 2121 642 2165; x_wconf 92' lang='lat' dir='ltr'><strong>sit</strong></span> <span class='ocrx_word' id='word_1_193' title='bbox 664 2136 779 2178; x_wconf 89' lang='lat' dir='ltr'><strong>quae</strong></span> <span class='ocrx_word' id='word_1_194' title='bbox 802 2122 847 2164; x_wconf 91' lang='lat' dir='ltr'><strong>in</strong></span> <span class='ocrx_word' id='word_1_195' title='bbox 871 2121 1113 2166; x_wconf 89' lang='lat' dir='ltr'><strong>refectorio</strong></span> <span class='ocrx_word' id='word_1_196' title='bbox 1135 2128 1243 2164; x_wconf 91' lang='lat' dir='ltr'><strong>sunt</strong></span> <span class='ocrx_word' id='word_1_197' title='bbox 1267 2127 1411 2164; x_wconf 86' lang='lat' dir='ltr'><strong>actae.</strong></span> <span class='ocrx_word' id='word_1_198' title='bbox 1681 2174 1685 2177; x_wconf 16' lang='grc' dir='ltr'><em>η</em></span> 
     </span>
    </p>

    <p class='ocr_par' dir='ltr' id='par_1_7' title="bbox 219 2196 1860 2637">
     <span class='ocr_line' id='line_1_26' title="bbox 312 2196 1858 2254; baseline -0.003 -11"><span class='ocrx_word' id='word_1_199' title='bbox 312 2198 585 2243; x_wconf 89' lang='lat' dir='ltr'><strong>Scholastici</strong></span> <span class='ocrx_word' id='word_1_200' title='bbox 608 2212 698 2241; x_wconf 90' lang='lat' dir='ltr'><strong>non</strong></span> <span class='ocrx_word' id='word_1_201' title='bbox 722 2198 913 2254; x_wconf 88' lang='lat' dir='ltr'><strong>amplius</strong></span> <span class='ocrx_word' id='word_1_202' title='bbox 936 2213 1071 2254; x_wconf 90' lang='lat' dir='ltr'><strong>quam</strong></span> <span class='ocrx_word' id='word_1_203' title='bbox 1089 2200 1246 2241; x_wconf 91' lang='lat' dir='ltr'><strong>horam</strong></span> <span class='ocrx_word' id='word_1_204' title='bbox 1263 2212 1399 2241; x_wconf 90' lang='lat' dir='ltr'><strong>vnam</strong></span> <span class='ocrx_word' id='word_1_205' title='bbox 1416 2197 1642 2241; x_wconf 88' lang='lat' dir='ltr'><strong>ordinarie</strong></span> <span class='ocrx_word' id='word_1_206' title='bbox 1665 2196 1858 2240; x_wconf 89' lang='lat' dir='ltr'><strong>orationi</strong></span> 
     </span>
     <span class='ocr_line' id='line_1_27' title="bbox 219 2274 1853 2332; baseline -0.001 -14"><span class='ocrx_word' id='word_1_207' title='bbox 219 2275 412 2329; x_wconf 91' lang='lat' dir='ltr'><strong>dabunt,</strong></span> <span class='ocrx_word' id='word_1_208' title='bbox 451 2283 590 2332; x_wconf 91' lang='lat' dir='ltr'><strong>prout</strong></span> <span class='ocrx_word' id='word_1_209' title='bbox 626 2274 978 2318; x_wconf 89' lang='lat' dir='ltr'><strong>constitutiones</strong></span> <span class='ocrx_word' id='word_1_210' title='bbox 995 2282 1039 2318; x_wconf 88' lang='lat' dir='ltr'><strong>et</strong></span> <span class='ocrx_word' id='word_1_211' title='bbox 1063 2276 1295 2318; x_wconf 90' lang='lat' dir='ltr'><strong>decretum</strong></span> <span class='ocrx_word' id='word_1_212' title='bbox 1326 2274 1529 2332; x_wconf 86' lang='lat' dir='ltr'><strong>[primae]</strong></span> <span class='ocrx_word' id='word_1_213' title='bbox 1559 2283 1578 2300; x_wconf 76' lang='lat'>²</span> <span class='ocrx_word' id='word_1_214' title='bbox 1599 2288 1853 2331; x_wconf 88' lang='lat' dir='ltr'><strong>congrega-</strong></span> 
     </span>
     <span class='ocr_line' id='line_1_28' title="bbox 223 2345 1860 2408; baseline 0 -14"><span class='ocrx_word' id='word_1_215' title='bbox 223 2351 357 2395; x_wconf 90' lang='lat' dir='ltr'><strong>tionis</strong></span> <span class='ocrx_word' id='word_1_216' title='bbox 373 2351 602 2408; x_wconf 85' lang='lat' dir='ltr'><strong>generalis</strong></span> <span class='ocrx_word' id='word_1_217' title='bbox 616 2345 947 2408; x_wconf 87' lang='lat' dir='ltr'><strong>praescribunt.</strong></span> <span class='ocrx_word' id='word_1_218' title='bbox 971 2353 1135 2395; x_wconf 90' lang='lat' dir='ltr'><strong>Modus</strong></span> <span class='ocrx_word' id='word_1_219' title='bbox 1153 2358 1305 2394; x_wconf 88' lang='lat' dir='ltr'><strong>autem</strong></span> <span class='ocrx_word' id='word_1_220' title='bbox 1324 2350 1423 2395; x_wconf 91' lang='lat' dir='ltr'><strong>eius</strong></span> <span class='ocrx_word' id='word_1_221' title='bbox 1439 2351 1514 2393; x_wconf 93' lang='lat' dir='ltr'><strong>hic</strong></span> <span class='ocrx_word' id='word_1_222' title='bbox 1533 2351 1634 2404; x_wconf 88' lang='lat' dir='ltr'><strong>erit,</strong></span> <span class='ocrx_word' id='word_1_223' title='bbox 1660 2358 1710 2393; x_wconf 88' lang='lat' dir='ltr'><strong>vt</strong></span> <span class='ocrx_word' id='word_1_224' title='bbox 1727 2365 1860 2394; x_wconf 87' lang='lat' dir='ltr'><strong>mane</strong></span> 
     </span>
     <span class='ocr_line' id='line_1_29' title="bbox 223 2427 1860 2486; baseline 0 -16"><span class='ocrx_word' id='word_1_225' title='bbox 223 2427 371 2486; x_wconf 83' lang='lat' dir='ltr'><strong>media</strong></span> <span class='ocrx_word' id='word_1_226' title='bbox 393 2430 504 2472; x_wconf 90' lang='lat' dir='ltr'><strong>hora</strong></span> <span class='ocrx_word' id='word_1_227' title='bbox 540 2428 720 2485; x_wconf 89' lang='lat' dir='ltr'><strong>integra</strong></span> <span class='ocrx_word' id='word_1_228' title='bbox 756 2428 947 2471; x_wconf 90' lang='lat' dir='ltr'><strong>orationi</strong></span> <span class='ocrx_word' id='word_1_229' title='bbox 986 2427 1227 2480; x_wconf 87' lang='lat' dir='ltr'><strong>tribuatur,</strong></span> <span class='ocrx_word' id='word_1_230' title='bbox 1253 2434 1359 2472; x_wconf 92' lang='lat' dir='ltr'><strong>ante</strong></span> <span class='ocrx_word' id='word_1_231' title='bbox 1396 2427 1635 2484; x_wconf 90' lang='lat' dir='ltr'><strong>prandium</strong></span> <span class='ocrx_word' id='word_1_232' title='bbox 1659 2428 1732 2482; x_wconf 73' lang='lat'><strong>4⁸</strong></span> <span class='ocrx_word' id='word_1_233' title='bbox 1755 2442 1860 2484; x_wconf 83' lang='lat' dir='ltr'><strong>pars</strong></span> 
     </span>
     <span class='ocr_line' id='line_1_30' title="bbox 223 2503 1859 2561; baseline -0.001 -14"><span class='ocrx_word' id='word_1_234' title='bbox 223 2506 375 2558; x_wconf 88' lang='lat' dir='ltr'><strong>horae,</strong></span> <span class='ocrx_word' id='word_1_235' title='bbox 400 2505 597 2548; x_wconf 88' lang='lat' dir='ltr'><strong>examini</strong></span> <span class='ocrx_word' id='word_1_236' title='bbox 620 2506 921 2557; x_wconf 90' lang='lat' dir='ltr'><strong>tantumdem,</strong></span> <span class='ocrx_word' id='word_1_237' title='bbox 948 2504 1209 2561; x_wconf 89' lang='lat' dir='ltr'><strong>vespertino</strong></span> <span class='ocrx_word' id='word_1_238' title='bbox 1233 2503 1429 2547; x_wconf 86' lang='lat' dir='ltr'><strong>examini</strong></span> <span class='ocrx_word' id='word_1_239' title='bbox 1461 2511 1704 2560; x_wconf 90' lang='lat' dir='ltr'><strong>antequam</strong></span> <span class='ocrx_word' id='word_1_240' title='bbox 1727 2510 1859 2547; x_wconf 87' lang='lat' dir='ltr'><strong>eatur</strong></span> 
     </span>
     <span class='ocr_line' id='line_1_31' title="bbox 221 2581 961 2637; baseline 0 -12"><span class='ocrx_word' id='word_1_241' title='bbox 221 2582 429 2625; x_wconf 91' lang='lat' dir='ltr'><strong>cubitum</strong></span> <span class='ocrx_word' id='word_1_242' title='bbox 452 2597 564 2626; x_wconf 87' lang='lat' dir='ltr'><strong>suus</strong></span> <span class='ocrx_word' id='word_1_243' title='bbox 586 2581 695 2627; x_wconf 88' lang='lat' dir='ltr'><strong>item</strong></span> <span class='ocrx_word' id='word_1_244' title='bbox 718 2583 961 2637; x_wconf 89' lang='lat' dir='ltr'><strong>quadrans.</strong></span> 
     </span>
    </p>

    <p class='ocr_par' dir='ltr' id='par_1_8' title="bbox 221 2657 1859 2945">
     <span class='ocr_line' id='line_1_32' title="bbox 311 2657 1859 2715; baseline -0.003 -12"><span class='ocrx_word' id='word_1_245' title='bbox 311 2660 558 2704; x_wconf 88' lang='lat' dir='ltr'><strong>Caeterum</strong></span> <span class='ocrx_word' id='word_1_246' title='bbox 581 2666 630 2701; x_wconf 89' lang='lat' dir='ltr'><strong>vt</strong></span> <span class='ocrx_word' id='word_1_247' title='bbox 652 2659 698 2701; x_wconf 92' lang='lat' dir='ltr'><strong>in</strong></span> <span class='ocrx_word' id='word_1_248' title='bbox 719 2660 806 2701; x_wconf 93' lang='lat' dir='ltr'><strong>hoc</strong></span> <span class='ocrx_word' id='word_1_249' title='bbox 826 2666 1026 2715; x_wconf 91' lang='lat' dir='ltr'><strong>tempore</strong></span> <span class='ocrx_word' id='word_1_250' title='bbox 1048 2657 1240 2701; x_wconf 86' lang='lat' dir='ltr'><strong>orationi</strong></span> <span class='ocrx_word' id='word_1_251' title='bbox 1258 2657 1485 2702; x_wconf 90' lang='lat' dir='ltr'><strong>destinato</strong></span> <span class='ocrx_word' id='word_1_252' title='bbox 1507 2657 1729 2714; x_wconf 85' lang='lat' dir='ltr'><strong>proficere</strong></span> <span class='ocrx_word' id='word_1_253' title='bbox 1751 2670 1859 2712; x_wconf 91' lang='lat' dir='ltr'><strong>pos-</strong></span> 
     </span>
     <span class='ocr_line' id='line_1_33' title="bbox 222 2733 1856 2792; baseline -0.002 -14"><span class='ocrx_word' id='word_1_254' title='bbox 222 2734 313 2778; x_wconf 83' lang='lat' dir='ltr'><strong>sint</strong></span> <span class='ocrx_word' id='word_1_255' title='bbox 334 2740 416 2782; x_wconf 86' lang='lat'><strong>552</strong></span> <span class='ocrx_word' id='word_1_256' title='bbox 441 2737 619 2789; x_wconf 89' lang='lat' dir='ltr'><strong>fratres,</strong></span> <span class='ocrx_word' id='word_1_257' title='bbox 645 2736 974 2780; x_wconf 90' lang='lat' dir='ltr'><strong>aduertendum</strong></span> <span class='ocrx_word' id='word_1_258' title='bbox 997 2742 1083 2790; x_wconf 92' lang='lat' dir='ltr'><strong>est,</strong></span> <span class='ocrx_word' id='word_1_259' title='bbox 1109 2736 1230 2792; x_wconf 90' lang='lat' dir='ltr'><strong>quod</strong></span> <span class='ocrx_word' id='word_1_260' title='bbox 1253 2734 1324 2789; x_wconf 91' lang='lat' dir='ltr'><strong>iis,</strong></span> <span class='ocrx_word' id='word_1_261' title='bbox 1350 2734 1428 2790; x_wconf 91' lang='lat' dir='ltr'><strong>qui</strong></span> <span class='ocrx_word' id='word_1_262' title='bbox 1451 2734 1582 2778; x_wconf 90' lang='lat' dir='ltr'><strong>facile</strong></span> <span class='ocrx_word' id='word_1_263' title='bbox 1603 2733 1856 2790; x_wconf 87' lang='lat' dir='ltr'><strong>profectum</strong></span> 
     </span>
     <span class='ocr_line' id='line_1_34' title="bbox 221 2808 1857 2868; baseline -0.002 -14"><span class='ocrx_word' id='word_1_264' title='bbox 221 2811 501 2868; x_wconf 89' lang='lat' dir='ltr'><strong>spiritualem</strong></span> <span class='ocrx_word' id='word_1_265' title='bbox 525 2827 580 2857; x_wconf 89' lang='lat' dir='ltr'><strong>ex</strong></span> <span class='ocrx_word' id='word_1_266' title='bbox 603 2827 658 2856; x_wconf 92' lang='lat' dir='ltr'><strong>eo</strong></span> <span class='ocrx_word' id='word_1_267' title='bbox 682 2819 882 2868; x_wconf 89' lang='lat' dir='ltr'><strong>tempore</strong></span> <span class='ocrx_word' id='word_1_268' title='bbox 906 2810 1139 2863; x_wconf 88' lang='lat' dir='ltr'><strong>orationis,</strong></span> <span class='ocrx_word' id='word_1_269' title='bbox 1174 2811 1247 2853; x_wconf 89' lang='lat' dir='ltr'><strong>vel</strong></span> <span class='ocrx_word' id='word_1_270' title='bbox 1270 2825 1362 2854; x_wconf 91' lang='lat' dir='ltr'><strong>non</strong></span> <span class='ocrx_word' id='word_1_271' title='bbox 1401 2810 1645 2867; x_wconf 90' lang='lat' dir='ltr'><strong>accipiunt,</strong></span> <span class='ocrx_word' id='word_1_272' title='bbox 1670 2808 1745 2852; x_wconf 90' lang='lat' dir='ltr'><strong>vel</strong></span> <span class='ocrx_word' id='word_1_273' title='bbox 1765 2822 1857 2851; x_wconf 90' lang='lat' dir='ltr'><strong>non</strong></span> 
     </span>
     <span class='ocr_line' id='line_1_35' title="bbox 222 2884 1856 2945; baseline -0.002 -15"><span class='ocrx_word' id='word_1_274' title='bbox 222 2895 516 2942; x_wconf 88' lang='lat' dir='ltr'><strong>conseruant,</strong></span> <span class='ocrx_word' id='word_1_275' title='bbox 538 2884 584 2932; x_wconf 84' lang='lat' dir='ltr'><strong>et</strong></span> <span class='ocrx_word' id='word_1_276' title='bbox 601 2888 762 2945; x_wconf 90' lang='lat' dir='ltr'><strong>spiritu</strong></span> <span class='ocrx_word' id='word_1_277' title='bbox 779 2902 831 2931; x_wconf 91' lang='lat' dir='ltr'><strong>ac</strong></span> <span class='ocrx_word' id='word_1_278' title='bbox 848 2888 1092 2931; x_wconf 88' lang='lat' dir='ltr'><strong>deuotione</strong></span> <span class='ocrx_word' id='word_1_279' title='bbox 1110 2887 1380 2931; x_wconf 89' lang='lat' dir='ltr'><strong>infirmiores</strong></span> <span class='ocrx_word' id='word_1_280' title='bbox 1396 2888 1529 2941; x_wconf 87' lang='lat' dir='ltr'><strong>fiunt,</strong></span> <span class='ocrx_word' id='word_1_281' title='bbox 1549 2885 1738 2930; x_wconf 90' lang='lat' dir='ltr'><strong>concedi</strong></span> <span class='ocrx_word' id='word_1_282' title='bbox 1753 2891 1856 2941; x_wconf 92' lang='lat' dir='ltr'><strong>pot-</strong></span> 
     </span>
    </p>
   </div>
   <div class='ocr_carea' id='block_1_3' title="bbox 293 3053 1686 3103">
    <p class='ocr_par' dir='ltr' id='par_1_9' title="bbox 293 3053 1686 3103">
     <span class='ocr_line' id='line_1_36' title="bbox 293 3053 1686 3103; baseline -0.002 -13"><span class='ocrx_word' id='word_1_283' title='bbox 293 3065 310 3082; x_wconf 64' lang='grc' dir='ltr'>ι</span> <span class='ocrx_word' id='word_1_284' title='bbox 335 3053 483 3091; x_wconf 86' lang='lat' dir='ltr'><strong>Omiss.</strong></span> <span class='ocrx_word' id='word_1_285' title='bbox 503 3066 525 3090; x_wconf 91' lang='lat' dir='ltr'><strong>a</strong></span> <span class='ocrx_word' id='word_1_286' title='bbox 543 3054 715 3090; x_wconf 89' lang='lat' dir='ltr'><strong>librario.</strong></span> <span class='ocrx_word' id='word_1_287' title='bbox 736 3054 805 3090; x_wconf 84' lang='lat' dir='ltr'><strong>Est</strong></span> <span class='ocrx_word' id='word_1_288' title='bbox 824 3053 863 3090; x_wconf 90' lang='lat' dir='ltr'><strong>in</strong></span> <span class='ocrx_word' id='word_1_289' title='bbox 881 3053 976 3091; x_wconf 84' lang='lat' dir='ltr'><strong>Cod.</strong></span> <span class='ocrx_word' id='word_1_290' title='bbox 1005 3054 1134 3090; x_wconf 80' lang='lat' dir='ltr'><strong>Vatic.</strong></span> <span class='ocrx_word' id='word_1_291' title='bbox 1157 3063 1192 3098; x_wconf 84' lang='lat'><strong>3,</strong></span> <span class='ocrx_word' id='word_1_292' title='bbox 1212 3053 1306 3103; x_wconf 83' lang='lat' dir='ltr'><strong>Nat,</strong></span> <span class='ocrx_word' id='word_1_293' title='bbox 1332 3064 1449 3088; x_wconf 87' lang='lat' dir='ltr'><strong>manu</strong></span> <span class='ocrx_word' id='word_1_294' title='bbox 1467 3057 1686 3088; x_wconf 86' lang='lat' dir='ltr'><strong>exaratum.</strong></span> 
     </span>
    </p>
   </div>
   <div class='ocr_carea' id='block_1_4' title="bbox 2000 1194 2098 3470">
    <p class='ocr_par' dir='ltr' id='par_1_10' title="bbox 2000 1194 2098 3470">
     <span class='ocr_line' id='line_1_37' title="bbox 2000 1194 2098 3470; baseline 0 0"><span class='ocrx_word' id='word_1_295' title='bbox 2000 1194 2098 3470; x_wconf 95' lang='lat' dir='ltr'><strong> </strong></span> 
     </span>
    </p>
   </div>
  </div>
 </body>
</html>
