2098 3470
319 241 392 278 720
792 235 947 271 PATms
973 235 1216 272 Hmnonvm
1243 235 1396 271 NADAL

1133 305 1147 321 .

274 334 363 378 die:
389 333 466 390 qui
489 342 558 379 est
579 342 724 380 status
742 336 1135 380 scholasticorum.
1161 335 1338 380 Deinde
1361 351 1454 380 non
1482 338 1570 380 iam
1599 344 1648 380 vt
1676 338 1721 380 in
1746 340 1908 395 proba·

275 411 461 464 tionem,
493 412 573 455 sed
601 412 677 468 qui
710 421 863 458 essent
893 414 979 457 iam
1011 413 1188 469 probati
1219 420 1264 456 et
1295 413 1566 467 confirmati,
1591 414 1834 458 mittuntur
1863 417 1910 460 in

273 488 534 532 vniuersum
568 491 742 542 orbem,
780 490 1078 546 praedicaturi
1114 490 1233 532 omni
1268 498 1517 544 creaturae;
1554 490 1631 546 qui
1663 498 1732 534 est
1763 499 1909 535 status

273 566 582 621 professorum
606 574 652 612 et
673 567 985 611 coadiutorum
1004 576 1020 592 ³
1043 566 1359 622 spiritualium:
1381 582 1484 611 nam
1502 567 1549 610 hi
1571 575 1915 624 repraesentant·

273 641 518 698 discipulos
538 650 585 687 et
606 646 827 700 parochos
849 644 882 697 b,
909 644 1074 699 quibus
1096 643 1310 687 ecclesias
1331 645 1540 689 deserere
1561 643 1684 698 licet;
1709 643 1773 687 illi
1795 660 1905 701 apo-

273 719 414 763 stolos
434 726 480 762 et
500 719 752 777 episcopos,
778 726 847 767 301
873 721 1038 776 quibus
1061 735 1151 763 non
1175 719 1356 773 licebat,
1378 735 1461 764 nec
1483 720 1606 766 licet.
1632 722 1699 764 Ita
1720 720 1908 764 coadiu-

272 802 396 840 tores
416 797 587 840 habent
607 803 713 840 vota
734 797 969 853 simplicia:
996 796 1184 852 professi
1207 796 1440 841 solemnia.
1466 796 1766 840 Coadiutores
1792 803 1908 840 tem-

271 873 450 928 porales
471 881 811 929 repraesentant
832 874 1062 925 diaconos,
1089 873 1166 928 qui
1190 872 1357 918 mensis
1379 873 1552 918 scilicet
1573 873 1911 926 ministrabant,

272 956 322 991 vt
344 949 534 1005 apostoli
557 958 741 1006 possent
762 958 779 976 0
800 950 991 993 orationi
1014 958 1059 993 et
1081 950 1332 993 ministerio
1354 949 1480 994 verbi
1508 965 1608 994 esse
1635 949 1815 994 intenti.
1851 953 1907 994 Et

273 1025 468 1081 primum
492 1026 674 1082 quidem
695 1027 880 1070 fuerunt
902 1027 1048 1069 vocati
1073 1026 1279 1082 apostoli,
1311 1027 1474 1070 deinde
1502 1026 1712 1083 discipuli
1735 1033 1781 1071 et
1812 1027 1906 1071 dia-

272 1102 391 1156 coni3
430 1104 810 1158 quemadmodum
848 1104 893 1146 in
932 1103 1175 1155 Societate,
1217 1101 1342 1158 prius
1382 1103 1588 1159 professi,
1619 1103 1723 1148 dein
1762 1105 1904 1147 additi

272 1179 562 1224 coadiutores
583 1180 776 1238 Vtrique.

359 1258 434 1300 Ad
454 1257 693 1301 euitandas
715 1257 878 1301 mentis
901 1257 1183 1309 afflictiones,
1210 1256 1316 1300 vtile
1345 1264 1413 1300 est
1441 1257 1642 1312 quotidie
1664 1257 1782 1302 serio
1816 1259 1902 1302 sibi

273 1347 525 1389 proponere
541 1333 735 1389 aliquam
755 1333 982 1389 euangelii
1000 1340 1187 1389 partem,
1203 1332 1301 1377 siue
1318 1349 1374 1377 ex
1392 1333 1643 1390 euangeliis
1661 1333 1786 1390 ipsis,
1806 1334 1905 1380 siue

271 1423 328 1452 ex
344 1416 668 1462 monotessaro,
687 1411 760 1454 vel
778 1410 1015 1465 pandecta,
1037 1423 1170 1464 quam
1190 1416 1362 1464 partem
1381 1408 1583 1464 quotidie
1600 1409 1903 1454 meditandam

271 1500 492 1539 assumas,
524 1493 571 1530 et
598 1486 779 1542 quidem
808 1486 962 1528 Vtilius
990 1486 1028 1528 si
1055 1487 1110 1528 ab
1139 1485 1267 1528 initio
1294 1485 1339 1528 id
1368 1485 1523 1538 facias,
1555 1487 1688 1529 modo
1711 1488 1904 1532 selectas

270 1562 586 1608 meditationes
622 1564 788 1608 habeas
823 1571 950 1607 extra
987 1562 1190 1605 ordinem
1229 1569 1430 1618 paratas,
1471 1562 1635 1619 quibus
1677 1571 1902 1620 oportune

272 1639 427 1683 vtaris:
453 1639 516 1684 ita
543 1641 623 1683 fiet
649 1650 698 1683 vt
725 1655 901 1696 semper
929 1641 1100 1683 habeas
1131 1646 1338 1695 paratum
1368 1639 1612 1696 refugium,
1644 1654 1734 1696 quo
1765 1639 1906 1686 iactes

272 1723 399 1759 tuum
420 1716 690 1773 cogitatum,
710 1716 786 1759 vbi
810 1717 899 1759 sint
922 1717 1137 1760 molestae
1159 1715 1514 1771 cogitationes...

358 1793 411 1836 In
431 1792 506 1836 die
527 1793 837 1849 conceptionis
859 1799 1176 1836 sacrosanctae
1200 1791 1389 1848 virginis
1413 1792 1585 1836 Mariae
1616 1793 1772 1836 matris
1800 1795 1903 1847 Dei,

268 1870 539 1926 prouenient
567 1870 649 1913 tibi
675 1870 719 1912 in
750 1870 968 1922 oratione,
1000 1878 1050 1912 vt
1079 1869 1201 1912 aliud
1229 1875 1315 1916 304
1338 1869 1464 1922 nihil,
1489 1869 1623 1913 etiam
1645 1870 1684 1912 si
1711 1871 1905 1923 coneris,

268 1947 414 2003 possis
428 1961 562 2002 quam
577 1961 715 2003 agere
728 1930 826 1990 Deo
840 1947 1010 2002 gratias
1024 1961 1105 2002 pro
1121 1928 1369 1999 beneficiis,
1389 1946 1523 1989 donis
1538 1953 1584 1989 et
1601 1946 1900 2000 excellentiis,

270 2037 384 2079 quas
410 2023 603 2066 contulit
631 2023 785 2067 diuina
815 2023 1012 2066 Trinitas
1040 2022 1085 2065 in
1115 2022 1355 2079 virginem,
1386 2031 1432 2067 et
1458 2023 1543 2067 erit
1571 2022 1683 2067 mire
1711 2023 1903 2067 fecunda

270 2106 375 2142 tuae
397 2100 563 2144 mentis
585 2100 841 2156 occupatio.

356 2177 473 2220 Cum
496 2176 567 2220 his
588 2176 913 2233 coniungetur,
940 2184 986 2219 vt
1010 2184 1111 2233 post
1133 2178 1298 2228 Deum,
1319 2190 1455 2232 supra
1477 2190 1634 2219 omnes
1655 2183 1837 2220 sanctos
1856 2185 1904 2220 et

267 2254 474 2310 angelos,
498 2254 638 2297 solam
669 2252 892 2310 virginem
923 2252 1111 2297 Mariam
1144 2253 1347 2309 inuoces,
1384 2251 1512 2308 quasi
1545 2252 1641 2308 ipsa
1672 2261 1900 2309 praestare

264 2330 424 2386 possit,
463 2338 512 2372 vt
554 2337 716 2386 potest,
757 2330 958 2372 omnium
996 2337 1255 2372 sanctorum
1288 2337 1333 2372 et
1372 2330 1643 2386 angelorum
1680 2330 1902 2373 interces-

266 2406 476 2452 siones...

355 2485 409 2529 P.
435 2484 659 2541 Ignatius‚
685 2483 812 2539 quasi
835 2485 1046 2527 osculans
1067 2483 1279 2535 animam,
1305 2490 1350 2526 et
1372 2482 1434 2525 illi
1456 2498 1505 2526 se
1527 2483 1760 2526 insinuans
1789 2497 1900 2526 sua—

266 2559 386 2604 uiter
408 2568 454 2606 et
478 2560 773 2616 tranquille...

350 2641 434 2684 3o7
458 2638 671 2682 Christus
692 2651 850 2682 recens
873 2645 1006 2680 natus
1028 2637 1220 2682 sentitur
1244 2637 1290 2679 in
1313 2638 1464 2689 corde,
1491 2637 1668 2693 replens
1696 2636 1891 2680 animam

261 2713 384 2757 omni
406 2714 687 2759 iucunditate
708 2721 753 2758 et
774 2729 853 2770 spe
875 2713 1139 2758 incrementi
1168 2714 1315 2757 omnis
1343 2713 1548 2758 iusticiae
1576 2720 1622 2757 et
1650 2714 1896 2770 perfectio—

263 2790 349 2834 nis:
375 2791 648 2836 benedictus
664 2793 814 2849 Jesus.
826 2826 854 2836 ..

351 2868 440 2912 Per
463 2875 567 2911 vota
589 2867 857 2912 suauissime
879 2883 926 2912 se
951 2876 1095 2911 totum
1121 2867 1271 2919 tradit,
1292 2867 1368 2923 qui
1393 2874 1545 2920 vouet,
1571 2867 1615 2910 in
1634 2867 1767 2911 fidem
1787 2867 1894 2920 Dei,

332 3045 350 3060 ³
399 3035 715 3079 quoadiutorum
736 3046 806 3070 ms.
860 3037 924 3061 ——b
947 3035 1146 3081 parochos
1167 3045 1236 3069 ms.
1289 3042 1353 3061 ...e
1375 3033 1529 3080 possint
1548 3045 1625 3070 ms,
