2098 3470
765 242 1152 280 Supprssuzxruu-
1161 252 1206 288 25
1686 244 1758 291 8²9

257 345 408 402 Inquit
430 347 670 403 propheta,
698 345 822 390 Psal.
847 356 920 399 72:
958 343 1110 400 «Quid
1134 344 1242 387 mihi
1274 353 1343 389 est
1375 345 1422 388 in
1454 347 1596 399 coelo,
1625 354 1671 392 et
1703 361 1729 390 a
1763 354 1809 391 te

168 423 279 480 quid
307 423 432 467 volui
459 437 596 479 super
625 423 812 468 terram?
837 421 1019 465 Defecit
1040 435 1146 464 caro
1178 436 1280 466 mea
1301 430 1348 466 et
1369 437 1448 465 cor
1479 438 1646 468 meum.
1682 425 1810 468 Deus

172 500 325 546 cordis
353 500 440 544 mei
468 508 515 544 et
543 514 648 556 pars
675 513 775 542 mea
805 499 932 542 Deus
962 498 1010 541 in
1037 505 1272 542 aeternum
1306 501 1363 542 ’.η
1390 501 1518 543 Haec
1547 501 1604 543 ad
1626 501 1808 544 Patrem

170 570 338 634 XpuS.,
369 585 416 622 et
445 577 492 620 in
522 579 646 633 Xp0.
675 575 842 628 anima,
867 589 986 631 quae
1002 575 1175 619 deuote
1202 575 1388 631 inquirit
1410 576 1496 621 Dei
1528 578 1809 620 voluntatem

126 677 130 679 -
170 653 257 698 sibi
286 653 463 710 aperiri.
497 655 554 697 Et
585 653 792 710 apposite
820 652 1020 709 quidem,
1044 666 1148 696 nam
1178 652 1303 708 prius
1334 653 1555 709 expressit
1583 655 1810 710 propheta

169 730 260 775 vim
281 729 497 774 orationis
518 737 564 774 et
585 727 997 785 contemplationis,
1017 743 1097 784 per
1114 743 1249 784 quam
1267 728 1575 783 inflammatur
1591 730 1741 774 anima
1760 730 1806 773 in

170 821 369 852 amorem
389 807 477 851 Dei
497 805 882 863 superbenedicti,
913 806 1132 854 sedantur
1158 806 1408 863 passioneS,
1434 816 1479 851 et
1509 821 1588 863 per
1615 808 1809 864 profun-

171 885 275 929 dam
298 884 371 930 189
390 884 692 927 humilitatem
709 883 864 926 vilitasv
875 882 1055 940 propria
1072 896 1126 925 ac
1145 883 1373 939 proprium
1391 883 1580 927 nihilum
1599 885 1810 940 agnosci-

171 969 246 1006 tur
266 969 406 1017 atque
426 960 699 1018 ignorantia.
726 961 830 1004 Hoc
851 968 921 1004 est
941 959 1063 1003 enim
1088 961 1210 1015 quod
1231 960 1359 1003 dixit:
1390 961 1538 1016 «Quia
1555 961 1804 1005 inflamma-

173 1049 270 1082 tum
285 1046 356 1084 est
372 1052 449 1082 cor
468 1052 618 1082 meum
635 1046 681 1081 et
698 1052 830 1082 renes
847 1037 935 1080 mei
952 1037 1235 1090 commutati,
1254 1046 1300 1081 et
1317 1052 1405 1094 ego
1422 1039 1479 1081 ad
1497 1038 1688 1081 nihilum
1709 1040 1818 1086 reda

143 1128 150 1131 s
172 1123 306 1160 actus
325 1122 372 1159 et
393 1114 614 1158 nesciui.»
640 1112 799 1158 Addit:
832 1117 918 1160 «Vt
941 1114 1194 1159 iumentum
1224 1114 1371 1157 factus
1400 1116 1499 1157 sum
1523 1116 1643 1170 apud
1674 1124 1718 1159 te
1746 1115 1807 1157 ’.υ

147 1221 150 1224 ·
173 1193 369 1238 Sensum
391 1200 527 1248 atque
548 1190 871 1247 experientiam
895 1191 1136 1246 quamdam
1154 1190 1432 1247 spiritualem
1451 1191 1523 1234 hic
1543 1191 1812 1236 humilitatis

172 1277 219 1314 et
239 1268 312 1313 sui
332 1267 599 1312 abiectionis
613 1267 841 1324 exprimit,
869 1269 1250 1323 quemadmodum
1273 1267 1317 1310 in
1338 1268 1556 1324 superiori
1581 1283 1734 1312 versu.
1763 1270 1812 1311 In

173 1346 245 1390 his
263 1346 406 1403 igitur
426 1346 683 1389 consistens
705 1344 870 1398 anima,
895 1360 952 1388 ex
974 1345 1253 1402 pinguedine
1274 1345 1455 1389 diuinae
1478 1345 1814 1390 misericordiae

174 1430 311 1479 atque
327 1422 603 1479 experientia
621 1422 875 1467 dulcedinis
891 1422 1138 1479 spiritualis
1155 1424 1310 1479 (Tho.,
1332 1436 1366 1466 1.
1387 1435 1428 1466 2.
1458 1436 1553 1478 113.
1576 1426 1634 1478 5.)
1655 1423 1747 1467 exit
1765 1423 1811 1465 in

174 1500 416 1556 quemdam
437 1506 589 1542 actum
612 1499 823 1542 fiduciae:
854 1499 861 1557 Ι
891 1499 1143 1552 «Tenuisti,
1173 1499 1337 1555 inquit,
1362 1501 1594 1544 dexteram
1617 1515 1810 1552 meam»,

172 1578 262 1620 hoc
288 1568 375 1630 est,
401 1575 695 1628 confirmasti,
720 1590 825 1619 nam
848 1584 917 1620 est
938 1577 1153 1621 hebraice
1180 1593 1302 1629 mnae,
1329 1578 1624 1622 excellentem
1650 1584 1813 1633 poten-

173 1652 298 1705 tiam,
331 1667 477 1696 meam
506 1653 786 1697 voluntatem
821 1660 893 1696 «et
914 1653 961 1696 in
982 1653 1220 1698 voluntate
1243 1662 1320 1698 tua
1341 1653 1569 1697 deduxisti
1593 1669 1710 1706 me»,
1736 1653 1813 1696 vbi

171 1730 359 1775 aduerte
380 1730 570 1773 latinum
598 1729 891 1786 interpretem
913 1730 1174 1774 doctissime
1203 1730 1452 1775 reddidisse
1475 1747 1613 1789 *mxx-2
1641 1731 1712 1773 «in
1731 1746 1811 1774 vo-

171 1807 348 1852 luntate
375 1814 478 1866 tua»
509 1807 631 1862 quod
664 1813 813 1850 tamen
843 1814 912 1851 est
944 1807 1017 1850 «in
1047 1807 1239 1851 consilio
1272 1815 1377 1851 tuo»
1413 1809 1470 1851 ad
1502 1809 1692 1852 verbum
1729 1809 1812 1852 he-

172 1884 390 1937 braicum,
415 1883 781 1940 quandoquidem
803 1883 955 1927 omnia
983 1883 1154 1928 sciebat
1183 1885 1333 1929 facere
1362 1887 1510 1929 Deum
1540 1901 1594 1929 ex
1624 1885 1814 1928 consilio

171 1977 282 2007 suae
309 1952 572 2013 voluntatis,
602 1976 687 2005 nec
715 1960 838 2003 aliud
864 1975 966 2006 esse
987 1961 1033 2004 in
1057 1963 1155 2005 Deo
1176 1961 1416 2005 consilium
1439 1977 1574 2018 quam
1599 1963 1812 2005 volunta-

173 2046 264 2083 tem
289 2037 683 2083 determinantem.
714 2039 805 2081 Per
829 2038 1086 2090 consilium,
1121 2039 1283 2094 inquit,
1317 2039 1564 2082 voluntatis
1594 2047 1700 2083 tuae
1732 2040 1814 2083 de-

172 2114 341 2171 duxisti
363 2129 450 2167 me,
474 2115 532 2158 ad
553 2114 745 2171 gloriam
767 2114 940 2158 scilicet
968 2116 1222 2159 coelestem.
1256 2116 1434 2160 Deinde
1464 2116 1670 2171 sequitur
1699 2130 1814 2171 quo-

173 2192 278 2236 nam
299 2200 436 2249 pacto
459 2191 531 2237 ¹⁷⁰
553 2206 656 2235 eum
680 2192 935 2244 deduxerit,
962 2207 1078 2247 quae
1100 2193 1272 2248 scilicet
1294 2201 1363 2236 est
1387 2201 1540 2237 nostra
1563 2192 1810 2235 conclusio.

114 2331 119 2336 .
174 2271 321 2313 Totus
340 2285 367 2313 a
386 2277 434 2313 ¹te
457 2269 632 2325 pendeo
655 2270 720 2325 (vt
736 2270 828 2326 Job
845 2269 1142 2325 suspendium
1160 2270 1389 2326 eligebatfl,
1412 2270 1619 2321 Domine,
1641 2269 1751 2312 nihil
1769 2270 1813 2311 in

174 2347 317 2398 caelo,
342 2345 454 2389 nihil
475 2345 522 2388 in
544 2352 664 2388 terra
685 2360 804 2397 amo,
830 2345 943 2388 nihil
965 2345 1089 2403 eligo
1112 2355 1293 2402 praeter
1316 2355 1375 2399 te,
1402 2348 1471 2390 vel
1495 2348 1541 2388 in
1566 2356 1626 2398 te,
1654 2347 1726 2388 vel
1754 2360 1812 2390 ex

126 2424 130 2426 ’
176 2430 239 2470 te.
256 2422 423 2468 Deficit
440 2436 603 2466 sensus
624 2436 753 2466 meus
775 2429 913 2478 atque
929 2422 1066 2466 etiam
1083 2423 1343 2467 intellectus
1365 2424 1410 2466 in
1434 2425 1598 2479 abysso
1618 2432 1721 2465 tuae
1742 2422 1813 2464 in-

174 2499 331 2545 finitae
347 2499 563 2542 bonitatis
584 2513 637 2542 ac
659 2498 924 2542 voluntatis.
951 2501 1043 2542 lam
1066 2508 1084 2525 ³
1105 2515 1263 2545 omnes
1285 2500 1570 2557 operationes
1588 2514 1713 2542 meae
1731 2498 1813 2540 im-

175 2578 406 2634 perfectae
434 2587 687 2633 agnoscant
718 2590 768 2619 se
797 2575 1104 2632 imperfectas,
1139 2587 1335 2629 cessent,
1361 2579 1541 2628 abeant,
1576 2577 1765 2631 hymber
1794 2574 1812 2599 ¹³

175 2653 374 2707 recedat,
405 2654 466 2697 sis
487 2655 614 2697 Deus
635 2652 724 2696 iam
746 2652 896 2696 cordis
919 2653 1023 2706 mei,
1049 2654 1217 2697 amoris
1239 2654 1342 2706 mei,
1363 2669 1416 2697 ea
1438 2654 1495 2696 sit
1519 2668 1620 2708 pars
1644 2667 1743 2694 mea
1766 2651 1811 2694 in

177 2738 256 2774 tua
276 2714 461 2775 aeterna
483 2729 737 2773 substantia
759 2743 812 2772 ac
835 2730 1071 2774 maiestate
1094 2745 1146 2774 ac
1169 2731 1385 2774 bonitate.

246 2875 266 2893 ²
288 2865 469 2903 Obscure
487 2871 678 2902 notatum.
728 2867 796 2894 -b
822 2865 936 2902 Prius
955 2866 1049 2907 imb,
1068 2877 1146 2913 quo
1164 2866 1295 2901 deleto
1313 2866 1468 2912 scripsit
1485 2865 1655 2911 hymber.

251 2994 260 3014 ¹
311 2991 378 3028 Ps.
400 2992 559 3038 LXXII,
576 3000 638 3036 25,
657 2994 717 3028 26.

248 3051 263 3072 ²
312 3050 380 3086 Ps.
394 3050 558 3096 LXXII,
572 3048 694 3086 21·23.
