2098 3470
534 268 810 305 Montmssnn
834 274 1091 304 Pnovmcmss
1114 266 1426 311 Rammius—5
1430 273 1452 310 5
1691 264 1762 312 337

173 370 489 423 confessarios,
514 377 564 413 ut
585 368 729 413 nostri
752 355 946 412 orationi
968 375 1014 413 et
1034 367 1267 412 deuotioni
1303 367 1570 411 incumbant
1602 383 1656 412 eo
1690 376 1806 413 tem-

173 461 298 504 pore,
317 448 441 502 quod
461 446 548 490 illis
570 447 628 490 ad
647 449 761 490 haec
782 444 996 491 exercitia
1017 444 1267 501 spiritualia
1289 444 1596 501 prescribitur3
1622 461 1680 489 ne
1707 446 1803 499 fiat,

173 529 227 567 ut
252 538 332 581 per
353 523 675 580 occupationes
695 522 948 566 studiorum
971 522 1083 565 fiant
1105 522 1151 564 in
1182 522 1319 565 rebus
1350 521 1660 578 spiritualibus
1690 523 1806 579 tepi-

174 601 338 646 dioreS.
368 601 472 646 Sint
501 614 607 644 vero
628 614 778 644 rerum
801 599 1100 656 spiritualium
1123 598 1313 655 prefecti
1334 598 1600 654 peculiares3
1626 601 1806 644 confes-

174 677 280 722 sarii
301 693 427 730 vero,
453 691 610 722 eorum
631 691 746 733 quos
767 676 976 729 audiunt;
1001 683 1150 720 rector
1170 689 1295 728 vero,
1321 675 1541 720 omnium.

263 756 408 800 Curet
429 762 594 808 rector,
617 761 666 797 ut
686 754 745 797 sit
767 761 994 806 accurata,
1018 754 1170 809 quoad
1192 753 1290 798 eius
1311 753 1409 796 fieri
1430 760 1596 809 potest,
1622 755 1807 810 regula-

174 846 277 876 rum
298 831 574 886 obseruatio.

263 910 415 954 Debet
434 908 593 953 haberi
614 908 747 960 ratio,
773 923 832 952 ne
852 909 1146 965 professores,
1172 907 1249 963 qui
1267 922 1456 964 grauem
1475 915 1519 952 et
1538 908 1803 951 continuam

175 987 348 1031 habent
370 985 715 1042 occupationem
737 994 756 1011 ²
777 985 823 1028 in
846 985 1029 1038 scholis,
1054 985 1102 1028 in
1123 985 1387 1030 domesticis
1413 985 1646 1030 exercitiis
1668 1000 1807 1028 occu-

175 1071 359 1120 pentur,
384 1062 470 1106 nisi
491 1062 530 1106 si
551 1076 669 1119 quae
690 1063 748 1106 ad
776 1063 1057 1118 corporalem
1085 1062 1456 1107 exercitationem
1482 1063 1554 1107 vel
1589 1062 1807 1107 leuiorem

178 1140 523 1197 occupationem
544 1139 829 1196 excipientur
847 1138 885 1193 ¹³3
911 1154 1003 1182 non
1025 1139 1206 1183 videtur
1229 1139 1350 1184 enim
1374 1140 1633 1183 consultum
1663 1147 1714 1183 ut
1742 1140 1805 1183 le-

177 1223 291 1274 gant
310 1217 370 1260 ad
389 1231 593 1261 mensam
616 1217 688 1260 vel
709 1217 864 1260 lauent
885 1217 1116 1270 scutellas,
1139 1216 1227 1260 nisi
1243 1216 1406 1260 diebus
1422 1216 1660 1260 dominicis
1677 1224 1723 1260 et
1740 1218 1807 1260 fe-

177 1293 276 1347 stis,
299 1287 466 1350 quibus
483 1294 598 1337 haec
619 1300 835 1350 poterunt
855 1301 1072 1351 prestare:
1103 1293 1238 1337 simul
1266 1293 1383 1337 ratio
1421 1294 1627 1337 sanitatis
1650 1309 1807 1338 eorum
1865 1291 1872 1297 ⁴

177 1377 248 1414 est
269 1371 495 1415 habenda.

267 1449 492 1504 Tempore
513 1447 806 1491 recreationis
830 1448 991 1492 fratres
1012 1462 1071 1492 ne
1092 1447 1184 1491 sint
1205 1447 1250 1491 in
1273 1448 1510 1504 colloquiis
1532 1449 1806 1505 singulares,

178 1539 328 1580 neque
347 1522 394 1569 in
410 1524 548 1569 variis
570 1525 680 1568 locis
702 1525 1049 1577 distribuentur,
1069 1526 1151 1570 sed
1177 1525 1268 1569 sint
1296 1540 1455 1569 omnes
1490 1525 1538 1568 in
1568 1541 1657 1569 vno
1686 1527 1807 1580 loco,

178 1600 341 1645 nouitii
361 1601 470 1645 item
490 1601 535 1644 in
558 1601 662 1654 alio;
697 1608 743 1645 et
764 1601 821 1644 de
843 1599 898 1644 iis
930 1602 1067 1644 rebus
1096 1609 1236 1658 agant
1272 1616 1447 1655 omnes,
1472 1617 1586 1658 quas
1614 1617 1807 1660 accepe-

162 1685 287 1739 ,runt
307 1677 355 1722 in
376 1678 573 1734 quodam
595 1678 764 1735 scripto
786 1693 889 1723 meo
918 1681 944 1721 ¹.

267 1755 524 1812 Singularis
555 1757 779 1799 habeatur
810 1756 925 1799 ratio
954 1755 1227 1800 valetudinis
1254 1756 1479 1810 omnium,
1509 1772 1667 1801 eorum
1705 1773 1809 1814 pre-

179 1831 352 1886 sertim,
372 1832 450 1888 qui
466 1840 657 1888 presunt
677 1834 825 1885 aulae,
850 1841 896 1876 et
913 1847 1070 1876 eorum
1087 1833 1182 1889 qui,
1202 1841 1273 1877 sat
1288 1842 1396 1877 sunt
1412 1835 1746 1879 valetudinarii.

263 1909 371 1955 'Sint
393 1923 502 1954 vero
533 1910 852 1954 obseruatores
878 1912 1039 1954 harum
1070 1907 1362 1964 concionum,
1394 1919 1490 1955 tum
1519 1927 1687 1965 rerum,
1714 1922 1811 1956 tum

179 1985 317 2031 etiam
333 1986 543 2039 actionis,
571 2000 620 2030 ut
641 1987 775 2031 detur
795 2002 886 2030 vna
914 1989 1042 2042 hora,
1066 1995 1112 2031 et
1140 2003 1193 2032 ea
1230 1988 1433 2045 proxima
1462 1989 1689 2044 concioni,
1721 2005 1810 2046 qua

179 2063 327 2120 parari
349 2063 494 2120 possit
511 2063 692 2110 concio,

269 2139 363 2196 Qui
384 2155 442 2184 ex
464 2140 632 2184 nostris
660 2140 905 2184 mittuntur
933 2142 1104 2197 aliquo,
1127 2142 1166 2186 si
1188 2143 1245 2185 ad
1267 2143 1647 2197 concionandum,
1671 2145 1812 2188 utitur

178 2215 339 2262 iisdem
371 2218 591 2271 vestibus,
622 2219 790 2274 quibus
823 2219 945 2262 domi
978 2219 1143 2263 utitur:
1175 2219 1213 2263 si
1239 2220 1416 2277 pedites
1447 2222 1807 2278 proficiscantur,

182 2293 348 2350 poterit
370 2294 459 2338 illis
481 2295 669 2338 concedi
690 2296 876 2339 breuior
900 2296 1126 2343 tunicam>

270 2371 476 2429 Singulis
497 2372 660 2416 diebus
682 2373 861 2418 veneris
881 2375 1047 2418 habeat
1068 2383 1217 2418 rector
1237 2376 1310 2418 vel
1331 2375 1494 2431 aliquis
1512 2377 1640 2428 alius,
1660 2377 1737 2431 qui
1754 2378 1810 2419 ad

181 2447 228 2491 id
248 2449 512 2493 facultatem
546 2450 729 2503 habeat,
753 2452 1114 2496 exhortationem
1137 2453 1194 2495 ad
1223 2460 1417 2504 nostros,
1439 2468 1528 2508 qua
1550 2469 1628 2496 eos
1657 2456 1809 2496 horte-

182 2531 257 2568 tur
284 2526 343 2568 ad
378 2526 745 2572 obseruationem
784 2529 1045 2584 regularum
1077 2537 1124 2573 et
1162 2529 1301 2574 totius
1338 2529 1549 2573 instituti.
1590 2533 1810 2573 Poterunt

180 2616 292 2646 vero
313 2601 520 2647 similiter
543 2605 692 2648 tacere
714 2612 851 2660 atque
872 2620 961 2662 ego
991 2606 1039 2649 in
1070 2606 1183 2650 meis
1211 2607 1619 2651 exhortationibus.
1649 2607 1811 2649 Breui-

183 2684 265 2731 ter,
289 2679 348 2723 de
369 2678 441 2722 his
462 2680 675 2724 omnibus
697 2695 850 2738 agere,
875 2697 992 2737 quae
1015 2683 1294 2728 videbuntur
1311 2685 1367 2726 ad
1397 2683 1652 2726 institutum
1678 2698 1810 2738 posse

70 2791 88 2808 ,.
115 2813 119 2817 ,
182 2762 388 2799 nostrum
412 2757 640 2800 adhortari
663 2764 801 2813 atque
829 2758 1122 2804 inflammare.

250 2902 270 2920 a
317 2893 388 2928 Ms.
409 2893 704 2940 occupationem
719 2894 862 2930 habent
880 2897 1191 2942 occupationem.
1243 2899 1310 2938 —b
1338 2897 1409 2932 Ms.
1426 2897 1660 2931 excitentur.

255 3017 264 3037 ¹
314 3016 414 3052 Vide
427 3017 541 3064 infra,
557 3017 659 3054 inter
672 3019 822 3054 Natalis
837 3019 1129 3067 instructiones,
1145 3032 1231 3067 pag.
1253 3030 1317 3056 211
1340 3034 1427 3066 ms.‚
1449 3022 1668 3067 catalogum
1683 3033 1812 3057 rerum

182 3076 234 3112 ab
251 3075 387 3111 eodem
401 3087 470 3122 pro
487 3076 787 3113 conversatione
805 3078 1146 3125 praescriptarum.

358 3139 471 3169 Emsr.
493 3140 528 3169 P.
550 3141 684 3175 Naum..
705 3149 781 3170 ron.
800 3141 863 3172 IV.
1600 3146 1635 3172 23
