2098 3470
0 0 639 50 Wfflwwggrgffi-u·
645 0 657 25 '-
664 0 690 12 ⁸'
699 0 772 18 “³“
781 0 843 13 “³''

0 68 50 85 ·'0,1
117 70 122 71 ν
143 62 150 69 “’
230 71 233 73 -
254 67 257 69 ·
297 72 305 74 ἡ
364 60 369 65 “

554 252 832 290 Mortuum-m
856 250 1115 288 Gssmuun
1138 255 1481 293 sumamus—45
1721 245 1792 283 263

243 379 251 388 -
289 328 651 412 Christophorus
696 355 708 376 ¹
750 360 798 398 et
838 352 1061 396 Rioerdus
1097 358 1283 409 possent
1324 350 1444 394 mitti
1485 350 1835 407 Ingolstadium,

201 431 465 491 praesertim
489 431 567 475 ubi
586 431 651 474 illi
672 438 765 476 tres
785 443 1037 487 pragenses
1057 435 1191 472 erunt
1213 427 1423 472 mittendi
1446 428 1773 484 Oenipontum.

290 510 521 553 Euoeetur
556 507 789 564 Dilingam
811 507 1013 565 Jacobus
1039 507 1276 549 Pontanus
1304 506 1338 559 ¹,
1368 512 1415 550 et
1446 512 1710 549 exerceatur
1739 514 1836 547 tum

200 586 248 630 in
269 587 413 630 classe
434 583 699 639 rhetorices,
726 592 821 628 tum
851 582 1063 640 priuatim
1091 598 1119 626 a
1139 582 1359 639 magistro
1383 581 1580 625 Boschio
1607 595 1711 624 cum
1734 583 1836 625 Ma-

199 664 308 709 theo
331 663 521 707 Polono.

285 740 357 784 De
384 738 648 782 ordinandis
676 737 889 794 relinquit
916 739 971 781 R.
1004 738 1057 780 P.
1089 735 1268 780 Natalis
1298 735 1534 792 negotium
1566 735 1691 778 Patri
1729 749 1834 790 pro-

199 815 402 861 uinciali.

286 893 523 938 Scribatur
543 894 600 937 ad
621 900 842 938 rectorem
865 891 1283 948 ingolstadiensem,
1310 897 1377 943 ut,
1403 889 1441 933 si
1459 889 1679 946 magister
1702 890 1833 933 Hen-

198 970 320 1014 ricus
341 970 612 1014 Dulkemius
633 971 649 991 ³
672 976 835 1026 pergat
853 970 1006 1014 dolere
1028 961 1193 1026 capite,
1218 967 1370 1024 aliqua
1396 967 1592 1011 lectione
1614 967 1831 1011 subleue-

199 1055 276 1092 tur
298 1062 326 1091 a
347 1049 483 1092 Patre
506 1049 698 1092 Petro...

185 1117 212 1127 '⁸
287 1123 339 1169 Si
359 1124 647 1180 contingeret
668 1123 943 1167 cardinalem
964 1124 980 1145 ⁴
1003 1130 1182 1166 nostros
1198 1123 1316 1167 male
1339 1129 1549 1175 tractare,
1569 1129 1616 1166 et
1633 1122 1829 1177 quadam

120 1207 126 1215 '
195 1201 263 1246 uti
283 1201 525 1258 asperitate
541 1207 649 1253 etc.‚
671 1202 722 1243 ut
742 1207 877 1244 antea
892 1200 1151 1252 consueuit,
1176 1199 1342 1256 poterit
1356 1199 1419 1242 illi
1437 1199 1619 1242 nomine
1641 1198 1743 1242 Rdi.
1772 1200 1829 1243 P.

197 1278 373 1323 Natalis
398 1277 504 1331 dici,
533 1285 586 1321 ut
612 1277 788 1322 scilicet
813 1285 993 1321 nostros
1023 1277 1224 1334 benigne
1259 1276 1480 1333 excipiat,
1521 1275 1690 1331 alioqui
1727 1291 1828 1328 nos,

194 1354 294 1400 eius
315 1354 560 1399 autoritate
579 1354 836 1406 deterritos,
861 1369 953 1398 non
975 1362 1195 1402 uenturos
1215 1354 1274 1398 ad
1294 1354 1443 1411 ipsum
1463 1353 1595 1398 facile
1616 1353 1827 1409 amplius,

193 1439 240 1478 et
262 1431 426 1488 pusillo
447 1431 598 1475 animo
620 1446 704 1475 nos
727 1432 1036 1476 reddendos..

282 1508 407 1552 Cura
440 1508 681 1565 peculiaris
716 1509 938 1552 habeatur
979 1523 1158 1560 eorum,
1205 1508 1285 1565 qui
1326 1521 1486 1551 recens
1529 1523 1556 1552 a
1601 1507 1828 1551 nouitiatu

196 1585 404 1629 ueniunt.

282 1663 319 1706 F
320 1661 555 1706 ranciscus
575 1662 634 1706 sit
654 1663 914 1718 praefectus
934 1662 1157 1717 sanitatis,
1176 1671 1223 1707 et
1242 1662 1512 1706 Dominicus
1533 1662 1824 1706 infirmarius.

279 1739 446 1783 Nullus
466 1739 694 1783 eximatur
715 1740 772 1783 ab
789 1739 1048 1784 obedientia
1064 1739 1274 1794 ministri,
1294 1754 1352 1783 ne
1368 1742 1627 1797 praefectus
1644 1740 1826 1796 quidem

189 1815 362 1873 templi,
394 1816 470 1861 uel
496 1817 768 1861 scholarum.
802 1816 995 1872 Vtrique
1022 1824 1174 1861 tamen
1211 1817 1418 1861 minister
1453 1817 1566 1860 nihil
1597 1816 1827 1862 ordinabit

190 1891 312 1936 circa
331 1893 513 1936 scholas
533 1894 606 1938 vel
630 1882 847 1950 templum
867 1893 966 1938 sine
988 1894 1224 1938 uoluntate
1246 1894 1449 1939 rectoris.

281 1971 480 2014 Possunt
502 1969 684 2026 quidem
706 1970 848 2013 nostri
872 1979 920 2014 et
946 1971 1131 2024 debent,
1162 1971 1240 2028 qui
1267 1971 1482 2016 videntur
1513 1971 1679 2023 idonei,
1715 1985 1827 2014 con-

186 2045 478 2091 suetudinem
506 2046 626 2104 piam
655 2047 825 2091 habere
856 2061 962 2098 cum
994 2047 1293 2101 scholasticis,
1327 2047 1399 2091 his
1431 2049 1714 2105 praesertim,
1748 2048 1826 2104 qui

186 2122 401 2168 videntur
422 2137 555 2180 posse
574 2123 739 2179 iuuari,
764 2124 929 2168 adduci
951 2124 1087 2169 etiam
1109 2125 1164 2168 ad
1195 2125 1487 2179 Societatem;
1519 2126 1599 2169 sed
1630 2126 1694 2169 ita
1726 2141 1825 2169 mo-

190 2200 389 2244 deranda
424 2208 494 2244 est
524 2200 599 2245 illa
631 2201 941 2255 conuersatio,
977 2201 1193 2258 primum,
1230 2210 1281 2245 ut
1308 2202 1500 2247 iuuenes
1522 2211 1702 2259 tempus
1725 2211 1823 2246 stu-

188 2276 365 2320 diorum
388 2292 481 2321 non
504 2279 711 2335 perdant;
738 2286 788 2322 ut
824 2278 999 2335 prolixa
1025 2294 1118 2322 non
1149 2279 1223 2332 sit,
1249 2293 1334 2323 nec
1362 2280 1476 2323 adeo
1506 2281 1735 2335 frequens,
1775 2288 1824 2322 ut

186 2353 235 2396 id
255 2361 415 2398 notare
435 2354 510 2398 alii
532 2355 722 2411 possint3
748 2356 911 2399 deinde
931 2356 1067 2400 debet
1096 2371 1274 2413 semper
1300 2371 1401 2401 esse
1428 2357 1716 2401 conuersatio
1741 2359 1822 2400 ho-

37 2426 47 2483 }
111 2472 115 2474 ,
185 2438 316 2475 nesta
334 2438 381 2495 et
402 2431 629 2488 religiosa.
654 2433 820 2476 Rector
841 2433 976 2477 etiam
994 2433 1178 2478 habebit
1194 2447 1349 2478 curam
1366 2434 1641 2491 peculiarem
1660 2436 1821 2476 harum

185 2508 599 2561 conuersationum,
625 2516 675 2552 ut
697 2523 803 2569 cum
827 2510 979 2553 fructu
1006 2510 1135 2563 fiant,
1167 2510 1497 2564 aedificatione,
1533 2525 1585 2553 ac
1615 2510 1712 2553 sine
1741 2511 1821 2554 de—

185 2583 399 2630 trimento
414 2592 691 2632 nostrorum.

275 2661 495 2718 Magister
516 2663 711 2719 Gaspar,
734 2670 978 2721 antequam
998 2660 1124 2721 legat
1140 2667 1367 2721 spheram,
1387 2665 1510 2721 legat
1527 2664 1700 2719 aliquas
1719 2677 1820 2719 pro-

185 2733 433 2795 positiones
453 2739 669 2783 Euclidis.

249 2888 260 2910 ¹
311 2888 471 2935 Ziegler
488 2888 536 2934 (9)
553 2888 644 2924 vide
661 2900 790 2936 supra,
811 2892 900 2936 p'ag.
923 2898 1005 2935 257,
1026 2890 1092 2925 ubi
1110 2890 1160 2925 de
1178 2891 1251 2926 hoc
1270 2890 1417 2925 mentio
1436 2889 1538 2924 facta
1559 2896 1633 2923 est.

248 2950 263 2970 ²
313 2949 485 2994 Jacobus
503 2949 700 2984 Fontanus
718 2949 936 2985 rhetoricae
960 2960 1117 2995 operam
1135 2949 1253 2984 dabat
1274 2950 1436 2995 pragae,
1456 2960 1556 2983 anno
1579 2947 1682 2991 1566,
1703 2954 1819 2994 prout

161 3000 169 3005 ⁰
179 3005 221 3043 in
237 3007 422 3054 pragensi
437 3008 617 3054 catalogo
635 3008 815 3044 habetur.

251 3066 267 3087 ³
316 3065 418 3101 Vide
437 3077 567 3113 supra,
588 3077 678 3114 pag,
698 3067 781 3111 255.
1180 3070 1195 3089 ⁴
1245 3068 1432 3104 Ottonem
1452 3066 1766 3103 Truchsessium.
