2098 3470
313 227 384 272 856
856 252 858 254 ψ
890 228 1028 266 Emsr.
1056 229 1100 264 Ρ.
1130 229 1283 264 NADAL

262 343 542 386 exponemus
565 328 762 382 abunde,
786 342 889 372 cum
914 331 1014 375 Iesu
1037 329 1111 373 Χ.ἱ
1134 329 1296 386 gratia,
1329 342 1422 385 quo
1450 330 1757 374 vadimonium
1790 331 1902 374 mihi

262 406 318 450 de
341 420 394 449 ea
415 421 466 450 re
487 404 723 452 distulisti.
753 406 888 450 Nunc
911 407 967 450 ad
990 406 1290 451 dialecticam.

352 482 434 526 Vis
457 490 548 526 tam
571 483 827 527 necessario
849 500 904 529 ex
927 483 1238 540 superioribus
1260 483 1476 541 colligere
1500 485 1662 528 falsum
1685 499 1740 529 ex
1771 486 1898 539 falso,

262 560 645 616 quemadmodum
669 559 706 603 si
728 561 967 618 colligeres
989 577 1044 605 ex
1068 575 1159 604 non
1183 575 1283 605 esse
1305 561 1536 606 hominem
1555 562 1900 607 beatificabilem

262 638 384 694 quod
407 636 687 680 rationabilis
711 652 800 681 non
825 638 899 681 sit.
922 630 1162 693 Quaenam
1188 644 1266 680 tua
1289 639 1404 682 haec
1434 645 1503 681 est
1524 637 1778 682 dialectica?
1800 640 1901 682 Hoc

265 714 448 771 quidem
472 722 610 758 ne-—a
627 714 809 769 quidem
827 716 897 759 vel
920 714 1144 758 Bruxellis
1167 713 1184 739 ¹³
1207 714 1388 759 haurire
1412 714 1613 771 potuisti,
1634 715 1899 772 praesertim

261 807 400 848 quum
424 792 611 844 habeas,
633 806 767 847 quem
790 793 1068 844 consuleres,
1096 791 1162 834 tui
1192 791 1364 835 ordinis
1386 791 1533 834 virum
1564 791 1900 848 praestantissi-

260 867 385 912 mum
409 883 460 912 ac
493 868 823 922 doctissimum,
858 868 1149 912 Dominicum
1183 869 1362 913 Sotum.
1394 868 1400 926 Ι
1428 869 1558 913 Haec
1581 868 1700 912 enim
1729 876 1799 913 est
1819 870 1901 914 de-

259 945 541 990 monstratio:
568 946 719 990 Omne
741 945 1008 989 rationabile
1031 953 1101 989 est
1130 945 1450 991 beatificabile.
1483 944 1646 989 Omnis
1673 947 1810 989 homo
1831 952 1900 988 est

260 1022 554 1067 rationabilis.
600 1022 764 1066 Omnis
792 1022 936 1080 igitur
965 1025 1102 1066 homo
1139 1021 1455 1067 beatificabilis
1491 1029 1577 1066 est.
1617 1023 1688 1066 Ac
1720 1037 1900 1066 rursum

265 1101 452 1144 Nullum
476 1099 736 1143 irrationale
757 1107 826 1143 est
856 1099 1175 1142 beatificabile.
1210 1099 1372 1143 Omnis
1402 1100 1540 1142 homo
1576 1106 1644 1144 est
1665 1098 1899 1142 irrationa-

258 1178 328 1221 lis.
369 1178 535 1221 Nullus
558 1176 698 1233 igitur
720 1178 856 1220 homo
885 1176 1200 1220 beatificabilis
1229 1183 1311 1220 est.
1341 1177 1452 1219 Item
1484 1177 1612 1219 locus
1634 1183 1703 1220 est
1731 1175 1806 1219 hic
1827 1175 1899 1219 in-

259 1255 498 1307 trinsecus,
525 1269 551 1297 a
572 1253 818 1311 negatione
840 1253 1117 1298 definitionis
1140 1254 1197 1296 ad
1215 1253 1436 1309 passionis
1459 1253 1666 1310 propriae
1689 1252 1897 1310 negatio-

259 1346 378 1375 nem.
405 1332 509 1375 Non
533 1338 602 1374 est
629 1332 777 1373 'homo
814 1329 1147 1373 intellectualis.
1192 1329 1516 1374 Beatificabilis
1548 1343 1659 1386 ergo
1687 1343 1778 1373 non
1799 1335 1888 1372 est.

257 1408 381 1464 Quid
399 1407 526 1451 vides
548 1407 593 1450 in
616 1407 784 1450 nostris
812 1406 1117 1463 pronuntiatis
1146 1406 1426 1450 huiusmodi?
1457 1407 1652 1463 Oportet
1679 1420 1760 1462 per
1787 1407 1899 1450 affe·—

255 1492 379 1529 ctum
403 1501 459 1529 ex
481 1484 567 1528 Dei
590 1499 741 1527 amore
763 1484 965 1526 infusum
988 1483 1257 1528 electionem
1279 1483 1449 1540 colligi.
1476 1485 1632 1539 Quare
1653 1490 1898 1527 consenta-

258 1578 393 1607 neum
422 1570 508 1614 est,
535 1561 612 1617 qui
640 1560 784 1618 eligit,
809 1560 936 1602 illum
961 1575 1159 1604 amorem
1183 1560 1367 1605 sentire.
1396 1560 1486 1604 Vbi
1517 1559 1590 1603 hic
1617 1561 1898 1604 demonstra-

259 1641 336 1693 tio,
361 1639 438 1682 vbi
467 1638 777 1695 syllogismus,
810 1638 882 1684 219
912 1637 987 1680 vbi
1013 1637 1260 1681 necessitas
1277 1630 1647 1694 consequentiae,
1675 1636 1750 1680 vbi
1770 1637 1898 1680 locus

255 1717 545 1768 intrinsecus,
572 1714 649 1758 vbi
665 1714 885 1767 definitio,
911 1714 987 1757 vbi
1011 1714 1178 1771 passio,
1200 1729 1317 1770 quae
1341 1729 1367 1757 a
1384 1713 1650 1758 definitione
1671 1715 1803 1757 fluat?
1820 1714 1898 1757 Ille

254 1802 323 1839 est
345 1808 508 1837 sensus
536 1791 801 1849 spiritualis,
843 1807 933 1835 non
957 1799 974 1818 ⁰
1002 1792 1303 1844 necessarius,
1336 1792 1418 1836 sed
1445 1791 1598 1847 potius
1637 1790 1897 1834 accidenta-

257 1872 365 1924 rius,
392 1878 440 1914 vt
463 1868 712 1914 consolatio
742 1884 797 1912 ex
836 1869 984 1925 gratia
1017 1876 1062 1914 et
1084 1869 1319 1912 charitate.
1360 1868 1418 1911 Et
1440 1883 1524 1912 nos
1562 1867 1745 1924 quidem
1774 1867 1898 1911 aliud

256 1963 346 1992 non
371 1947 564 1991 dicimus
587 1961 722 2002 quam
751 1933 1014 1989 conuenire:
1057 1952 1285 2002 optamus,
1322 1944 1609 2001 inquirimus:
1645 1959 1737 1988 non
1760 1944 1896 1988 etiam

258 2024 564 2070 necessarium
587 2022 798 2068 dicimus.

341 2102 480 2146 Dicas
516 2100 827 2157 exemplorum
866 2100 1104 2143 veritatem
1137 2115 1230 2143 non
1269 2099 1452 2156 requiri.
1497 2099 1646 2143 Credo
1685 2098 1896 2154 equidem

259 2190 387 2223 tuum
410 2194 511 2223 esse
528 2176 806 2229 huiusmodi,
833 2177 1013 2222 tametsi
1033 2192 1124 2221 non
1147 2184 1239 2220 tam
1268 2177 1524 2233 exemplum
1558 2176 1722 2219 videris
1750 2175 1897 2218 addu-

258 2247 542 2312 cere,'quam
567 2254 730 2300 seriam
769 2254 1128 2307 similitudinem,
1169 2269 1304 2310 quam
1328 2262 1478 2298 tamen
1515 2251 1780 2310 perspexisti
1809 2251 1898 2295 iam

259 2349 394 2390 quam
418 2333 476 2377 sit
498 2331 742 2376 dissimilis.

347 2411 439 2456 Sed
463 2425 550 2467 age
575 2423 771 2452 rursum.
803 2407 810 2467 1
838 2410 937 2451 Nos
955 2408 1066 2451 nihil
1088 2408 1362 2466 colligimus,
1383 2409 1551 2451 nullam
1572 2407 1762 2450 facimus
1784 2421 1897 2450 con-

260 2487 562 2544 sequentiam3
588 2487 668 2530 sed
691 2493 842 2529 tamen
866 2486 923 2528 do
946 2485 1027 2528 tibi
1049 2493 1099 2528 vt
1120 2485 1179 2529 sit
1199 2484 1537 2540 consequentia.
1570 2483 1715 2540 Igitur
1736 2482 1898 2526 statuis

259 2580 359 2610 esse
383 2563 685 2608 necessariam
708 2562 1078 2618 consequentiam
1100 2576 1158 2604 an
1175 2562 1424 2605 infirmam?
1446 2561 1563 2605 Vide
1581 2560 1627 2603 in
1643 2559 1896 2616 decipulam
1914 2569 1923 2575 ·

259 2657 316 2686 ne
338 2641 528 2694 incidas,
556 2639 636 2683 tibi
659 2653 793 2682 caue.
826 2638 874 2683 Si
898 2639 1174 2695 respondeas
1190 2637 1509 2691 necessariam,
1530 2644 1680 2681 tecum
1697 2622 1893 2693 pugnas,

260 2727 304 2763 te
328 2719 526 2775 iugulas.
553 2717 635 2762 Sin
657 2716 897 2769 infirmam,
923 2729 1006 2758 nos
1028 2715 1175 2769 iuuas3
1203 2730 1306 2758 nam
1329 2714 1366 2758 si
1389 2729 1628 2759 necessum
1652 2719 1722 2758 est
1744 2711 1896 2769 colligi

259 2812 316 2840 ex
339 2803 446 2839 actu
468 2795 545 2838 illo
567 2793 732 2837 amoris
754 2792 974 2848 consequi
996 2806 1199 2845 Sensum,
1230 2792 1269 2835 is
1298 2792 1451 2835 nullus
1482 2806 1582 2836 esse
1614 2796 1763 2847 potest
1790 2788 1892 2843 nisi,

329 2932 347 2948 a
398 2920 550 2955 Nomen
577 2918 740 2955 confuse
757 2917 966 2953 admodum
994 2922 1212 2963 exaratum,
1242 2916 1346 2964 quod
1365 2914 1614 2963 interpretari
1631 2914 1894 2963 nequivimus.

258 2983 396 3017 Posset
415 2981 516 3016 forte
534 2979 614 3025 legi
631 2979 817 3019 exbricot,
839 2978 902 3012 vel
921 2978 1079 3019 extrict,
1099 2978 1162 3013 vel
1181 2976 1344 3018 exbrict,
1365 2977 1428 3011 vel
1457 2975 1637 3012 extricet.
1706 2975 1772 3003 —b
1790 2972 1899 3010 Bru-

256 3041 356 3078 xelli
376 3051 446 3077 ms.
500 3048 563 3067 --0
582 3050 662 3074 non
682 3049 762 3074 non
782 3048 856 3072 ms.
