2098 3470
616 227 971 263 ADHORTATIOMS
994 227 1071 265 ὀμ
1098 228 1418 272 nemra—67
1713 229 1784 273 665

144 355 155 366 ·
195 338 245 373 et
265 344 369 375 cum
393 329 559 386 quibus
586 329 784 380 habeant
805 327 1086 384 spiritualem
1110 327 1507 381 consuetudinem,
1528 330 1830 384 persuadeant

196 414 244 450 vt
265 408 426 452 eodem
450 413 636 450 vtantur
656 406 778 462 apud
793 404 1085 457 domesticos,
1105 412 1330 461 cognatos
1346 412 1391 448 et
1409 404 1594 458 amicos;
1616 406 1829 450 mulieres

194 483 415 536 similiter,
441 483 562 539 apud
584 482 795 526 mulieres
822 489 1060 538 cognatas,
1092 480 1384 534 domesticas,
1416 481 1673 534 familiares;
1707 498 1828 526 nun-

192 575 330 617 quam
347 568 498 605 tamen
523 560 641 603 inter
661 573 710 602 se
727 558 810 601 viri
827 566 874 603 et
890 557 1120 611 mulieres,
1140 557 1227 601 nisi
1244 558 1337 601 sint
1353 557 1566 614 legittimi
1584 562 1823 616 coniuges,

191 637 299 680 huic
320 637 570 681 ministerio
596 637 770 683 dabunt
798 636 982 692 operam
1009 636 1067 678 ad
1098 650 1277 679 omnem
1300 635 1471 678 sinistri
1500 635 1696 679 nominis
1730 638 1825 693 opi·-

193 714 376 757 nionem
399 713 676 757 euitandam.

279 791 360 833 Est
380 799 532 834 autern
555 790 673 833 inter
694 788 939 833 conciones
959 795 1007 833 et
1028 789 1246 832 lectiones
1267 796 1313 833 et
1334 789 1424 832 hoc
1444 787 1671 845 priuatum
1697 792 1823 833 verbi

190 866 506 918 ministerium,
531 866 654 909 aliud
675 865 804 922 quasi
826 864 1041 917 medium,
1066 865 1143 908 vbi
1166 865 1340 909 scilicet
1361 865 1513 922 aliquo
1542 867 1824 911 conueniunt

188 943 273 986 viri
295 943 442 996 multi,
462 951 512 986 vt
528 944 585 987 de
606 944 743 987 rebus
764 942 1075 999 spiritualibus
1091 943 1410 998 colloquantur
1427 943 1719 997 familiariter,
1740 945 1822 988 ali>

187 1035 279 1076 quo
300 1027 579 1064 conuentum
610 1021 898 1076 gubernante
923 1033 983 1062 ac
1014 1019 1240 1076 dirigente
1269 1020 1487 1063 actioneS.
1522 1021 1624 1063 Hoc
1653 1035 1821 1077 genere

186 1097 467 1153 incoepimus
487 1111 571 1140 nos
593 1096 659 1139 vti
680 1099 918 1141 Messanae
938 1096 985 1139 in
1007 1096 1176 1148 Sicilia,
1196 1096 1274 1140 vbi
1289 1104 1492 1141 erectum
1510 1105 1579 1140 est
1596 1097 1708 1140 illud
1724 1100 1819 1141 col-

186 1174 375 1231 legium,
398 1175 479 1218 sed
501 1174 603 1217 rudi
619 1175 814 1229 quodam
834 1175 969 1217 modo
989 1176 1016 1217 ¹.
1036 1174 1088 1217 In
1107 1175 1322 1230 templum
1340 1181 1547 1217 nostrum
1569 1165 1819 1219 conuenie-

185 1251 296 1294 bant
317 1251 412 1296 sere
433 1250 627 1306 singulis
648 1251 809 1294 diebus
829 1250 892 1307 pii
914 1250 1120 1294 homines
1141 1266 1197 1296 ex
1224 1250 1295 1303 iis,
1320 1252 1398 1306 qui
1425 1250 1596 1294 nostris
1624 1253 1819 1296 confite-

185 1329 352 1371 bantur
380 1334 427 1370 et
452 1315 633 1371 nostras
655 1327 901 1372 audiebant
924 1327 1142 1371 lectiones
1168 1328 1501 1372 ecclesiasticas
1532 1330 1590 1371 ad
1612 1336 1816 1372 nostrum

183 1404 434 1449 aedituum.
459 1407 506 1448 Is
527 1406 724 1449 habebat
747 1412 953 1461 paratum
975 1404 1140 1448 librum
1163 1405 1305 1462 pium,
1324 1419 1460 1460 quem
1478 1406 1660 1462 legebat
1679 1421 1813 1460 vnus,

181 1481 256 1524 alii
277 1489 451 1525 attente
472 1482 735 1534 audiebant,
762 1496 1090 1538 nonnunquam
1112 1482 1248 1526 etiam
1271 1483 1390 1526 inter
1412 1498 1462 1527 se
1482 1484 1539 1526 de
1563 1484 1699 1526 rebus
1721 1484 1815 1539 spi-

110 1610 115 1614 .
182 1549 421 1602 ritualibus
453 1559 846 1614 colloquebantur.
874 1559 999 1602 Illud
1032 1567 1188 1616 postea
1220 1561 1290 1616 (vt
1321 1560 1471 1615 audio)
1506 1561 1812 1605 intermissum

180 1643 267 1680 est.
291 1636 460 1678 Romae
480 1635 582 1687 fuit,
609 1642 710 1691 post
732 1636 843 1678 illud
866 1644 1061 1693 tempus,
1086 1637 1359 1681 secularium
1381 1639 1673 1680 sacerdotum
1703 1651 1814 1680 con-

179 1711 391 1768 gregatio
414 1710 624 1755 instituta
655 1713 712 1755 ad
733 1713 828 1755 diui
860 1713 1147 1769 Hieronymi,
1181 1728 1298 1769 quae
1326 1713 1519 1758 similem
1550 1715 1643 1759 fere
1677 1714 1814 1758 ratio-

179 1802 283 1831 nem
305 1789 519 1832 obseruat
540 1797 574 1832 ²:
600 1789 882 1832 conueniunt
913 1790 1174 1846 frequentes
1194 1790 1241 1834 in
1270 1793 1483 1835 exedram
1508 1793 1719 1848 amplam:
1750 1792 1813 1835 ibi

177 1879 318 1920 quum
340 1866 645 1920 consederint,
671 1881 789 1909 vnus
811 1881 1058 1923 assurgens
1075 1862 1202 1912 venit
1218 1869 1277 1911 ad
1291 1869 1466 1921 sellam,
1489 1870 1607 1912 vnde
1624 1870 1810 1913 breuem

177 1942 539 1987 exhortationem
563 1943 703 1986 habet
725 1945 782 1986 ad
804 1951 1100 1987 conuentum.
1136 1946 1180 1988 Is
1210 1945 1337 2002 prius
1368 1946 1639 2002 designatur
1671 1946 1728 1988 ab
1757 1961 1812 1990 eo

176 2020 427 2071 sacerdote,
462 2019 539 2075 qui
569 2019 737 2076 primas
768 2020 859 2062 illic
891 2020 1026 2076 gerit;
1061 2035 1146 2064 nec
1173 2029 1243 2065 est
1275 2037 1536 2074 necessum,
1572 2023 1648 2079 qui
1671 2021 1810 2067 v‘erba

176 2096 396 2150 facturus,
425 2111 530 2142 eum
553 2111 653 2140 esse
685 2111 710 2139 e
743 2095 1003 2140 domesticis
1034 2099 1365 2153 sacerdotibus,
1403 2101 1665 2155 frequenter
1687 2099 1807 2142 enim

174 2179 246 2216 est
264 2173 322 2216 de
342 2172 555 2217 externis.
579 2173 669 2217 Vbi
692 2173 765 2217 ille
788 2173 972 2216 auditus
999 2182 1070 2218 est
1097 2173 1132 2227 b,
1164 2189 1490 2232 nonnunquam
1521 2176 1807 2233 interrogan-

176 2248 297 2292 tibus
327 2249 426 2293 aliis
457 2250 514 2294 de
552 2251 690 2294 rebus
719 2250 805 2306 piis
837 2251 1105 2307 respondet.
1139 2254 1479 2309 Nonnunquam
1517 2263 1671 2305 orant;
1709 2261 1805 2296 tum

173 2327 493 2371 commendant
528 2334 578 2369 vt
597 2379 602 2382 ⁵
619 2335 773 2370 oretur
809 2343 893 2384 pro
929 2329 1274 2374 occurrentibus
1316 2330 1664 2375 necessitatibus
1732 2331 1807 2373 Ad

174 2403 309 2446 finem
331 2410 542 2448 cantores
562 2405 807 2449 decantant
830 2405 949 2461 piam
978 2405 1104 2449 iuxta
1130 2421 1183 2450 ac
1211 2409 1446 2464 pulchram
1477 2408 1671 2462 aliquam
1697 2421 1807 2449 can-

174 2479 374 2523 tilenam.
399 2479 476 2525 Sic
498 2495 742 2525 consessus
762 2482 1042 2526 dissoluitur.

260 2558 356 2600 Nos
376 2557 522 2601 simile
544 2557 803 2602 institutum
826 2559 1087 2616 accepimus
1114 2576 1206 2606 non
1234 2563 1297 2605 ita
1328 2562 1497 2618 pridem
1530 2561 1575 2603 in
1608 2561 1804 2616 collegio

171 2634 413 2690 genuensi,
438 2648 556 2689 quae
577 2650 650 2679 res
671 2642 769 2678 tum
792 2651 818 2679 a
846 2638 1049 2693 generali
1077 2639 1333 2695 praeposito
1358 2654 1447 2681 non
1479 2638 1563 2680 fuit
1593 2651 1803 2693 compro-

169 2710 290 2764 bata,
315 2712 438 2766 quod
458 2711 616 2754 sciam.
645 2713 756 2755 Illud
781 2720 931 2757 tamen
956 2715 1095 2758 habet
1115 2717 1400 2760 consuetudo
1419 2717 1587 2758 Romae
1604 2714 1650 2756 in
1668 2714 1803 2757 colle·

240 2858 258 2880 a
306 2848 520 2884 obseruant
550 2860 623 2886 ms.
674 2850 741 2876 -b
767 2849 882 2900 Prius
912 2861 994 2885 una
1024 2851 1124 2886 hora
1153 2853 1321 2887 auditus
1338 2856 1413 2893 est,
1436 2851 1547 2898 ‘quod
1578 2849 1803 2886 emendavit

169 2906 272 2943 idem
290 2907 382 2943 Nat.

244 3035 252 3055 ¹
303 3033 371 3070 Cf.
396 3033 525 3080 Epist.
549 3035 596 3069 P.
618 3034 769 3078 Ναααι,
790 3035 820 3080 1,
843 3036 1012 3078 107·108.
