2098 3470
684 279 689 289 ”
705 323 709 326 ,
726 287 1004 325 Montium-A
1027 287 1243 324 ΙτΑιιΑΕ-
1253 293 1296 331 17
1715 286 1778 324 161

187 375 297 449 {rost
317 397 551 448 acceptam
571 389 927 435 satisfactionem
950 389 1023 434 271
1046 403 1198 434 rerum
1219 389 1577 445 particularium,
1603 390 1826 446 suspicio-

191 466 265 512 nis
283 467 465 525 ingerat
483 466 664 523 aliquis,
687 467 787 511 sola
809 467 1046 510 uoluntate
1065 473 1306 522 susceptae
1327 465 1430 509 illae
1452 466 1596 509 uideri
1613 475 1827 523 poterunt

23 562 26 563 ⁷
122 547 126 597 s
192 544 493 601 suspiciones:
527 551 575 588 et
602 550 755 588 tamen
783 542 911 587 illinc
939 542 1072 587 facile
1097 542 1355 598 intelligent
1382 543 1716 587 dominationes
1744 558 1824 588 ve—

192 627 316 667 strae
343 621 510 666 Illmae.
540 627 711 678 quanta
738 619 877 665 fuerit
905 620 954 663 in
984 618 1118 663 nobis
1149 633 1299 662 rerum
1332 619 1580 663 alienarum
1612 620 1822 664 auiditas.

193 698 311 743 Nam
331 712 436 743 cum
459 698 591 742 multi
617 697 710 747 sint
729 697 776 740 in
804 696 1018 741 omnibus
1039 695 1303 753 prouinciis,
1328 696 1406 752 qui
1428 705 1580 740 nostra
1604 697 1824 753 spirituali

191 788 331 832 opera
349 782 399 821 et
420 775 492 819 usi
511 782 622 820 sunt
641 781 687 820 et
708 781 914 826 utantur,
946 787 999 817 ac
1021 773 1154 816 nobis
1175 773 1292 817 bene
1314 773 1502 829 cupiant
1533 774 1578 816 in
1605 774 1820 828 Domino;

190 850 261 909 (ut
280 851 544 896 omittamus
563 852 621 896 de
637 851 737 895 aliis
752 849 1000 907 prouinciis
1015 849 1183 902 dicere,
1204 864 1262 893 ne
1277 849 1414 894 huius
1431 850 1495 893 rei
1513 850 1831 906 probationem

21 929 56 994 J
119 923 122 926 ’
149 931 151 933 ’
192 928 242 972 in
261 927 386 972 aliud
406 935 587 986 tempus
606 927 790 972 differre
816 927 1071 980 uideamur,
1095 927 1153 970 de
1175 927 1300 971 Vrbe
1327 927 1570 980 dicamusz)
1598 942 1702 970 cum
1734 930 1823 970 tam

22 995 46 1062 ³,
71 1021 74 1027 ·
100 1035 110 1042 -
135 1054 137 1060 ¹
192 1005 324 1054 multi
343 1005 416 1049 his
434 1005 599 1062 viginti
620 1020 701 1050 sex
722 1003 870 1057 annis,
894 1004 1062 1060 quibus
1083 1005 1255 1047 Romae
1278 1018 1529 1056 uersamur,
1554 1005 1721 1048 nostris
1742 1005 1824 1047 mi—

192 1081 392 1127 nisteriis
410 1081 482 1126 usi
503 1081 611 1135 sint;
641 1081 773 1125 multi
796 1081 922 1124 haud
947 1080 1087 1123 dubie
1114 1081 1258 1124 muita
1279 1080 1412 1124 nobis
1438 1082 1591 1137 legata
1619 1081 1824 1137 scripsis-

192 1165 312 1211 sent,
342 1154 480 1207 modo
499 1152 735 1215 paululum
762 1171 846 1200 nos
873 1157 919 1200 id
940 1156 1343 1214 quaesiuissemus.
1371 1157 1628 1201 Periculum
1658 1157 1827 1200 faciant

192 1241 240 1280 et
264 1233 498 1291 inquirant
527 1234 1060 1279 dominationes'vestrae
1086 1233 1257 1279 Illmae.
1288 1242 1399 1290 quot
1427 1235 1519 1277 sint
1546 1235 1677 1277 nobis
1705 1236 1826 1277 facta

188 1312 360 1370 legam
393 1319 441 1356 et
470 1311 729 1369 intelligent
754 1312 926 1356 nullam
956 1311 1090 1355 nobis
1117 1311 1259 1355 fuisse
1280 1319 1572 1356 externorum
1602 1313 1824 1355 bonorum

178 1387 470 1440 ‚auiditatem

262 1469 514 1509 obl-otio.
574 1464 700 1521 Quid
721 1464 901 1522 egerint
922 1465 968 1508 in
997 1465 1322 1510 consecutione
1350 1465 1642 1509 haereditatis
1670 1466 1824 1509 cuius—

191 1542 299 1589 dam
318 1541 487 1586 uiduae
507 1541 755 1586 ianuensis.

262 1624 575 1671 necno-tio.
636 1621 767 1665 Haec
789 1635 900 1664 uero
919 1630 989 1664 est
1011 1620 1168 1664 suauis
1189 1620 1491 1672 denuntiatio,
1516 1635 1575 1664 ne
1602 1620 1724 1663 aliud
1753 1620 1823 1662 di-

131 1751 134 1753 ,
184 1711 364 1742 camus.
389 1697 578 1750 Audite,
602 1701 896 1753 quaesumus,
914 1697 1086 1740 domini
1103 1697 1251 1752 Illmi.,
1272 1712 1367 1741 rem
1392 1707 1440 1740 ut
1463 1704 1565 1740 acta
1585 1704 1668 1740 est.
1696 1698 1824 1740 Haec

191 1773 280 1822 fuit
310 1773 452 1821 uidua
486 1775 710 1830 quaedam
746 1782 964 1831 prouecte
1001 1775 1248 1818 admodum
1286 1774 1464 1826 aetatis,
1505 1788 1621 1829 quae
1657 1768 1822 1816 abhinc

188 1851 285 1896 fere
303 1847 502 1908 quatuor
532 1865 714 1896 menses
734 1853 908 1896 Romae
934 1851 1009 1895 hic
1031 1867 1058 1896 e
1087 1850 1219 1895 uiuis
1234 1850 1429 1895 excessit
1451 1851 1819 1907 septuagenaria,

151 1964 157 1966 .
186 1933 268 1972 aut
286 1927 574 1984 eoemplius3
599 1942 653 1972 ac
674 1928 843 1972 nostris
864 1928 1048 1984 quidem
1069 1927 1159 1972 iam
1180 1927 1353 1984 pridem
1383 1943 1473 1970 non
1498 1928 1819 1980 confitebatur,

186 2003 269 2048 sed
289 2003 516 2061 religiosis
537 2004 648 2048 uiris
669 2004 979 2061 cappuccinis;
1004 2004 1183 2047 illorum
1205 2004 1326 2048 enim
1348 2013 1445 2048 erat
1466 2005 1523 2047 de
1547 2005 1615 2058 3.⁰
1645 2004 1819 2057 ordine;

161 2127 163 2130 .
187 2081 316 2127 iuxta
339 2081 349 2139 Ι
370 2073 532 2126 eorum
569 2081 892 2125 monasterium
931 2081 1191 2138 habitabat,
1231 2081 1294 2124 ibi
1329 2081 1478 2124 officia
1514 2081 1822 2125 ecclesiastica

56 2151 105 2213 '⁷³4
135 2219 142 2224 ‚
189 2157 413 2202 audiebat.
433 2158 564 2202 Haec
580 2158 722 2215 igitur
738 2173 869 2211 anus,
889 2172 994 2201 cum
1012 2159 1179 2203 deuote
1196 2150 1253 2202 de
1270 2157 1500 2202 Societate
1517 2158 1722 2209 sentiret,
1741 2172 1824 2200 sua

193 2235 429 2279 uoluntate
450 2236 589 2290 atoue
610 2234 748 2278 animi
770 2249 925 2287 sensu,
951 2234 1083 2277 nobis
1104 2249 1191 2279 nec
1218 2234 1468 2278 scientibus
1503 2249 1586 2278 nec
1615 2234 1822 2289 cogitan-

191 2309 333 2366 tibus,
365 2312 607 2356 haeredem
641 2319 914 2356 testamento
946 2311 1238 2367 inscripserat
1270 2311 1560 2356 Societatem.
1591 2312 1821 2354 Vocamur

190 2388 250 2432 ad
277 2387 440 2445 ipsam,
480 2402 585 2432 cum
607 2388 695 2432 iam
723 2388 919 2432 animam
941 2390 1131 2432 efflaret:
1160 2388 1379 2444 juuamus
1414 2389 1470 2430 de
1509 2403 1631 2431 more
1670 2397 1823 2430 nostro

191 2464 522 2513 moribundam:
546 2472 719 2522 partem
748 2465 1092 2521 suppellectilis,
1115 2479 1169 2508 ea
1197 2473 1390 2516 mortua,
1416 2466 1580 2506 bonam
1610 2464 1711 2516 illis,
1745 2464 1821 2518 qui

190 2555 293 2598 eam
312 2541 524 2602 iuuerant
545 2541 592 2584 in
613 2541 892 2594 infirmitate,
922 2540 1252 2585 distribuimus.
1285 2543 1444 2584 Funus
1471 2542 1662 2583 honeste
1691 2555 1820 2582 cura-

193 2616 357 2665 uimus.
382 2618 476 2662 Sed
502 2618 579 2660 ubi
602 2618 827 2662 uellemus
849 2618 1174 2662 haereditatem
1203 2617 1342 2668 adire,
1378 2626 1426 2659 ut
1448 2616 1620 2659 scilicet
1652 2631 1822 2671 paupe-

79 2709 126 2750 TI.
189 2692 318 2738 ribus
331 2688 468 2738 sillam
496 2708 807 2751 erogaremus,
847 2703 997 2749 neque
1034 2693 1155 2736 enim
1193 2693 1325 2737 aliter
1363 2692 1662 2734 haereditates
1700 2691 1822 2734 adire

86 2758 92 2764 ζ
114 2763 122 2771 ”
190 2775 340 2827 potest
359 2770 565 2827 professa
591 2771 814 2823 Societas,
838 2770 1096 2814 intercessit
1122 2770 1220 2814 eius
1248 2769 1384 2812 filius:
1417 2783 1518 2810 cum
1550 2781 1621 2819 eO,
1645 2768 1699 2810 ad
1723 2767 1818 2809 eui-

99 2870 129 2905 2.
192 2843 376 2891 tundam
408 2846 671 2903 cupiditatis
700 2846 1023 2902 suspicionem,
1057 2846 1120 2889 ita
1150 2860 1245 2889 rem
1281 2844 1599 2899 transegimus,
1646 2851 1695 2884 ut
1726 2843 1822 2898 ipse

192 2921 357 2977 uoluit,
380 2937 526 2979 eaque
557 2931 686 2980 parte
708 2923 878 2966 fuimus
899 2922 1119 2974 contenti,
1145 2937 1278 2977 quam
1313 2922 1385 2963 ille
1419 2919 1548 2962 nobis
1580 2919 1817 2961 concessit.

79 2996 131 3054 ζ-·;
192 2998 323 3060 Haec
343 3007 467 3052 sunt,
495 3001 655 3043 Patres
676 2999 825 3051 Illmi.,
851 3013 968 3054 quae
997 3007 1220 3042 uocantur
1247 2998 1292 3039 in
1316 2995 1548 3046 inuidiam,
1574 3009 1690 3049 quae
1718 3009 1822 3036 nar-

192 3063 448 3125 rasse'satis
470 3075 601 3119 nobis
622 3090 724 3120 esse
748 3066 944 3118 uidetur.

299 3156 302 3164 ¹
369 3150 487 3180 prsr.
506 3151 546 3180 P.
566 3151 703 3187 Nann,
722 3158 798 3180 rou.
818 3149 881 3179 IV.
1615 3145 1648 3173 12
