2098 3470
315 251 385 279 220
790 243 945 280 PATms
969 244 1214 281 HmRoNYm
1239 244 1389 282 NADAL

260 343 418 387 'bilitas
441 344 643 401 excuset)
666 344 932 389 habeamus.
953 347 1077 390 Vsus
1095 361 1205 391 uero
1223 347 1328 391 fidei
1345 348 1403 390 ad
1420 331 1636 392 iustitiam
1659 351 1899 406 agendam,

267 428 318 463 ut
355 428 680 465 commonstret
713 421 832 465 idem
861 436 913 466 ae
941 424 1213 479 persuadeat
1241 423 1287 465 in
1317 424 1499 467 Christo
1528 439 1607 481 per
1633 425 1720 469 alia
1747 440 1899 470 sacra·
1929 446 1934 453 ·

268 505 421 542 menta
444 497 575 541 nobis
598 505 784 542 auctum
813 499 868 542 iri
895 499 1107 556 gratiam,
1134 500 1171 542 si
1202 514 1285 543 nos
1314 514 1417 545 cum
1455 501 1611 545 diuino
1648 502 1814 546 auxilio
1845 504 1902 547 ad

257 590 320 619 ea
343 582 360 599 ³
382 589 721 631 praeparemur,
743 582 839 618 tum
861 575 996 620 etiam
1020 576 1179 632 augeri
1203 577 1334 619 nobis
1356 578 1628 633 persuadeat
1651 593 1729 635 per
1746 587 1903 623 nostra
1953 583 1957 587 '

267 666 405 707 opera
428 651 474 694 in
497 651 658 708 spiritu
682 651 871 705 Christi,
892 667 972 709 per
993 652 1238 697 inhaerens
1261 654 1433 697 donum
1456 655 1691 698 charitatis
1707 655 1753 698 in
1771 657 1901 699 nobis

259 727 458 773 efficaci.
486 730 708 785 Magnum
731 736 801 773 est
822 731 910 772 hoc
931 730 1121 782 donum,
1148 731 1270 785 quod
1293 718 1564 775 tam-diuina
1586 732 1716 775 nobis
1745 732 1894 777 miste⁴

266 805 331 848 ria
358 812 404 848 et
432 806 551 849 dona
573 813 899 849 commonstrat
927 805 945 831 b
973 820 1025 848 ac
1054 807 1313 862 persuadet,
1339 821 1443 850 cum
1476 808 1642 863 quibus
1671 810 1736 866 (ut
1769 810 1901 853 nobis

265 881 438 926 iustitia
459 883 770 939 comparetur)
793 883 996 935 adiuuat,
1031 890 1079 925 ut
1108 883 1470 937 fundamentum,
1506 885 1603 928 sine
1630 900 1721 941 quo
1749 887 1900 930 nullus

263 960 365 1004 Deo
388 959 566 1015 placere
587 966 752 1015 potest.

356 1036 479 1079 Vsus
503 1050 613 1079 uero
636 1036 731 1092 spei
753 1050 973 1092 syncerus
996 1035 1070 1088 sit,
1096 1042 1162 1089 ut,
1187 1050 1304 1091 quae
1332 1045 1683 1082 commonstrata
1711 1053 1764 1082 ac
1796 1054 1901 1096 per—

263 1128 399 1157 suasa
415 1120 523 1157 sunt
544 1113 675 1156 nobis
692 1127 772 1169 per
794 1113 948 1165 fidem,
969 1111 1016 1155 in
1035 1112 1103 1156 his
1121 1127 1212 1156 non
1230 1115 1578 1167 confundamur,
1599 1116 1679 1159 sed
1696 1116 1900 1160 firmissi-

264 1206 390 1234 mum
411 1191 661 1235 habeamus
683 1189 893 1233 solatium
916 1204 968 1232 ac
991 1190 1202 1233 fiduciam
1225 1206 1281 1235 ex
1303 1191 1505 1236 bonitate
1527 1199 1572 1236 et
1594 1192 1900 1236 misericordia

265 1268 351 1312 Dei
372 1283 452 1325 per
467 1270 579 1326 Jesu
596 1267 703 1323 Xpi.
726 1267 919 1324 gratiam
944 1275 989 1311 et
1011 1266 1240 1321 meritum,
1261 1268 1421 1312 mediis
1442 1269 1487 1312 in
1509 1269 1610 1325 ipso
1633 1270 1689 1313 ad
1712 1270 1758 1313 id
1779 1270 1898 1313 ordi—

265 1345 383 1389 natis
406 1344 801 1398 concurrentibus,
827 1343 999 1388 scilicet
1020 1359 1097 1402 per
1122 1353 1405 1390 sacramenta
1427 1354 1473 1390 et
1495 1361 1632 1402 opera
1652 1347 1789 1400 bona,
1816 1362 1900 1390 nos

265 1428 558 1467 assecuturos
591 1421 732 1464 uitam
755 1427 985 1465 aeternam
1008 1428 1053 1464 et
1075 1420 1248 1476 reliqua
1276 1422 1393 1465 dona
1407 1458 1416 1476 ,
1441 1423 1665 1467 contraria
1687 1438 1797 1467 uero
1819 1425 1900 1468 de-

265 1500 505 1543 uitaturos.

355 1576 567 1620 Charitas
591 1590 700 1619 uero
722 1575 918 1618 maxima
949 1575 1168 1619 uirtutum
1196 1584 1281 1628 est,
1314 1576 1454 1620 maior
1482 1577 1594 1630 fide,
1627 1577 1769 1621 maior
1800 1592 1895 1634 spe:

256 1669 316 1698 ea
344 1668 595 1709 numquam
627 1652 809 1705 excidit,
846 1660 1107 1708 perseuerat
1128 1653 1303 1698 scilicet
1330 1654 1376 1696 in
1407 1655 1552 1707 coelo,
1577 1655 1763 1698 exclusa
1790 1655 1895 1707 fide,

261 1732 453 1775 exclusa
475 1746 570 1787 spe.
600 1730 749 1787 Quale
777 1730 918 1786 igitur
948 1730 1153 1773 diuinum
1182 1744 1282 1775 esse
1309 1730 1435 1774 dabit
1463 1731 1508 1773 in
1536 1731 1727 1776 ecclesia
1755 1731 1900 1775 triun-

265 1807 424 1865 phanti
447 1806 615 1851 nostris
644 1805 897 1859 animabus,
929 1806 1048 1850 idem
1077 1808 1155 1849 dat
1182 1806 1229 1850 in
1256 1809 1341 1850 hac
1371 1806 1527 1851 militia
1563 1808 1797 1860 ecclesiae,
1833 1815 1898 1851 ta-

262 1884 399 1929 metsi
422 1884 470 1926 in
494 1884 624 1928 coelo
647 1882 864 1926 illustrior
886 1884 965 1926 fiat
987 1898 1042 1927 ex
1071 1883 1243 1939 gloriae
1273 1883 1604 1940 magnitudine;
1636 1885 1758 1939 quod
1791 1899 1899 1928 uero

260 1962 341 2004 dat
363 1961 409 2004 in
433 1963 518 2004 hac
543 1960 652 2014 uita,
677 1959 723 2002 in
746 1959 1007 2016 aenigmate
1029 1959 1159 2003 nobis
1181 1974 1262 2016 per
1283 1961 1418 2003 fidem
1441 1960 1696 2004 insinuatur
1723 1975 1776 2004 ac
1798 1975 1897 2017 per-

261 2039 498 2081 suadetur.

353 2117 441 2159 Per
464 2116 584 2158 hanc
606 2114 747 2171 igitur
772 2113 984 2156 uirtutem
1003 2113 1159 2156 unitur
1175 2113 1309 2156 nobis
1326 2113 1522 2169 Spiritus
1539 2121 1741 2166 sanctus,
1761 2114 1896 2157 Chri-

256 2199 379 2244 stus,
407 2191 552 2235 uirtus
575 2191 746 2244 diuina,
771 2192 915 2243 Deus3
951 2197 1164 2246 operatur
1190 2191 1310 2234 enim
1338 2190 1385 2233 in
1413 2189 1508 2234 suis
1529 2190 1750 2234 creaturis
1771 2192 1897 2236 Deus

261 2284 344 2325 pro
367 2283 525 2312 eorum
549 2268 808 2312 conditione
831 2281 883 2310 ac
906 2268 1068 2323 gradu;
1089 2281 1140 2310 ac
1159 2267 1268 2321 uim,
1288 2281 1423 2323 quarn
1441 2282 1467 2310 a
1488 2269 1588 2311 Deo
1604 2275 1893 2323 acceperunt,

255 2345 308 2388 ‘in
332 2345 410 2389 illo
435 2353 480 2391 et
503 2360 582 2402 per
603 2345 729 2388 illum
753 2343 964 2398 retinent3
990 2351 1035 2389 et
1058 2343 1239 2399 quidem
1261 2344 1307 2386 in
1335 2344 1430 2387 sola
1457 2344 1548 2388 fide
1575 2343 1895 2400 perfectionem

263 2438 356 2466 non
379 2429 593 2479 operatur
610 2422 654 2464 in
678 2421 810 2465 nobis
831 2423 974 2472 Deus,
1001 2428 1177 2464 tanturn
1207 2420 1424 2477 principia
1455 2420 1577 2474 iacit,
1608 2419 1818 2477 proponit
1845 2434 1898 2463 ac

263 2501 508 2556 persuadet
530 2498 694 2551 media,
720 2497 884 2553 quibus
908 2499 1101 2542 salutem
1123 2505 1344 2553 quaerant
1365 2497 1596 2542 mortales.
1621 2498 1737 2553 Spes
1759 2510 1898 2553 expe-

256 2576 512 2620 ctationem
535 2590 588 2619 ac
609 2574 820 2619 fiduciam
845 2575 997 2627 habet,
1023 2590 1115 2617 non
1138 2574 1470 2630 possessionem
1492 2581 1523 2618 c:
1556 2573 1752 2617 charitas
1774 2588 1897 2616 sum-

263 2668 388 2696 mum
425 2661 494 2696 est
532 2654 719 2704 donum,
759 2666 850 2707 quo
883 2651 1237 2707 apprehenditur
1268 2650 1528 2695 immediate
1559 2652 1686 2694 Deus
1717 2664 1770 2694 ac
1803 2650 1898 2693 uita

254 2737 446 2775 aeterna
470 2729 631 2786 (gratia
653 2728 772 2772 enim
791 2727 877 2772 Dei
895 2728 988 2771 uita
1011 2735 1195 2772 aeterna
1222 2730 1250 2780 ¹3
1272 2727 1414 2779 uenit,
1435 2727 1662 2781 Christus,
1684 2734 1734 2770 ut
1757 2726 1898 2770 uitam

261 2809 513 2852 habeamus
531 2808 579 2862 ²),
602 2821 705 2849 nam
727 2805 803 2849 illa
824 2812 893 2850 est
915 2806 1072 2848 eadem
1090 2805 1306 2857 charitas,
1326 2805 1437 2847 illud
1455 2805 1642 2856 donum,
1663 2804 1785 2859 quod
1802 2818 1897 2846 ma-

332 2918 349 2935 a
399 2907 465 2943 Bis
489 2908 561 2942 hoc
586 2907 697 2943 verb.
722 2911 783 2942 est
801 2906 840 2942 in
859 2917 931 2942 ms.
984 2907 1048 2934 —b
1075 2907 1355 2941 commonstret
1374 2916 1443 2942 ms.
1496 2913 1561 2932 ...c
1582 2905 1806 2951 possionem
1825 2915 1897 2942 ms,
1914 2924 1922 2933 ·

264 2971 268 2974 -
334 2996 342 3016 ¹
395 2996 520 3041 Rom„
542 2994 610 3041 VI,
632 2994 690 3033 23.

331 3059 345 3077 ²·
397 3056 572 3101 JoANN.,
592 3056 643 3101 X,
662 3063 717 3090 10.
