2098 3470
313 243 383 279 550
780 235 934 272 PATms
959 236 1206 274 HissRoNYm
1233 237 1384 273 NADAL

267 335 422 387 dendi,
448 335 527 378 sed
550 342 727 380 maturo
749 337 937 380 consilio
958 351 1010 381 ac
1033 337 1199 380 sensim
1222 352 1305 380 suo
1329 339 1442 382 loco.
1466 340 1581 382 Nam
1607 340 1642 382 si
1665 355 1719 384 ex
1743 340 1898 396 aliquo

269 413 467 454 fructum
491 411 686 468 capiant,
711 413 940 458 iubebitur
963 414 1036 458 ille
1059 414 1241 458 retineri
1264 416 1408 458 donec
1431 424 1500 458 sat
1522 416 1730 460 videatur
1751 431 1807 460 ex
1822 417 1900 460 illo

269 488 529 544 profecisse,
554 496 600 532 et
623 489 759 532 alium
782 491 1054 535 desiderent.
1083 491 1261 535 Deinde
1289 492 1452 547 poterit
1480 494 1781 537 confessarius
1813 494 1901 537 illis

269 580 467 609 amorem
491 580 641 608 rerum
670 567 968 623 spiritualium
1002 568 1217 612 inserere.
1243 569 1401 624 Itaque
1429 569 1581 612 odium
1611 578 1899 626 peccatorum

269 642 488 698 primum,
520 643 684 686 deinde
714 659 863 687 rerum
898 646 1198 687 humanarum
1223 653 1552 701 contemptum,
1579 646 1898 702 periculorum,

270 718 318 762 in
349 719 515 774 quibus
552 727 791 763 versantur
829 728 1062 777 perpetuo,
1090 721 1166 776 qui
1204 722 1250 764 in
1278 723 1461 766 saeculo
1490 723 1668 775 viuunt,
1694 723 1901 767 timorem

270 796 492 848 incutere3
518 797 691 849 mortis,
718 797 986 840 iudiciorum
1018 798 1103 840 Dei
1134 779 1432 858 occultorum,
1458 799 1590 842 simul
1621 799 1775 842 iudicii
1798 814 1901 856 par-

273 872 474 916 ticularis
507 880 553 916 et
575 873 846 917 vniuersalis
869 874 1055 926 Christi,
1082 874 1246 919 inferni
1280 877 1528 928 horrorem,
1555 875 1747 931 paradisi
1775 889 1899 919 amo-

272 964 386 1001 rem,
402 963 544 1005 spem,
560 949 850 1003 desiderium3
871 951 963 995 496
982 951 1198 995 instillare
1216 966 1415 996 amorem
1431 953 1518 996 Dei
1535 960 1579 996 et
1595 952 1900 1008 perfectionis,

275 1026 487 1083 puritatis
510 1026 646 1080 vitae,
671 1028 933 1070 imitationis
963 1027 1152 1080 Christi,
1178 1036 1223 1073 et
1254 1036 1512 1071 sanctorum
1550 1029 1595 1072 in
1628 1043 1811 1083 genere.
1847 1030 1906 1072 Et

278 1105 393 1147 haec
416 1103 599 1158 quidem
621 1113 948 1160 proponentur,
974 1104 1011 1147 si
1040 1104 1101 1146 illi
1125 1105 1383 1149 iudicentur
1410 1107 1467 1148 ad
1495 1106 1817 1161 perfectionem
1840 1105 1905 1148 vi-

275 1187 348 1225 tae
376 1180 595 1223 rationem
619 1194 722 1223 cum
746 1180 901 1223 diuina
917 1181 1063 1237 gratia
1085 1181 1190 1224 duci
1212 1196 1361 1237 posse.
1386 1184 1515 1225 Haec
1540 1183 1632 1226 fere
1655 1182 1822 1235 omnia,
1847 1183 1904 1225 de

276 1257 443 1313 quibus
463 1258 510 1300 in
534 1257 820 1301 confessione
842 1272 944 1300 curn
969 1258 1045 1301 illo
1068 1259 1164 1315 agit
1188 1259 1509 1313 confessarius,
1534 1259 1698 1316 poterit
1714 1259 1846 1302 simul
1862 1266 1907 1303 et

275 1343 506 1391 promotor
527 1335 602 1379 ille
624 1349 728 1378 cum
753 1336 911 1379 eodem
935 1343 1129 1380 tractare
1151 1338 1387 1392 oportune.

366 1413 612 1456 Octauum.
679 1413 946 1455 Consultum
971 1427 1066 1455 non
1094 1420 1163 1457 est
1197 1421 1246 1455 vt
1275 1414 1578 1469 particulatim
1609 1415 1667 1459 de
1699 1414 1909 1470 ingressu

276 1488 516 1533 Societatis
538 1503 642 1532 cum
664 1489 741 1532 illo
764 1497 886 1545 agat,
912 1489 997 1532 nisi
1019 1489 1054 1532 si
1079 1491 1135 1532 ad
1161 1490 1308 1545 ipsum
1327 1490 1400 1534 ille
1417 1491 1537 1546 prior
1560 1491 1762 1544 referret3
1788 1493 1909 1546 quod

277 1579 382 1608 cum
406 1566 590 1619 faceret,
615 1565 842 1609 iuuandus
864 1573 933 1610 est
956 1568 1206 1618 commode,
1232 1568 1313 1609 sed
1343 1567 1405 1610 ita
1433 1575 1598 1619 tamen,
1635 1575 1684 1610 vt
1718 1567 1781 1610 illi
1818 1582 1910 1611 non

279 1649 463 1699 praeeat
485 1642 804 1695 confessarius,
825 1644 905 1687 sed
927 1643 1208 1686 solummodo
1226 1643 1336 1686 illud
1353 1643 1620 1700 principium
1637 1651 1683 1687 et
1700 1644 1908 1700 gratiam,

280 1734 416 1776 quam
438 1720 514 1764 ille
535 1720 734 1772 adducit,
757 1720 926 1762 nitatur
948 1734 1230 1776 promouere.

370 1798 568 1840 Nonum.
635 1796 728 1852 Qui
756 1805 824 1840 est
852 1797 986 1839 huius
1015 1796 1079 1840 rei
1108 1805 1338 1852 promotor
1360 1813 1385 1841 e
1414 1797 1594 1850 nostris,
1621 1798 1710 1850 ille,
1735 1806 1914 1853 praeter

281 1888 350 1926 ea,
379 1888 495 1929 quae
517 1873 726 1929 superius
754 1873 1088 1926 annotauimus,
1120 1874 1300 1929 poterit,
1331 1882 1380 1916 vt
1401 1874 1603 1918 censebit
1625 1865 1915 1917 commodum

283 1965 383 1995 esse
411 1957 455 1994 et
478 1958 771 2006 oportunum,
797 1951 1005 1993 consulto
1028 1949 1276 2006 superiore,
1310 1950 1397 1994 alia
1428 1952 1669 2004 adducere,
1690 1951 1780 1995 497
1813 1950 1915 2005 qui-

283 2029 371 2070 bus
394 2026 636 2083 negocium
660 2034 997 2082 promoueatur3
1023 2042 1076 2070 ea
1099 2041 1205 2070 vero
1229 2041 1554 2082 nonnunquam
1576 2027 1793 2084 colligere
1813 2035 1916 2083 pot-

283 2104 369 2148 erit
389 2119 414 2147 e
436 2118 484 2147 re
506 2111 612 2146 nata
639 2113 684 2147 et
713 2103 1045 2156 occasionibus,
1070 2118 1183 2158 quas
1211 2104 1305 2146 suis
1332 2104 1443 2147 locis
1470 2104 1747 2153 obseruabit.
1782 2105 1917 2148 Pote-

284 2181 341 2223 rit
363 2188 596 2237 praeterea
618 2187 848 2235 promotor
871 2195 1007 2236 agere
1030 2194 1134 2223 cum
1156 2179 1232 2223 illo
1254 2181 1311 2224 de
1328 2182 1464 2224 rebus
1482 2180 1722 2225 Societatis
1745 2189 1915 2236 aperte,

289 2256 629 2301 communicare
651 2271 786 2310 noua,
822 2257 994 2301 indicas
1032 2258 1184 2302 literas
1221 2266 1267 2301 et
1295 2257 1418 2310 alias,
1451 2272 1567 2313 quae
1595 2257 1832 2301 videantur
1861 2258 1920 2300 ad

290 2333 653 2379 aedificationem
676 2336 841 2385 tacere,
869 2335 1086 2390 legendas
1108 2334 1231 2378 dare.
1267 2334 1489 2378 Breuiter:
1520 2348 1833 2389 quaecumque
1862 2334 1919 2376 ad

289 2410 622 2467 promotionem
643 2409 762 2452 illius
791 2410 1068 2465 spiritualem
1097 2426 1152 2455 ex
1181 2412 1317 2454 rebus
1345 2411 1583 2455 Societatis
1613 2411 1761 2454 facere
1789 2416 1921 2466 pote-

289 2494 415 2538 runt,
442 2486 588 2530 eidem
611 2485 695 2529 erit
716 2500 852 2541 opere
874 2486 1075 2541 precium
1098 2487 1450 2531 communicare.

377 2563 632 2607 Decimum.
698 2563 830 2618 Quae
851 2563 1085 2618 attigimus
1113 2563 1278 2616 omnia,
1310 2578 1401 2607 non
1429 2564 1574 2606 solum
1604 2565 1659 2606 ad
1688 2564 1922 2608 confessa-

290 2641 408 2685 rium
429 2640 716 2697 pertinentia,
741 2641 821 2684 sed
843 2655 958 2696 quae
981 2642 1038 2683 ad
1060 2649 1381 2696 promotorem,
1406 2655 1461 2684 eo
1484 2641 1666 2696 quidem
1695 2647 1919 2696 spectant,

295 2726 342 2761 vt
363 2709 542 2761 illorum
561 2716 698 2760 animi
714 2717 969 2761 excitentur
986 2719 1042 2760 ad
1061 2718 1290 2774 pietatem,
1311 2718 1389 2774 qui
1407 2719 1463 2760 ad
1481 2717 1754 2762 Societatem
1772 2716 1922 2760 idonei
1964 2730 1966 2737 ’

291 2795 522 2848 videntur,
546 2802 592 2838 et
612 2801 662 2837 vt
682 2809 739 2838 ex
761 2794 992 2850 principiis
1009 2792 1359 2847 vniuersalibus,
1378 2809 1495 2850 quae
1510 2794 1692 2849 quidem
1715 2799 1924 2850 spectant

293 2873 352 2915 ad
374 2872 590 2928 pietatem
607 2871 897 2915 christianam
915 2879 960 2914 et
977 2871 1318 2927 perfectionem,
1338 2879 1608 2915 moueantur
1623 2870 1709 2927 ipsi
1726 2885 1752 2913 a
1769 2869 1924 2913 diuina

298 2949 461 3005 gratia.
489 2949 659 2992 Verum
683 2948 864 3003 quando
893 2947 1001 3003 ipsis
1033 2963 1106 2992 res
1134 2956 1392 3001 narrantur,
1424 2949 1497 2992 vel
1525 2948 1796 2991 exhibentur
1822 2946 1924 2990 lite-

293 3039 385 3078 rae,
412 3033 520 3078 ete.,
546 3039 662 3082 quae
682 3023 864 3081 proprie
885 3026 943 3067 ad
964 3024 1056 3069 498
1078 3025 1351 3070 Societatem
1380 3025 1589 3075 attinent,
1622 3022 1798 3068 etiamsi
1818 3037 1924 3080 pro-
