2098 3470
768 291 1107 330 Insrnucnonsss
1114 292 1198 328 -61
1680 289 1752 338 483

262 396 395 453 Quae
417 403 568 440 tamen
589 408 804 439 mensura
823 393 1066 438 omnibus
1054 408 1099 437 1n
1123 393 1259 437 rebus
1281 393 1423 438 teneri
1446 394 1624 447 debeat,
1644 394 1801 438 vnctio'

166 481 331 518 sancta
351 472 535 516 diuinae
556 471 806 529 sapientiae
825 485 905 515 eos
925 469 1123 523 docebit,
1143 470 1222 526 qui
1241 469 1287 513 id
1308 484 1444 514 curae
1465 472 1522 513 ad
1544 470 1642 515 eius
1665 472 1799 516 obse-

106 607 111 610 ,
168 549 331 606 quium
354 563 407 593 ac
428 550 607 593 laudem
631 547 885 593 vberiorem
901 547 1200 604 susceperint.

262 626 391 670 Haec
413 628 637 670 hactenus
658 641 716 670 ex
737 624 1159 676 constitutionibus,
1184 639 1300 680 quae
1322 624 1437 669 scire
1459 624 1640 680 quidem
1664 640 1798 681 opor--

170 709 242 747 tet
262 702 632 765 examinatorem,
656 709 702 746 et
724 716 782 745 ex
801 701 873 745 his
893 700 1176 758 interrogare
1202 716 1256 746 ea
1282 701 1462 758 poterit,
1494 716 1611 757 quae
1639 716 1796 746 neces-

169 779 308 832 saria,
333 795 450 836 quae
470 779 723 831 commoda,
748 777 1022 826 existimabit
1042 778 1089 820 in
1111 792 1159 821 re
1179 778 1423 835 praesenti.

263 861 350 904 ³47
379 856 557 901 Deinde
586 870 694 901 vero
722 854 851 899 breui
881 855 1077 910 quodam
1111 855 1382 911 compendio
1408 855 1711 900 declarabitur
1739 856 1801 898 illi

170 933 281 978 finis
302 932 561 984 Societatis,
586 933 747 976 modus
768 930 1090 989 progrediendi
1110 939 1156 975 et
1180 931 1469 989 perfectionis
1490 933 1606 975 ratio
1629 933 1673 975 in
1703 933 1802 976 vni-

172 1023 360 1056 uersum
382 1009 697 1066 explicabitur,
722 1007 983 1065 praesertim
1005 1008 1303 1061 obedientiae,
1323 1009 1657 1066 abnegationis,
1678 1025 1802 1053 mor-

171 1085 451 1139 tificationis,
476 1093 585 1138 etc.,
606 1085 806 1130 omnium
823 1071 1042 1129 virtutum
1063 1091 1109 1130 et
1131 1086 1420 1142 perfectionis
1442 1088 1719 1140 earumdem,
1740 1087 1799 1131 si-

178 1164 274 1207 mul
294 1163 416 1219 quod
437 1171 543 1206 vota
564 1162 780 1219 suscipiat
802 1161 1062 1215 Societatis,
1087 1169 1196 1216 ete.;
1220 1170 1267 1206 et
1294 1163 1475 1207 tandem
1503 1163 1804 1221 interrogabi-

178 1247 254 1284 tur
274 1254 330 1283 an
354 1248 510 1296 parato
531 1239 590 1282 sit
612 1246 658 1283 et
686 1239 815 1282 firmo
842 1237 1008 1292 animo,
1031 1245 1082 1282 vt
1107 1239 1277 1283 seruiat
1304 1241 1404 1284 Deo
1432 1239 1477 1284 in
1506 1241 1736 1287 Societate
1759 1241 1805 1284 in

178 1317 305 1361 omni
326 1315 583 1360 obedientia
604 1324 650 1359 et
667 1315 985 1369 indifferentia,
1003 1316 1051 1359 in
1067 1315 1230 1373 quauis
1252 1332 1316 1369 re,
1337 1332 1626 1373 quocumque
1643 1318 1689 1361 in
1707 1319 1805 1361 offi-

171 1394 250 1438 cio
271 1394 343 1438 vel
363 1401 502 1438 statu.

268 1471 337 1515 Ex
366 1470 627 1514 huiusmodi
655 1449 1089 1528 interrogationibus
1109 1477 1155 1515 et
1176 1471 1560 1528 responsionibus,
1586 1487 1703 1528 quae
1735 1473 1807 1516 vel

181 1546 279 1592 fieri
299 1555 491 1605 possunt
511 1554 558 1591 et
578 1547 742 1600 solent,
763 1548 834 1591 vel
856 1561 913 1591 ex
929 1546 1094 1603 quibus
1109 1547 1283 1605 colligit
1303 1549 1580 1592 examinator
1600 1549 1708 1605 quid
1726 1563 1809 1592 no-

180 1623 383 1668 minatim
405 1623 685 1680 interrogare
713 1623 785 1666 vel
807 1624 1052 1668 obseruare
1077 1625 1213 1668 debet
1232 1633 1267 1678 ³,
1298 1625 1604 1682 colligendum
1628 1627 1809 1671 tandem

180 1708 251 1750 est
272 1700 319 1744 in
343 1700 550 1751 Domino,
574 1715 631 1743 an
654 1699 707 1751 is,
734 1700 811 1755 qui
839 1699 1160 1757 interrogatur,
1186 1709 1318 1758 aptus
1344 1702 1404 1745 sit
1435 1703 1491 1746 ad
1519 1703 1808 1757 Societatem;

181 1784 227 1822 et
254 1784 345 1821 tam
372 1776 714 1820 informationes
742 1791 876 1832 quarn
906 1776 1064 1821 iuditia
1090 1778 1187 1835 ipsa
1217 1779 1371 1823 referri
1400 1780 1568 1824 debent
1595 1781 1653 1824 ad
1675 1795 1811 1837 supe-

28 1856 30 1858 ’
75 1862 80 1878 ’-
180 1853 362 1907 riorem,
394 1853 526 1897 cuius
547 1853 782 1910 proprium
811 1853 896 1898 erit
924 1869 979 1899 ex
1006 1854 1078 1907 iis,
1108 1869 1224 1911 quae
1254 1856 1338 1899 sibi
1366 1857 1641 1911 referuntur,
1673 1857 1812 1914 recipi

176 1930 348 1976 debeat
369 1946 426 1975 an
450 1945 541 1974 non
569 1931 615 1974 in
644 1931 832 1987 primam
861 1925 1174 1987 probationem
1203 1932 1418 1978 iudicare.
1452 1934 1535 1979 Sin
1562 1942 1712 1978 autem
1743 1950 1814 1979 res

182 2023 275 2052 non
303 2007 365 2052 ita
391 2007 511 2051 clara
542 2007 693 2060 fuerit,
725 2008 915 2064 ipsemet
946 2013 1034 2056 348
1061 2009 1266 2066 superior
1291 2011 1456 2067 poterit
1483 2026 1588 2056 eum
1625 2011 1810 2067 alloqui,

149 2080 154 2091 ²
183 2085 275 2128 imo
302 2098 479 2141 semper
506 2084 591 2129 erit
628 2085 789 2129 melius
816 2093 862 2129 et
898 2085 1067 2139 vtilius,
1091 2094 1142 2130 vt
1173 2087 1378 2143 superior
1413 2095 1517 2144 post
1552 2103 1605 2132 ea
1643 2089 1809 2140 omnia,

175 2175 300 2217 quae
321 2162 379 2206 de
402 2161 474 2213 iis,
500 2162 577 2218 qui
600 2161 959 2219 interrogantur,
984 2162 1128 2215 nouit,
1153 2163 1278 2207 illum
1301 2165 1570 2221 alloquatur.

271 2239 473 2297 Examen
495 2239 583 2282 hoc
606 2253 783 2295 semper
806 2239 954 2284 facere
975 2239 1111 2283 debet
1131 2239 1186 2293 is,
1210 2241 1285 2284 cui
1306 2241 1594 2286 examinandi
1615 2242 1812 2285 officium

178 2321 231 2358 et
250 2327 360 2358 cura
389 2330 415 2358 a
447 2315 679 2371 superiore
700 2315 940 2359 commissa
969 2323 1053 2360 est.
1085 2317 1207 2360 Idem
1244 2317 1410 2361 facient
1445 2319 1536 2362 duo
1569 2326 1719 2363 tresue
1742 2318 1814 2361 alii

186 2391 362 2444 Patres,
387 2391 463 2448 qui
486 2392 574 2435 hac
596 2390 643 2434 in
665 2406 713 2435 re
741 2392 907 2435 iudicio
929 2393 1127 2447 valeant,
1151 2393 1228 2449 qui
1249 2394 1612 2452 designabuntur
1634 2410 1659 2437 a
1682 2410 1814 2451 supe-

187 2467 324 2512 riore:
348 2468 501 2513 iiesse
522 2459 670 2512 solent
691 2469 949 2512 consiliarii.

275 2545 337 2588 Hi
359 2545 478 2589 enim
501 2560 660 2589 omnes
680 2547 878 2590 referent
905 2546 962 2588 ad
985 2546 1261 2603 superiorem
1283 2548 1646 2591 informationem
1670 2557 1714 2591 et
1743 2549 1812 2590 iu-

181 2621 353 2665 dicium
375 2636 524 2665 suum.
550 2623 652 2666 Hoc
674 2630 842 2675 tamen,
867 2623 1017 2678 quoad
1037 2622 1136 2668 fieri
1157 2625 1339 2680 poterit,
1364 2625 1814 2668 animaduertendum

186 2705 274 2750 est,
297 2713 356 2744 ne
384 2698 485 2754 quis
514 2699 570 2742 ad
607 2698 796 2755 primam
826 2699 1140 2756 probationem
1172 2701 1455 2753 admittatur,
1490 2710 1730 2757 antequam
1759 2702 1815 2745 de

186 2775 349 2818 eodem
371 2775 714 2831 inquirat.vnus
736 2791 793 2820 ex
822 2776 893 2829 iis,
918 2776 996 2832 qui
1026 2777 1303 2830 examinant,
1329 2780 1384 2821 ab
1412 2778 1626 2830 externis,
1652 2778 1689 2821 si
1719 2778 1815 2822 fieri

189 2850 348 2906 possit,
371 2860 417 2896 et
437 2860 685 2909 cognoscat
706 2853 764 2896 de
793 2852 1072 2909 parentibus,
1098 2861 1146 2897 et
1166 2855 1224 2900 de
1252 2855 1461 2897 omnibus
1484 2854 1596 2907 aliis,
1622 2869 1736 2911 quae
1770 2854 1815 2896 in

187 2927 379 2971 dubium
400 2928 556 2973 venire
578 2937 807 2984 poterunt,
831 2937 877 2973 et
894 2930 1060 2974 referat
1082 2931 1139 2974 ad
1162 2932 1453 2988 superiorem,
1476 2945 1532 2974 ne
1558 2933 1672 2974 forte
1694 2931 1816 2975 desi-

263 3102 281 3120 ²
328 3094 466 3131 debent
481 3106 552 3130 ms.
