2098 3470
250 268 320 314 516
721 272 876 309 Pri-rius
902 273 1146 309 Hmnonvm
1172 273 1324 310 NADAL

292 371 578 417 Vestimenta
597 373 741 430 accipi
762 382 970 430 possunt,
991 389 1108 430 quae
1128 375 1302 417 dabunt
1324 384 1534 430 parentes
1555 383 1831 431 nostrorum,

202 448 275 492 vel
297 447 446 503 amici,
469 449 544 494 vel
564 450 894 505 benefactores3
919 452 999 495 sed
1027 451 1089 494 ita
1118 459 1285 503 tamen,
1316 461 1365 495 vt
1393 452 1539 496 sciant
1566 468 1657 496 non
1690 454 1835 511 accipi

203 539 285 581 pro
312 524 415 578 illis,
439 527 522 569 sed
541 541 624 585 pro
653 528 976 571 communitate
999 529 1204 580 fratrum,
1229 528 1371 585 accipi
1394 529 1563 573 scilicet
1598 538 1833 586 poterunt,

203 602 342 645 modo
362 602 555 660 collegia
571 603 726 648 dotata
747 619 838 649 non
859 604 1026 648 fuerint
1047 605 1323 650 sufficienter
1341 605 1465 649 iuxta
1486 615 1580 649 2.““ι
1597 615 1734 663 caput
1751 615 1837 662 4²⁶

202 678 344 736 partis
366 679 550 724 constit.

292 755 367 801 419
389 757 493 801 Non
515 764 586 801 est
605 757 653 800 in
674 757 901 803 Societate
923 758 1207 801 consuetudo
1235 766 1283 801 vt
1305 773 1463 802 omnes
1492 767 1677 803 vtantur
1706 760 1839 806 lineis

204 833 368 876 calceis
389 833 696 888 interioribus,
721 849 808 879 nec
826 836 989 890 hyeme
1011 834 1168 887 laneis,
1195 850 1341 890 neque
1363 837 1450 879 sub
1473 836 1591 892 pileo
1610 837 1839 881 communi

202 909 331 966 pileis
358 910 542 955 strictis.
573 913 751 955 Horum
782 911 984 955 omnium
1012 911 1177 967 poterit
1207 921 1356 957 tamen
1383 928 1493 956 vsus
1522 913 1649 957 iuxta
1679 928 1841 960 neces-

201 987 381 1032 sitatem
403 989 475 1032 vel
498 987 735 1045 regionum
758 991 831 1033 vel
855 991 1039 1032 Patrum
1063 1003 1116 1032 ac
1138 990 1327 1032 fratrum
1350 990 1556 1043 concedi,
1583 999 1630 1034 vt
1662 991 1837 1035 iudica-

203 1065 270 1108 bit
291 1065 516 1123 superior.

292 1144 543 1188 Necessum
565 1158 656 1187 non
679 1152 748 1189 est
765 1152 814 1187 vt
835 1144 881 1187 in
903 1144 1114 1187 omnibus
1131 1143 1377 1200 prouinciis
1393 1145 1635 1189 Societatis
1652 1152 1841 1189 vtantur
1905 1174 1911 1184 -

204 1220 351 1263 nostri
372 1221 530 1264 eadem
552 1220 727 1265 ratione
756 1220 962 1274 vestitus3
989 1235 1092 1264 nam
1120 1221 1344 1278 propriam
1372 1221 1568 1277 aliquam
1600 1222 1836 1266 formulam

203 1296 400 1341 vestium
427 1311 521 1340 non
549 1298 686 1340 habet
716 1297 934 1349 Societas,
959 1298 1039 1340 sed
1067 1312 1166 1341 eam
1194 1297 1401 1353 sequitur
1428 1313 1484 1341 ex
1514 1298 1688 1343 ratione
1708 1298 1840 1342 insti-

204 1373 314 1426 tuti,
355 1388 490 1429 quam
530 1374 783 1417 communis
818 1381 864 1418 et
905 1375 1182 1430 approbatus
1224 1389 1334 1417 vsus
1370 1376 1508 1419 habet
1545 1377 1840 1419 honestorum

201 1451 506 1496 sacerdotum.
533 1451 655 1495 Vsus
678 1465 787 1495 vero
810 1450 1050 1495 Societatis
1072 1453 1294 1495 hactenus
1316 1460 1401 1505 est,
1425 1459 1477 1494 vt
1497 1452 1543 1495 in
1571 1452 1707 1495 variis
1729 1467 1835 1509 pro-

204 1527 365 1571 uinciis
387 1536 433 1572 et
454 1529 716 1572 sacerdotes
736 1535 782 1571 et
803 1527 1062 1571 scholastici
1085 1535 1132 1570 et
1153 1528 1256 1571 laici
1281 1528 1455 1571 varium
1479 1544 1611 1571 vsum
1641 1528 1836 1572 vestium

201 1606 417 1657 habeant,
443 1604 707 1660 praesertim
729 1604 775 1646 in
796 1604 925 1660 pileis
947 1612 993 1647 et
1014 1604 1237 1661 supremis
1265 1605 1483 1648 vestibus.
1511 1606 1628 1649 Nam
1658 1605 1705 1647 in
1735 1620 1843 1661 pro-

207 1681 360 1724 uincia
382 1681 690 1737 portugalliae
712 1695 868 1724 omnes
891 1681 1058 1737 pileum
1082 1682 1326 1724 rotundum
1356 1689 1555 1738 gestant3
1581 1683 1844 1727 sacerdotes

211 1773 371 1803 omnes
403 1758 670 1811 mantelum,
693 1757 952 1800 scholastici
983 1757 1090 1801 item
1122 1758 1387 1810 mantelum‚
1426 1760 1508 1801 sed
1543 1759 1618 1801 cui
1657 1759 1842 1803 haereat

207 1834 390 1891 quidam
428 1833 654 1891 appendix
686 1835 742 1877 ab
781 1834 935 1877 Vltima
966 1834 1146 1879 ceruice
1177 1835 1267 1879 420
1289 1835 1346 1879 ad
1375 1834 1558 1878 dorsum
1590 1835 1842 1891 pertinens,

206 1912 331 1956 Laici
352 1926 462 1955 vero
484 1918 668 1968 gestant
697 1912 893 1956 mantela
920 1911 1144 1956 breuiora.
1177 1913 1227 1955 In
1256 1912 1429 1967 reliqua
1451 1912 1674 1968 Hispania
1704 1911 1847 1968 pileos

206 1990 472 2034 sacerdotes
508 1997 554 2032 et
586 1988 865 2041 scholastici,
898 1989 1143 2043 quadratos
1174 1988 1379 2044 quidem,
1404 1989 1484 2032 sed
1510 1995 1732 2045 angustos
1763 2003 1848 2045 gei

206 2073 345 2118 stant,
370 2066 567 2110 mantela
587 2079 698 2108 vero
719 2064 882 2108 similia
904 2065 1160 2109 scholastici
1182 2073 1318 2120 atque
1341 2066 1615 2109 sacerdotes.
1642 2065 1846 2109 Coadiu-

207 2150 499 2195 toresautem
517 2141 728 2186 breuiora
746 2142 954 2184 mantela.
976 2143 1027 2185 In
1043 2141 1172 2198 pileis
1190 2150 1339 2185 tamen
1358 2137 1674 2184 coadiutorum
1693 2141 1847 2185 diuer-

208 2234 288 2263 sus
310 2226 380 2264 est
405 2233 528 2262 vsus.
560 2220 612 2262 In
639 2218 766 2262 Italia
791 2218 867 2260 vix
896 2218 1034 2275 aliqui
1062 2219 1326 2263 sacerdotes
1351 2226 1544 2261 Vtuntur
1566 2218 1774 2262 mantelis
1802 2226 1849 2263 et

206 2296 254 2339 hi
277 2295 461 2352 quidem
481 2297 554 2340 vel
576 2295 848 2352 superiores,
874 2296 945 2338 vel
968 2295 1044 2351 qui
1067 2295 1249 2351 aliquod
1271 2295 1468 2338 officium
1491 2303 1661 2351 gerunt
1679 2297 1848 2338 Romae

206 2374 282 2416 vel
312 2373 448 2417 etiam
479 2371 692 2429 professi3
727 2386 883 2415 omnes
913 2387 1022 2415 vero
1053 2372 1352 2416 communiter
1383 2372 1606 2427 supremis
1639 2371 1847 2416 vestibus

209 2450 427 2495 talaribus
453 2463 558 2492 cum
586 2448 775 2492 manicis
805 2448 1122 2504 amplioribus,
1156 2463 1290 2504 quam
1322 2448 1587 2492 interiorum
1628 2448 1845 2501 vestium,

210 2533 414 2571 Vtuntur.
450 2525 586 2569 Pileis
619 2526 875 2569 sacerdotes
907 2532 951 2569 et
983 2524 1240 2568 scholastici
1277 2524 1508 2580 quadratis
1546 2525 1728 2580 quidem
1767 2525 1848 2569 sed

211 2602 520 2660 amplioribus,
545 2610 591 2645 et
614 2601 691 2657 qui
713 2602 907 2657 angulos
934 2614 962 2655 4
989 2609 1191 2646 exerant.
1225 2600 1350 2644 Laici
1380 2615 1486 2644 vero
1512 2600 1644 2657 pileis
1672 2601 1849 2644 secula-

211 2681 339 2724 ribus
371 2688 416 2724 et
443 2678 728 2724 breuioribus
756 2677 964 2722 mantelis
986 2685 1032 2722 et
1053 2678 1257 2721 interulis
1280 2677 1502 2731 vestibus,
1525 2691 1639 2733 quas
1661 2685 1850 2721 sotanas

211 2764 378 2800 vocant
398 2765 432 2800 ³.
458 2755 683 2800 Censetur
703 2762 855 2798 autem
883 2756 997 2798 haec
1024 2769 1117 2798 non
1148 2769 1247 2799 esse
1273 2753 1555 2806 difformitas‚
1587 2755 1669 2798 sed
1696 2754 1853 2810 potius

213 2833 511 2887 vniformitas‚
531 2829 752 2888 siquidem
769 2830 974 2873 habitum
993 2845 1082 2873 non
1106 2832 1327 2874 habemus
1348 2829 1596 2886 proprium,
1617 2829 1735 2873 sicut
1752 2844 1849 2873 mo·-

283 2969 302 2986 a
351 2956 568 2993 Emendata
585 2967 607 2991 a
625 2955 715 2994 Nat.
735 2955 831 2989 haec
849 2955 920 2989 ult.
938 2954 962 2988 6
981 2955 1098 2989 verba
1117 2966 1166 2989 ex
1186 2954 1365 2989 Fuerunt
1379 2956 1518 3000 postea
1533 2957 1736 2989 seculares
1749 2953 1851 3000 pilei

215 3020 367 3056 mutati
384 3018 428 3054 in
445 3017 741 3058 ecclesiasticos,
758 3026 858 3063 quae
877 3015 917 3050 in
938 3015 1033 3054 Cod.
1053 3017 1178 3051 Vatic.
1199 3026 1218 3060 3
1237 3027 1259 3050 a
1278 3015 1367 3051 Nat.
1385 3020 1541 3051 exarata
1555 3020 1595 3050 et
1608 3014 1699 3050 dein
1712 3013 1851 3050 oblite-

217 3085 301 3115 rata
327 3084 432 3114 sunt.
