<?xml version="1.0" encoding="UTF-8"?>
<!DOCTYPE html PUBLIC "-//W3C//DTD XHTML 1.0 Transitional//EN"
    "http://www.w3.org/TR/xhtml1/DTD/xhtml1-transitional.dtd">
<html xmlns="http://www.w3.org/1999/xhtml" xml:lang="en" lang="en">
 <head>
  <title>
</title>
<meta http-equiv="Content-Type" content="text/html;charset=utf-8" />
  <meta name='ocr-system' content='tesseract 3.04.00' />
  <meta name='ocr-capabilities' content='ocr_page ocr_carea ocr_par ocr_line ocrx_word'/>
</head>
<body>
  <div class='ocr_page' id='page_1' title='image "./epistolaephieron04nadauoft_0183.png"; bbox 0 0 2098 3470; ppageno 0'>
   <div class='ocr_carea' id='block_1_1' title="bbox 0 0 543 94">
    <p class='ocr_par' dir='ltr' id='par_1_1' title="bbox 0 0 543 94">
     <span class='ocr_line' id='line_1_1' title="bbox 0 0 543 94; baseline 0 3376"><span class='ocrx_word' id='word_1_1' title='bbox 0 0 543 94; x_wconf 95' lang='lat' dir='ltr'><strong> </strong></span> 
     </span>
    </p>
   </div>
   <div class='ocr_carea' id='block_1_2' title="bbox 729 278 1782 331">
    <p class='ocr_par' dir='ltr' id='par_1_2' title="bbox 729 278 1782 331">
     <span class='ocr_line' id='line_1_2' title="bbox 729 278 1782 331; baseline 0.004 -14"><span class='ocrx_word' id='word_1_2' title='bbox 729 278 1004 318; x_wconf 68' lang='lat' dir='ltr'><strong>MoumassmA</strong></span> <span class='ocrx_word' id='word_1_3' title='bbox 1030 283 1248 319; x_wconf 72' lang='lat' dir='ltr'>ITALlAss—</span> <span class='ocrx_word' id='word_1_4' title='bbox 1258 290 1300 328; x_wconf 90' lang='lat'><strong>17</strong></span> <span class='ocrx_word' id='word_1_5' title='bbox 1717 294 1782 331; x_wconf 84' lang='lat'><strong>157</strong></span> 
     </span>
    </p>
   </div>
   <div class='ocr_carea' id='block_1_3' title="bbox 200 379 1834 1059">
    <p class='ocr_par' dir='ltr' id='par_1_3' title="bbox 200 379 1834 1059">
     <span class='ocr_line' id='line_1_3' title="bbox 200 379 1829 441; baseline 0.006 -18"><span class='ocrx_word' id='word_1_6' title='bbox 200 379 407 434; x_wconf 89' lang='lat' dir='ltr'><strong>nisteria,</strong></span> <span class='ocrx_word' id='word_1_7' title='bbox 448 381 631 426; x_wconf 91' lang='lat' dir='ltr'><strong>Christo</strong></span> <span class='ocrx_word' id='word_1_8' title='bbox 667 383 799 427; x_wconf 89' lang='lat' dir='ltr'><strong>duce.</strong></span> <span class='ocrx_word' id='word_1_9' title='bbox 840 385 948 428; x_wconf 91' lang='lat' dir='ltr'><strong>Non</strong></span> <span class='ocrx_word' id='word_1_10' title='bbox 983 384 1256 440; x_wconf 85' lang='lat' dir='ltr'><strong>impedimus</strong></span> <span class='ocrx_word' id='word_1_11' title='bbox 1289 393 1439 428; x_wconf 90' lang='lat' dir='ltr'><strong>tamen</strong></span> <span class='ocrx_word' id='word_1_12' title='bbox 1476 387 1584 441; x_wconf 86' lang='lat' dir='ltr'><strong>quin</strong></span> <span class='ocrx_word' id='word_1_13' title='bbox 1623 389 1678 431; x_wconf 91' lang='lat' dir='ltr'><strong>ad</strong></span> <span class='ocrx_word' id='word_1_14' title='bbox 1717 389 1829 433; x_wconf 88' lang='lat' dir='ltr'><strong>alias</strong></span> 
     </span>
     <span class='ocr_line' id='line_1_4' title="bbox 201 457 1829 518; baseline 0.005 -18"><span class='ocrx_word' id='word_1_15' title='bbox 201 457 415 512; x_wconf 85' lang='lat' dir='ltr'><strong>ecclesias</strong></span> <span class='ocrx_word' id='word_1_16' title='bbox 438 458 640 512; x_wconf 87' lang='lat' dir='ltr'><strong>ueniant,</strong></span> <span class='ocrx_word' id='word_1_17' title='bbox 664 459 743 516; x_wconf 91' lang='lat' dir='ltr'><strong>qui</strong></span> <span class='ocrx_word' id='word_1_18' title='bbox 762 460 918 504; x_wconf 88' lang='lat' dir='ltr'><strong>uelint.</strong></span> <span class='ocrx_word' id='word_1_19' title='bbox 942 460 1067 517; x_wconf 79' lang='lat' dir='ltr'><strong>Quin</strong></span> <span class='ocrx_word' id='word_1_20' title='bbox 1089 461 1240 518; x_wconf 89' lang='lat' dir='ltr'><strong>potius</strong></span> <span class='ocrx_word' id='word_1_21' title='bbox 1256 470 1308 504; x_wconf 95' lang='lat' dir='ltr'><strong>ut</strong></span> <span class='ocrx_word' id='word_1_22' title='bbox 1328 477 1383 505; x_wconf 92' lang='lat' dir='ltr'><strong>eo</strong></span> <span class='ocrx_word' id='word_1_23' title='bbox 1404 471 1509 506; x_wconf 91' lang='lat' dir='ltr'><strong>eant</strong></span> <span class='ocrx_word' id='word_1_24' title='bbox 1535 466 1829 510; x_wconf 91' lang='lat' dir='ltr'><strong>uehementer</strong></span> 
     </span>
     <span class='ocr_line' id='line_1_5' title="bbox 202 534 1829 596; baseline 0.006 -20"><span class='ocrx_word' id='word_1_25' title='bbox 202 534 526 589; x_wconf 84' lang='lat' dir='ltr'>desideramus,</span> <span class='ocrx_word' id='word_1_26' title='bbox 552 536 629 580; x_wconf 92' lang='lat' dir='ltr'><strong>ubi</strong></span> <span class='ocrx_word' id='word_1_27' title='bbox 650 536 712 580; x_wconf 89' lang='lat' dir='ltr'><strong>ita</strong></span> <span class='ocrx_word' id='word_1_28' title='bbox 733 537 1029 582; x_wconf 85' lang='lat' dir='ltr'><strong>instituantur</strong></span> <span class='ocrx_word' id='word_1_29' title='bbox 1049 547 1095 582; x_wconf 91' lang='lat' dir='ltr'><strong>et</strong></span> <span class='ocrx_word' id='word_1_30' title='bbox 1114 538 1160 581; x_wconf 91' lang='lat' dir='ltr'><strong>in</strong></span> <span class='ocrx_word' id='word_1_31' title='bbox 1183 539 1351 595; x_wconf 90' lang='lat' dir='ltr'><strong>pietate</strong></span> <span class='ocrx_word' id='word_1_32' title='bbox 1374 541 1626 596; x_wconf 88' lang='lat' dir='ltr'><strong>proficiant,</strong></span> <span class='ocrx_word' id='word_1_33' title='bbox 1653 550 1702 584; x_wconf 90' lang='lat' dir='ltr'><strong>ut</strong></span> <span class='ocrx_word' id='word_1_34' title='bbox 1719 543 1829 585; x_wconf 88' lang='lat' dir='ltr'><strong>nihil</strong></span> 
     </span>
     <span class='ocr_line' id='line_1_6' title="bbox 202 614 1831 673; baseline 0.004 -18"><span class='ocrx_word' id='word_1_35' title='bbox 202 619 359 656; x_wconf 83' lang='lat' dir='ltr'><strong>nostra</strong></span> <span class='ocrx_word' id='word_1_36' title='bbox 379 628 518 669; x_wconf 88' lang='lat' dir='ltr'><strong>opera</strong></span> <span class='ocrx_word' id='word_1_37' title='bbox 538 615 612 658; x_wconf 91' lang='lat' dir='ltr'><strong>uel</strong></span> <span class='ocrx_word' id='word_1_38' title='bbox 633 614 882 660; x_wconf 88' lang='lat' dir='ltr'><strong>ministerio</strong></span> <span class='ocrx_word' id='word_1_39' title='bbox 903 615 962 658; x_wconf 89' lang='lat' dir='ltr'><strong>sit</strong></span> <span class='ocrx_word' id='word_1_40' title='bbox 981 630 1112 672; x_wconf 88' lang='lat' dir='ltr'><strong>opus.</strong></span> <span class='ocrx_word' id='word_1_41' title='bbox 1138 616 1204 659; x_wconf 92' lang='lat' dir='ltr'><strong>Ibi</strong></span> <span class='ocrx_word' id='word_1_42' title='bbox 1234 631 1343 660; x_wconf 90' lang='lat' dir='ltr'><strong>uero</strong></span> <span class='ocrx_word' id='word_1_43' title='bbox 1376 619 1511 673; x_wconf 84' lang='lat' dir='ltr'><strong>(quod</strong></span> <span class='ocrx_word' id='word_1_44' title='bbox 1539 634 1596 670; x_wconf 51' lang='lat' dir='ltr'><strong>ex„</strong></span> <span class='ocrx_word' id='word_1_45' title='bbox 1624 619 1831 662; x_wconf 88' lang='lat' dir='ltr'><strong>instituto</strong></span> 
     </span>
     <span class='ocr_line' id='line_1_7' title="bbox 203 691 1831 751; baseline 0.003 -17"><span class='ocrx_word' id='word_1_46' title='bbox 203 691 477 747; x_wconf 87' lang='lat' dir='ltr'><strong>accepimus)</strong></span> <span class='ocrx_word' id='word_1_47' title='bbox 500 707 555 736; x_wconf 92' lang='lat' dir='ltr'><strong>eo</strong></span> <span class='ocrx_word' id='word_1_48' title='bbox 575 707 659 735; x_wconf 91' lang='lat' dir='ltr'><strong>nos</strong></span> <span class='ocrx_word' id='word_1_49' title='bbox 682 692 956 745; x_wconf 88' lang='lat' dir='ltr'><strong>ueniremus,</strong></span> <span class='ocrx_word' id='word_1_50' title='bbox 983 693 1060 737; x_wconf 93' lang='lat' dir='ltr'><strong>ubi</strong></span> <span class='ocrx_word' id='word_1_51' title='bbox 1082 692 1271 749; x_wconf 88' lang='lat' dir='ltr'><strong>penuria</strong></span> <span class='ocrx_word' id='word_1_52' title='bbox 1299 701 1420 738; x_wconf 87' lang='lat' dir='ltr'><strong>esset</strong></span> <span class='ocrx_word' id='word_1_53' title='bbox 1447 695 1753 751; x_wconf 80' lang='lat' dir='ltr'>operariorum</span> <span class='ocrx_word' id='word_1_54' title='bbox 1775 699 1831 739; x_wconf 89' lang='lat' dir='ltr'><strong>ad</strong></span> 
     </span>
     <span class='ocr_line' id='line_1_8' title="bbox 204 767 1831 828; baseline 0.003 -17"><span class='ocrx_word' id='word_1_55' title='bbox 204 767 428 812; x_wconf 84' lang='lat' dir='ltr'><strong>iuuandas</strong></span> <span class='ocrx_word' id='word_1_56' title='bbox 449 769 634 813; x_wconf 81' lang='lat' dir='ltr'><strong>animas.</strong></span> <span class='ocrx_word' id='word_1_57' title='bbox 661 770 792 826; x_wconf 79' lang='lat' dir='ltr'><strong>Quae</strong></span> <span class='ocrx_word' id='word_1_58' title='bbox 813 771 915 814; x_wconf 90' lang='lat' dir='ltr'><strong>loca</strong></span> <span class='ocrx_word' id='word_1_59' title='bbox 936 770 1108 813; x_wconf 89' lang='lat' dir='ltr'><strong>utinam</strong></span> <span class='ocrx_word' id='word_1_60' title='bbox 1131 778 1224 814; x_wconf 87' lang='lat' dir='ltr'><strong>tam</strong></span> <span class='ocrx_word' id='word_1_61' title='bbox 1246 773 1388 815; x_wconf 92' lang='lat' dir='ltr'><strong>multa</strong></span> <span class='ocrx_word' id='word_1_62' title='bbox 1411 772 1580 828; x_wconf 91' lang='lat' dir='ltr'><strong>ubique</strong></span> <span class='ocrx_word' id='word_1_63' title='bbox 1611 781 1831 816; x_wconf 87' lang='lat' dir='ltr'><strong>terrarum</strong></span> 
     </span>
     <span class='ocr_line' id='line_1_9' title="bbox 205 846 1833 905; baseline 0.004 -18"><span class='ocrx_word' id='word_1_64' title='bbox 205 859 299 888; x_wconf 90' lang='lat' dir='ltr'><strong>non</strong></span> <span class='ocrx_word' id='word_1_65' title='bbox 320 855 488 890; x_wconf 81' lang='lat' dir='ltr'><strong>essent.</strong></span> <span class='ocrx_word' id='word_1_66' title='bbox 514 846 796 905; x_wconf 69' lang='lat' dir='ltr'><strong>Nonigitur,</strong></span> <span class='ocrx_word' id='word_1_67' title='bbox 821 854 872 889; x_wconf 93' lang='lat' dir='ltr'><strong>ut</strong></span> <span class='ocrx_word' id='word_1_68' title='bbox 892 847 1093 890; x_wconf 79' lang='lat' dir='ltr'><strong>delatum</strong></span> <span class='ocrx_word' id='word_1_69' title='bbox 1115 855 1201 900; x_wconf 91' lang='lat' dir='ltr'><strong>est,</strong></span> <span class='ocrx_word' id='word_1_70' title='bbox 1226 848 1520 904; x_wconf 83' lang='lat' dir='ltr'>prohibemus</span> <span class='ocrx_word' id='word_1_71' title='bbox 1547 864 1606 893; x_wconf 88' lang='lat' dir='ltr'><strong>ne</strong></span> <span class='ocrx_word' id='word_1_72' title='bbox 1638 851 1694 892; x_wconf 90' lang='lat' dir='ltr'><strong>ad</strong></span> <span class='ocrx_word' id='word_1_73' title='bbox 1723 851 1833 894; x_wconf 82' lang='lat' dir='ltr'><strong>alias</strong></span> 
     </span>
     <span class='ocr_line' id='line_1_10' title="bbox 205 922 1830 980; baseline 0.004 -16"><span class='ocrx_word' id='word_1_74' title='bbox 205 922 424 966; x_wconf 89' lang='lat' dir='ltr'><strong>ecclesias</strong></span> <span class='ocrx_word' id='word_1_75' title='bbox 444 923 646 976; x_wconf 88' lang='lat' dir='ltr'><strong>ueniant,</strong></span> <span class='ocrx_word' id='word_1_76' title='bbox 671 923 748 980; x_wconf 92' lang='lat' dir='ltr'><strong>qui</strong></span> <span class='ocrx_word' id='word_1_77' title='bbox 777 923 907 967; x_wconf 91' lang='lat' dir='ltr'><strong>nobis</strong></span> <span class='ocrx_word' id='word_1_78' title='bbox 929 925 1220 977; x_wconf 90' lang='lat' dir='ltr'><strong>confitentur,</strong></span> <span class='ocrx_word' id='word_1_79' title='bbox 1245 926 1327 969; x_wconf 86' lang='lat' dir='ltr'><strong>sed</strong></span> <span class='ocrx_word' id='word_1_80' title='bbox 1347 925 1658 970; x_wconf 89' lang='lat' dir='ltr'><strong>desideramus</strong></span> <span class='ocrx_word' id='word_1_81' title='bbox 1679 927 1830 978; x_wconf 79' lang='lat' dir='ltr'><strong>etiam,</strong></span> 
     </span>
     <span class='ocr_line' id='line_1_11' title="bbox 205 1001 1834 1059; baseline 0.002 -16"><span class='ocrx_word' id='word_1_82' title='bbox 205 1006 253 1043; x_wconf 88' lang='lat' dir='ltr'><strong>et</strong></span> <span class='ocrx_word' id='word_1_83' title='bbox 276 1007 424 1044; x_wconf 91' lang='lat' dir='ltr'><strong>tamen</strong></span> <span class='ocrx_word' id='word_1_84' title='bbox 443 1015 602 1056; x_wconf 86' lang='lat' dir='ltr'><strong>parum</strong></span> <span class='ocrx_word' id='word_1_85' title='bbox 627 1001 829 1044; x_wconf 84' lang='lat' dir='ltr'><strong>fortassis</strong></span> <span class='ocrx_word' id='word_1_86' title='bbox 849 1008 920 1045; x_wconf 86' lang='lat' dir='ltr'><strong>est</strong></span> <span class='ocrx_word' id='word_1_87' title='bbox 941 1003 1180 1055; x_wconf 88' lang='lat' dir='ltr'><strong>hactenus,</strong></span> <span class='ocrx_word' id='word_1_88' title='bbox 1206 1010 1479 1059; x_wconf 87' lang='lat' dir='ltr'><strong>quapropter</strong></span> <span class='ocrx_word' id='word_1_89' title='bbox 1500 1003 1599 1046; x_wconf 92' lang='lat' dir='ltr'><strong>illos</strong></span> <span class='ocrx_word' id='word_1_90' title='bbox 1622 1019 1648 1046; x_wconf 91' lang='lat' dir='ltr'><strong>a</strong></span> <span class='ocrx_word' id='word_1_91' title='bbox 1669 1005 1834 1048; x_wconf 89' lang='lat' dir='ltr'><strong>nostris</strong></span> 
     </span>
    </p>
   </div>
   <div class='ocr_carea' id='block_1_4' title="bbox 144 1074 1835 1200">
    <p class='ocr_par' dir='ltr' id='par_1_4' title="bbox 144 1074 1835 1200">
     <span class='ocr_line' id='line_1_12' title="bbox 144 1074 1835 1137; baseline 0.002 -16"><span class='ocrx_word' id='word_1_92' title='bbox 144 1074 157 1083; x_wconf 81' lang='lat'><strong><em>‘</em></strong></span> <span class='ocrx_word' id='word_1_93' title='bbox 206 1077 411 1121; x_wconf 85' lang='lat' dir='ltr'><strong>ecclesiis</strong></span> <span class='ocrx_word' id='word_1_94' title='bbox 431 1079 741 1132; x_wconf 88' lang='lat' dir='ltr'><strong>amandemus;</strong></span> <span class='ocrx_word' id='word_1_95' title='bbox 766 1085 813 1123; x_wconf 94' lang='lat' dir='ltr'><strong>et</strong></span> <span class='ocrx_word' id='word_1_96' title='bbox 833 1086 957 1123; x_wconf 89' lang='lat' dir='ltr'><strong>certe</strong></span> <span class='ocrx_word' id='word_1_97' title='bbox 978 1094 1036 1122; x_wconf 92' lang='lat' dir='ltr'><strong>ne</strong></span> <span class='ocrx_word' id='word_1_98' title='bbox 1061 1078 1244 1123; x_wconf 88' lang='lat' dir='ltr'><strong>ueniant</strong></span> <span class='ocrx_word' id='word_1_99' title='bbox 1266 1078 1538 1124; x_wconf 82' lang='lat' dir='ltr'><strong>interdicere</strong></span> <span class='ocrx_word' id='word_1_100' title='bbox 1566 1095 1650 1124; x_wconf 90' lang='lat' dir='ltr'><strong>nec</strong></span> <span class='ocrx_word' id='word_1_101' title='bbox 1674 1095 1835 1137; x_wconf 91' lang='lat' dir='ltr'><strong>possu-</strong></span> 
     </span>
     <span class='ocr_line' id='line_1_13' title="bbox 208 1156 666 1200; baseline 0.004 -4"><span class='ocrx_word' id='word_1_102' title='bbox 208 1168 311 1197; x_wconf 90' lang='lat' dir='ltr'><strong>mus</strong></span> <span class='ocrx_word' id='word_1_103' title='bbox 330 1169 415 1199; x_wconf 90' lang='lat' dir='ltr'><strong>nec</strong></span> <span class='ocrx_word' id='word_1_104' title='bbox 432 1156 666 1200; x_wconf 89' lang='lat' dir='ltr'><strong>debemus.</strong></span> 
     </span>
    </p>
   </div>
   <div class='ocr_carea' id='block_1_5' title="bbox 453 1283 1591 1320">
    <p class='ocr_par' dir='ltr' id='par_1_5' title="bbox 453 1283 1591 1320">
     <span class='ocr_line' id='line_1_14' title="bbox 453 1283 1591 1320; baseline 0.002 -2"><span class='ocrx_word' id='word_1_105' title='bbox 453 1283 594 1319; x_wconf 88' lang='lat' dir='ltr'>CIRCA</span> <span class='ocrx_word' id='word_1_106' title='bbox 627 1289 964 1320; x_wconf 84' lang='lat' dir='ltr'><strong>INDUCTIONEM</strong></span> <span class='ocrx_word' id='word_1_107' title='bbox 996 1290 1059 1320; x_wconf 90' lang='lat' dir='ltr'><strong>AD</strong></span> <span class='ocrx_word' id='word_1_108' title='bbox 1092 1289 1257 1320; x_wconf 85' lang='lat' dir='ltr'><strong>EORUM</strong></span> <span class='ocrx_word' id='word_1_109' title='bbox 1291 1290 1591 1320; x_wconf 86' lang='lat' dir='ltr'>RELIGIONEM</span> 
     </span>
    </p>
   </div>
   <div class='ocr_carea' id='block_1_6' title="bbox 20 1390 1850 2912">
    <p class='ocr_par' dir='ltr' id='par_1_6' title="bbox 210 1390 1838 1520">
     <span class='ocr_line' id='line_1_15' title="bbox 281 1390 1838 1447; baseline 0.001 -17"><span class='ocrx_word' id='word_1_110' title='bbox 281 1391 529 1431; x_wconf 68' lang='lat' dir='ltr'><strong>obiectio.</strong></span> <span class='ocrx_word' id='word_1_111' title='bbox 589 1391 661 1433; x_wconf 91' lang='lat' dir='ltr'><strong>De</strong></span> <span class='ocrx_word' id='word_1_112' title='bbox 687 1391 822 1433; x_wconf 90' lang='lat' dir='ltr'><strong>modo</strong></span> <span class='ocrx_word' id='word_1_113' title='bbox 854 1390 1131 1434; x_wconf 79' lang='lat' dir='ltr'><strong>inductionis</strong></span> <span class='ocrx_word' id='word_1_114' title='bbox 1165 1392 1223 1434; x_wconf 92' lang='lat' dir='ltr'><strong>ad</strong></span> <span class='ocrx_word' id='word_1_115' title='bbox 1258 1406 1416 1435; x_wconf 89' lang='lat' dir='ltr'><strong>eorum</strong></span> <span class='ocrx_word' id='word_1_116' title='bbox 1455 1391 1722 1447; x_wconf 85' lang='lat' dir='ltr'><strong>religionem</strong></span> <span class='ocrx_word' id='word_1_117' title='bbox 1760 1406 1838 1446; x_wconf 84' lang='lat' dir='ltr'><strong>per</strong></span> 
     </span>
     <span class='ocr_line' id='line_1_16' title="bbox 210 1465 1660 1520; baseline 0.003 -11"><span class='ocrx_word' id='word_1_118' title='bbox 210 1465 455 1510; x_wconf 88' lang='lat' dir='ltr'><strong>dictamina</strong></span> <span class='ocrx_word' id='word_1_119' title='bbox 473 1466 662 1514; x_wconf 78' lang='lat' dir='ltr'><strong>rationis</strong></span> <span class='ocrx_word' id='word_1_120' title='bbox 681 1467 1010 1520; x_wconf 85' lang='lat' dir='ltr'><strong>considerando</strong></span> <span class='ocrx_word' id='word_1_121' title='bbox 1031 1470 1269 1512; x_wconf 91' lang='lat' dir='ltr'><strong>commoda</strong></span> <span class='ocrx_word' id='word_1_122' title='bbox 1291 1475 1338 1512; x_wconf 93' lang='lat' dir='ltr'><strong>et</strong></span> <span class='ocrx_word' id='word_1_123' title='bbox 1358 1468 1660 1513; x_wconf 90' lang='lat' dir='ltr'><strong>incommoda.</strong></span> 
     </span>
    </p>

    <p class='ocr_par' dir='ltr' id='par_1_7' title="bbox 11 1544 1850 2912">
     <span class='ocr_line' id='line_1_17' title="bbox 283 1544 1839 1602; baseline 0 -16"><span class='ocrx_word' id='word_1_124' title='bbox 283 1549 594 1594; x_wconf 65' lang='lat' dir='ltr'><strong>necno-unio.</strong></span> <span class='ocrx_word' id='word_1_125' title='bbox 655 1546 891 1588; x_wconf 90' lang='lat' dir='ltr'><strong>Habemus</strong></span> <span class='ocrx_word' id='word_1_126' title='bbox 912 1546 1112 1589; x_wconf 88' lang='lat' dir='ltr'><strong>libellum</strong></span> <span class='ocrx_word' id='word_1_127' title='bbox 1136 1546 1360 1602; x_wconf 90' lang='lat' dir='ltr'><strong>quendam</strong></span> <span class='ocrx_word' id='word_1_128' title='bbox 1391 1545 1719 1589; x_wconf 87' lang='lat' dir='ltr'><strong>Exercitiorum</strong></span> <span class='ocrx_word' id='word_1_129' title='bbox 1747 1544 1839 1600; x_wconf 92' lang='lat' dir='ltr'><strong>spi-</strong></span> 
     </span>
     <span class='ocr_line' id='line_1_18' title="bbox 211 1616 1841 1679; baseline -0.001 -15"><span class='ocrx_word' id='word_1_130' title='bbox 211 1621 459 1673; x_wconf 75' lang='lat' dir='ltr'><strong>ritualium,</strong></span> <span class='ocrx_word' id='word_1_131' title='bbox 484 1637 511 1664; x_wconf 91' lang='lat' dir='ltr'><strong>a</strong></span> <span class='ocrx_word' id='word_1_132' title='bbox 534 1616 669 1665; x_wconf 77' lang='lat' dir='ltr'><strong>Patre</strong></span> <span class='ocrx_word' id='word_1_133' title='bbox 689 1622 868 1679; x_wconf 83' lang='lat' dir='ltr'><strong>Ignatio</strong></span> <span class='ocrx_word' id='word_1_134' title='bbox 888 1622 1120 1679; x_wconf 87' lang='lat' dir='ltr'><strong>hispanice</strong></span> <span class='ocrx_word' id='word_1_135' title='bbox 1142 1623 1462 1679; x_wconf 89' lang='lat' dir='ltr'><strong>compositum,</strong></span> <span class='ocrx_word' id='word_1_136' title='bbox 1488 1622 1564 1677; x_wconf 91' lang='lat' dir='ltr'><strong>qui</strong></span> <span class='ocrx_word' id='word_1_137' title='bbox 1586 1622 1748 1677; x_wconf 86' lang='lat' dir='ltr'><strong>partim</strong></span> <span class='ocrx_word' id='word_1_138' title='bbox 1772 1628 1841 1665; x_wconf 89' lang='lat' dir='ltr'><strong>est</strong></span> 
     </span>
     <span class='ocr_line' id='line_1_19' title="bbox 212 1698 1839 1760; baseline -0.002 -18"><span class='ocrx_word' id='word_1_139' title='bbox 212 1699 475 1757; x_wconf 86' lang='lat' dir='ltr'><strong>isagogicus</strong></span> <span class='ocrx_word' id='word_1_140' title='bbox 502 1708 520 1725; x_wconf 74' lang='lat'>³</span> <span class='ocrx_word' id='word_1_141' title='bbox 547 1700 605 1743; x_wconf 89' lang='lat' dir='ltr'><strong>ad</strong></span> <span class='ocrx_word' id='word_1_142' title='bbox 641 1699 976 1744; x_wconf 88' lang='lat' dir='ltr'><strong>meditationem</strong></span> <span class='ocrx_word' id='word_1_143' title='bbox 1004 1708 1049 1744; x_wconf 90' lang='lat' dir='ltr'><strong>et</strong></span> <span class='ocrx_word' id='word_1_144' title='bbox 1077 1699 1345 1752; x_wconf 87' lang='lat' dir='ltr'><strong>orationem,</strong></span> <span class='ocrx_word' id='word_1_145' title='bbox 1376 1698 1538 1756; x_wconf 90' lang='lat' dir='ltr'><strong>partim</strong></span> <span class='ocrx_word' id='word_1_146' title='bbox 1575 1699 1839 1760; x_wconf 83' lang='lat' dir='ltr'><strong>methodum</strong></span> 
     </span>
     <span class='ocr_line' id='line_1_20' title="bbox 212 1775 1842 1834; baseline -0.001 -14"><span class='ocrx_word' id='word_1_147' title='bbox 212 1777 398 1834; x_wconf 86' lang='lat' dir='ltr'><strong>attingit</strong></span> <span class='ocrx_word' id='word_1_148' title='bbox 419 1785 543 1821; x_wconf 89' lang='lat' dir='ltr'><strong>recte</strong></span> <span class='ocrx_word' id='word_1_149' title='bbox 563 1785 700 1834; x_wconf 89' lang='lat' dir='ltr'><strong>atque</strong></span> <span class='ocrx_word' id='word_1_150' title='bbox 721 1777 879 1822; x_wconf 90' lang='lat' dir='ltr'><strong>ordine</strong></span> <span class='ocrx_word' id='word_1_151' title='bbox 906 1777 1213 1822; x_wconf 87' lang='lat' dir='ltr'><strong>instituendae</strong></span> <span class='ocrx_word' id='word_1_152' title='bbox 1240 1777 1491 1830; x_wconf 81' lang='lat' dir='ltr'><strong>electionis,</strong></span> <span class='ocrx_word' id='word_1_153' title='bbox 1524 1791 1613 1819; x_wconf 91' lang='lat' dir='ltr'><strong>non</strong></span> <span class='ocrx_word' id='word_1_154' title='bbox 1637 1777 1693 1819; x_wconf 89' lang='lat' dir='ltr'><strong>de</strong></span> <span class='ocrx_word' id='word_1_155' title='bbox 1723 1775 1842 1819; x_wconf 87' lang='lat' dir='ltr'><strong>uitae</strong></span> 
     </span>
     <span class='ocr_line' id='line_1_21' title="bbox 22 1839 1837 1911; baseline -0.004 -9"><span class='ocrx_word' id='word_1_156' title='bbox 22 1839 37 1902; x_wconf 59' lang='grc' dir='ltr'><strong>ΓΞ</strong></span> <span class='ocrx_word' id='word_1_157' title='bbox 95 1885 117 1893; x_wconf 44' lang='grc' dir='ltr'><em>κ</em></span> <span class='ocrx_word' id='word_1_158' title='bbox 213 1861 335 1898; x_wconf 80' lang='lat' dir='ltr'><strong>statu</strong></span> <span class='ocrx_word' id='word_1_159' title='bbox 358 1862 551 1908; x_wconf 90' lang='lat' dir='ltr'><strong>tantum,</strong></span> <span class='ocrx_word' id='word_1_160' title='bbox 575 1855 656 1899; x_wconf 86' lang='lat' dir='ltr'><strong>sed</strong></span> <span class='ocrx_word' id='word_1_161' title='bbox 676 1855 811 1899; x_wconf 87' lang='lat' dir='ltr'><strong>etiam</strong></span> <span class='ocrx_word' id='word_1_162' title='bbox 833 1857 891 1900; x_wconf 92' lang='lat' dir='ltr'><strong>de</strong></span> <span class='ocrx_word' id='word_1_163' title='bbox 913 1870 960 1899; x_wconf 91' lang='lat' dir='ltr'><strong>re</strong></span> <span class='ocrx_word' id='word_1_164' title='bbox 983 1855 1161 1911; x_wconf 90' lang='lat' dir='ltr'><strong>quauis‚</strong></span> <span class='ocrx_word' id='word_1_165' title='bbox 1186 1869 1303 1910; x_wconf 91' lang='lat' dir='ltr'><strong>quae</strong></span> <span class='ocrx_word' id='word_1_166' title='bbox 1332 1856 1388 1898; x_wconf 91' lang='lat' dir='ltr'><strong>ad</strong></span> <span class='ocrx_word' id='word_1_167' title='bbox 1415 1868 1566 1898; x_wconf 90' lang='lat' dir='ltr'><strong>mores</strong></span> <span class='ocrx_word' id='word_1_168' title='bbox 1598 1852 1837 1909; x_wconf 89' lang='lat' dir='ltr'><strong>pertineat.</strong></span> 
     </span>
     <span class='ocr_line' id='line_1_22' title="bbox 20 1930 1837 1991; baseline -0.002 -15"><span class='ocrx_word' id='word_1_169' title='bbox 20 1990 23 1991; x_wconf 16' lang='lat'><em>⁷</em></span> <span class='ocrx_word' id='word_1_170' title='bbox 213 1931 321 1980; x_wconf 85' lang='lat' dir='ltr'><strong>Fuit</strong></span> <span class='ocrx_word' id='word_1_171' title='bbox 355 1932 430 1975; x_wconf 90' lang='lat' dir='ltr'><strong>hic</strong></span> <span class='ocrx_word' id='word_1_172' title='bbox 456 1932 636 1977; x_wconf 87' lang='lat' dir='ltr'><strong>libellus</strong></span> <span class='ocrx_word' id='word_1_173' title='bbox 662 1933 766 1976; x_wconf 87' lang='lat' dir='ltr'><strong>iusu</strong></span> <span class='ocrx_word' id='word_1_174' title='bbox 800 1932 930 1976; x_wconf 89' lang='lat' dir='ltr'><strong>Pauli</strong></span> <span class='ocrx_word' id='word_1_175' title='bbox 958 1933 1016 1976; x_wconf 91' lang='lat' dir='ltr'><strong>III</strong></span> <span class='ocrx_word' id='word_1_176' title='bbox 1051 1932 1302 1989; x_wconf 72' lang='lat' dir='ltr'><strong>pontilficis</strong></span> <span class='ocrx_word' id='word_1_177' title='bbox 1334 1931 1516 1975; x_wconf 85' lang='lat' dir='ltr'><strong>maximi</strong></span> <span class='ocrx_word' id='word_1_178' title='bbox 1556 1930 1837 1974; x_wconf 88' lang='lat' dir='ltr'><strong>examinatus</strong></span> 
     </span>
     <span class='ocr_line' id='line_1_23' title="bbox 92 2006 1842 2066; baseline -0.005 -8.442"><span class='ocrx_word' id='word_1_179' title='bbox 92 2037 101 2058; x_wconf 75' lang='grc' dir='ltr'><strong><em>ι</em></strong></span> <span class='ocrx_word' id='word_1_180' title='bbox 215 2009 515 2055; x_wconf 84' lang='lat' dir='ltr'><strong>attentissime</strong></span> <span class='ocrx_word' id='word_1_181' title='bbox 542 2011 599 2053; x_wconf 91' lang='lat' dir='ltr'><strong>ab</strong></span> <span class='ocrx_word' id='word_1_182' title='bbox 628 2010 932 2054; x_wconf 84' lang='lat' dir='ltr'><strong>illustrissimo</strong></span> <span class='ocrx_word' id='word_1_183' title='bbox 959 2009 1176 2054; x_wconf 90' lang='lat' dir='ltr'><strong>cardinali</strong></span> <span class='ocrx_word' id='word_1_184' title='bbox 1205 2009 1440 2066; x_wconf 88' lang='lat' dir='ltr'><strong>burgensi,</strong></span> <span class='ocrx_word' id='word_1_185' title='bbox 1471 2024 1527 2052; x_wconf 84' lang='lat' dir='ltr'><strong>ex</strong></span> <span class='ocrx_word' id='word_1_186' title='bbox 1554 2008 1750 2063; x_wconf 87' lang='lat' dir='ltr'><strong>collegio</strong></span> <span class='ocrx_word' id='word_1_187' title='bbox 1772 2006 1842 2048; x_wconf 88' lang='lat' dir='ltr'><strong>in-</strong></span> 
     </span>
     <span class='ocr_line' id='line_1_24' title="bbox 28 2072 1844 2144; baseline -0.004 -12"><span class='ocrx_word' id='word_1_188' title='bbox 28 2075 42 2090; x_wconf 54' lang='grc'><strong>”</strong></span> <span class='ocrx_word' id='word_1_189' title='bbox 126 2072 129 2074; x_wconf 19' lang='lat'>³</span> <span class='ocrx_word' id='word_1_190' title='bbox 217 2087 485 2144; x_wconf 85' lang='lat' dir='ltr'><strong>quisitorum</strong></span> <span class='ocrx_word' id='word_1_191' title='bbox 507 2088 700 2140; x_wconf 89' lang='lat' dir='ltr'><strong>delecto,</strong></span> <span class='ocrx_word' id='word_1_192' title='bbox 725 2102 752 2130; x_wconf 93' lang='lat' dir='ltr'><strong>a</strong></span> <span class='ocrx_word' id='word_1_193' title='bbox 773 2087 944 2130; x_wconf 91' lang='lat' dir='ltr'><strong>vicario</strong></span> <span class='ocrx_word' id='word_1_194' title='bbox 966 2088 1103 2131; x_wconf 87' lang='lat' dir='ltr'><strong>Vrbis</strong></span> <span class='ocrx_word' id='word_1_195' title='bbox 1124 2087 1349 2131; x_wconf 89' lang='lat' dir='ltr'><strong>Archinto</strong></span> <span class='ocrx_word' id='word_1_196' title='bbox 1372 2094 1418 2131; x_wconf 92' lang='lat' dir='ltr'><strong>et</strong></span> <span class='ocrx_word' id='word_1_197' title='bbox 1439 2101 1466 2129; x_wconf 90' lang='lat' dir='ltr'><strong>a</strong></span> <span class='ocrx_word' id='word_1_198' title='bbox 1487 2085 1705 2141; x_wconf 86' lang='lat' dir='ltr'><strong>magistro</strong></span> <span class='ocrx_word' id='word_1_199' title='bbox 1728 2083 1844 2126; x_wconf 89' lang='lat' dir='ltr'><strong>sacri</strong></span> 
     </span>
     <span class='ocr_line' id='line_1_25' title="bbox 215 2158 1843 2222; baseline -0.004 -13"><span class='ocrx_word' id='word_1_200' title='bbox 215 2158 371 2222; x_wconf 81' lang='lat' dir='ltr'><strong>palatii</strong></span> <span class='ocrx_word' id='word_1_201' title='bbox 391 2164 671 2217; x_wconf 86' lang='lat' dir='ltr'><strong>Foscarario‚</strong></span> <span class='ocrx_word' id='word_1_202' title='bbox 696 2164 774 2220; x_wconf 90' lang='lat' dir='ltr'><strong>qui</strong></span> <span class='ocrx_word' id='word_1_203' title='bbox 795 2172 865 2208; x_wconf 82' lang='lat' dir='ltr'><strong>est</strong></span> <span class='ocrx_word' id='word_1_204' title='bbox 886 2179 1011 2207; x_wconf 90' lang='lat' dir='ltr'><strong>nunc</strong></span> <span class='ocrx_word' id='word_1_205' title='bbox 1039 2165 1280 2221; x_wconf 89' lang='lat' dir='ltr'><strong>episcopus</strong></span> <span class='ocrx_word' id='word_1_206' title='bbox 1307 2162 1593 2214; x_wconf 88' lang='lat' dir='ltr'><strong>mutinensis;</strong></span> <span class='ocrx_word' id='word_1_207' title='bbox 1626 2169 1670 2204; x_wconf 92' lang='lat' dir='ltr'><strong>et</strong></span> <span class='ocrx_word' id='word_1_208' title='bbox 1700 2175 1843 2216; x_wconf 91' lang='lat' dir='ltr'><strong>quan-</strong></span> 
     </span>
     <span class='ocr_line' id='line_1_26' title="bbox 217 2237 1844 2299; baseline -0.005 -13"><span class='ocrx_word' id='word_1_209' title='bbox 217 2243 460 2299; x_wconf 86' lang='lat' dir='ltr'><strong>doquidem</strong></span> <span class='ocrx_word' id='word_1_210' title='bbox 482 2243 648 2299; x_wconf 85' lang='lat' dir='ltr'><strong>duplex</strong></span> <span class='ocrx_word' id='word_1_211' title='bbox 671 2251 767 2288; x_wconf 91' lang='lat' dir='ltr'><strong>erat</strong></span> <span class='ocrx_word' id='word_1_212' title='bbox 789 2244 927 2286; x_wconf 90' lang='lat' dir='ltr'><strong>huius</strong></span> <span class='ocrx_word' id='word_1_213' title='bbox 948 2243 1087 2287; x_wconf 91' lang='lat' dir='ltr'><strong>libelli</strong></span> <span class='ocrx_word' id='word_1_214' title='bbox 1109 2242 1247 2286; x_wconf 90' lang='lat' dir='ltr'><strong>latina</strong></span> <span class='ocrx_word' id='word_1_215' title='bbox 1269 2241 1433 2293; x_wconf 90' lang='lat' dir='ltr'><strong>versio,</strong></span> <span class='ocrx_word' id='word_1_216' title='bbox 1464 2240 1534 2286; x_wconf 85' lang='lat' dir='ltr'><strong>bis</strong></span> <span class='ocrx_word' id='word_1_217' title='bbox 1563 2239 1648 2281; x_wconf 88' lang='lat' dir='ltr'><strong>fuit</strong></span> <span class='ocrx_word' id='word_1_218' title='bbox 1675 2237 1844 2281; x_wconf 86' lang='lat' dir='ltr'><strong>exami-</strong></span> 
     </span>
     <span class='ocr_line' id='line_1_27' title="bbox 218 2317 1842 2376; baseline -0.005 -13"><span class='ocrx_word' id='word_1_219' title='bbox 218 2317 370 2374; x_wconf 87' lang='lat' dir='ltr'><strong>natus;</strong></span> <span class='ocrx_word' id='word_1_220' title='bbox 389 2321 459 2364; x_wconf 88' lang='lat' dir='ltr'><strong>bis</strong></span> <span class='ocrx_word' id='word_1_221' title='bbox 474 2321 611 2365; x_wconf 91' lang='lat' dir='ltr'><strong>etiam</strong></span> <span class='ocrx_word' id='word_1_222' title='bbox 627 2322 684 2364; x_wconf 92' lang='lat' dir='ltr'><strong>ab</strong></span> <span class='ocrx_word' id='word_1_223' title='bbox 701 2321 788 2364; x_wconf 88' lang='lat' dir='ltr'><strong>illis</strong></span> <span class='ocrx_word' id='word_1_224' title='bbox 804 2320 1015 2363; x_wconf 87' lang='lat' dir='ltr'><strong>omnibus</strong></span> <span class='ocrx_word' id='word_1_225' title='bbox 1032 2321 1249 2376; x_wconf 90' lang='lat' dir='ltr'><strong>probatus</strong></span> <span class='ocrx_word' id='word_1_226' title='bbox 1266 2327 1402 2375; x_wconf 91' lang='lat' dir='ltr'><strong>atque</strong></span> <span class='ocrx_word' id='word_1_227' title='bbox 1420 2318 1644 2360; x_wconf 87' lang='lat' dir='ltr'><strong>laudatus.</strong></span> <span class='ocrx_word' id='word_1_228' title='bbox 1667 2317 1842 2358; x_wconf 89' lang='lat' dir='ltr'><strong>Horum</strong></span> 
     </span>
     <span class='ocr_line' id='line_1_28' title="bbox 219 2388 1845 2454; baseline -0.005 -14"><span class='ocrx_word' id='word_1_229' title='bbox 219 2397 574 2454; x_wconf 89' lang='lat' dir='ltr'><strong>subscriptiones</strong></span> <span class='ocrx_word' id='word_1_230' title='bbox 595 2398 702 2441; x_wconf 90' lang='lat' dir='ltr'><strong>satis</strong></span> <span class='ocrx_word' id='word_1_231' title='bbox 723 2412 824 2442; x_wconf 88' lang='lat' dir='ltr'><strong>esse</strong></span> <span class='ocrx_word' id='word_1_232' title='bbox 851 2397 996 2441; x_wconf 90' lang='lat' dir='ltr'><strong>videri</strong></span> <span class='ocrx_word' id='word_1_233' title='bbox 1026 2405 1235 2453; x_wconf 89' lang='lat' dir='ltr'><strong>poterant</strong></span> <span class='ocrx_word' id='word_1_234' title='bbox 1263 2398 1320 2439; x_wconf 89' lang='lat' dir='ltr'><strong>ad</strong></span> <span class='ocrx_word' id='word_1_235' title='bbox 1357 2394 1711 2438; x_wconf 86' lang='lat' dir='ltr'><strong>confirmandam</strong></span> <span class='ocrx_word' id='word_1_236' title='bbox 1745 2388 1845 2433; x_wconf 83' lang='lat' dir='ltr'><strong>libri</strong></span> 
     </span>
     <span class='ocr_line' id='line_1_29' title="bbox 220 2468 1846 2527; baseline -0.005 -11"><span class='ocrx_word' id='word_1_237' title='bbox 220 2474 557 2527; x_wconf 84' lang='lat' dir='ltr'><strong>authoritatem,</strong></span> <span class='ocrx_word' id='word_1_238' title='bbox 582 2483 628 2518; x_wconf 89' lang='lat' dir='ltr'><strong>et</strong></span> <span class='ocrx_word' id='word_1_239' title='bbox 651 2483 802 2518; x_wconf 90' lang='lat' dir='ltr'><strong>tamen</strong></span> <span class='ocrx_word' id='word_1_240' title='bbox 825 2475 970 2518; x_wconf 90' lang='lat' dir='ltr'><strong>uoluit</strong></span> <span class='ocrx_word' id='word_1_241' title='bbox 991 2475 1048 2517; x_wconf 91' lang='lat' dir='ltr'><strong>ad</strong></span> <span class='ocrx_word' id='word_1_242' title='bbox 1069 2476 1182 2517; x_wconf 92' lang='lat' dir='ltr'><strong>haec</strong></span> <span class='ocrx_word' id='word_1_243' title='bbox 1206 2474 1376 2516; x_wconf 89' lang='lat' dir='ltr'><strong>Paulus</strong></span> <span class='ocrx_word' id='word_1_244' title='bbox 1399 2473 1456 2514; x_wconf 77' lang='lat'><strong>111</strong></span> <span class='ocrx_word' id='word_1_245' title='bbox 1486 2470 1604 2514; x_wconf 86' lang='lat' dir='ltr'><strong>sedis</strong></span> <span class='ocrx_word' id='word_1_246' title='bbox 1633 2468 1846 2524; x_wconf 41' lang='lat' dir='ltr'><strong>apostolia</strong></span> 
     </span>
     <span class='ocr_line' id='line_1_30' title="bbox 221 2545 1847 2608; baseline -0.006 -15"><span class='ocrx_word' id='word_1_247' title='bbox 221 2563 302 2594; x_wconf 88' lang='lat' dir='ltr'><strong>cae</strong></span> <span class='ocrx_word' id='word_1_248' title='bbox 326 2551 644 2595; x_wconf 90' lang='lat' dir='ltr'><strong>authoritatem</strong></span> <span class='ocrx_word' id='word_1_249' title='bbox 674 2552 940 2608; x_wconf 78' lang='lat' dir='ltr'><strong>adiungere,</strong></span> <span class='ocrx_word' id='word_1_250' title='bbox 960 2551 1204 2607; x_wconf 89' lang='lat' dir='ltr'><strong>diplomate</strong></span> <span class='ocrx_word' id='word_1_251' title='bbox 1221 2550 1387 2603; x_wconf 90' lang='lat' dir='ltr'><strong>aedito,</strong></span> <span class='ocrx_word' id='word_1_252' title='bbox 1408 2563 1497 2604; x_wconf 92' lang='lat' dir='ltr'><strong>quo</strong></span> <span class='ocrx_word' id='word_1_253' title='bbox 1520 2545 1783 2602; x_wconf 86' lang='lat' dir='ltr'><strong>approbauit</strong></span> <span class='ocrx_word' id='word_1_254' title='bbox 1803 2553 1847 2587; x_wconf 92' lang='lat' dir='ltr'><strong>et</strong></span> 
     </span>
     <span class='ocr_line' id='line_1_31' title="bbox 221 2623 1849 2685; baseline -0.006 -15"><span class='ocrx_word' id='word_1_255' title='bbox 221 2628 496 2672; x_wconf 88' lang='lat' dir='ltr'><strong>collaudauit</strong></span> <span class='ocrx_word' id='word_1_256' title='bbox 516 2628 717 2680; x_wconf 86' lang='lat' dir='ltr'><strong>libellum</strong></span> <span class='ocrx_word' id='word_1_257' title='bbox 740 2643 792 2672; x_wconf 91' lang='lat' dir='ltr'><strong>ac</strong></span> <span class='ocrx_word' id='word_1_258' title='bbox 814 2643 898 2672; x_wconf 91' lang='lat' dir='ltr'><strong>suo</strong></span> <span class='ocrx_word' id='word_1_259' title='bbox 919 2627 1171 2685; x_wconf 91' lang='lat' dir='ltr'><strong>patrocinio</strong></span> <span class='ocrx_word' id='word_1_260' title='bbox 1194 2625 1507 2675; x_wconf 85' lang='lat' dir='ltr'><strong>communiuit,</strong></span> <span class='ocrx_word' id='word_1_261' title='bbox 1539 2623 1670 2666; x_wconf 86' lang='lat' dir='ltr'><strong>simul</strong></span> <span class='ocrx_word' id='word_1_262' title='bbox 1694 2634 1849 2663; x_wconf 88' lang='lat' dir='ltr'><strong>omnes</strong></span> 
     </span>
     <span class='ocr_line' id='line_1_32' title="bbox 223 2698 1846 2760; baseline -0.006 -13"><span class='ocrx_word' id='word_1_263' title='bbox 223 2704 460 2760; x_wconf 90' lang='lat' dir='ltr'><strong>utriusque</strong></span> <span class='ocrx_word' id='word_1_264' title='bbox 480 2721 616 2749; x_wconf 86' lang='lat' dir='ltr'><strong>sexus</strong></span> <span class='ocrx_word' id='word_1_265' title='bbox 638 2706 953 2750; x_wconf 89' lang='lat' dir='ltr'><strong>christifideles</strong></span> <span class='ocrx_word' id='word_1_266' title='bbox 973 2707 1180 2748; x_wconf 89' lang='lat' dir='ltr'><strong>hortatus</strong></span> <span class='ocrx_word' id='word_1_267' title='bbox 1202 2712 1272 2748; x_wconf 92' lang='lat' dir='ltr'><strong>est</strong></span> <span class='ocrx_word' id='word_1_268' title='bbox 1294 2703 1534 2760; x_wconf 88' lang='lat' dir='ltr'><strong>plurimum</strong></span> <span class='ocrx_word' id='word_1_269' title='bbox 1558 2700 1602 2742; x_wconf 92' lang='lat' dir='ltr'><strong>in</strong></span> <span class='ocrx_word' id='word_1_270' title='bbox 1634 2698 1846 2747; x_wconf 90' lang='lat' dir='ltr'><strong>Domino,</strong></span> 
     </span>
     <span class='ocr_line' id='line_1_33' title="bbox 222 2774 1848 2839; baseline -0.007 -13"><span class='ocrx_word' id='word_1_271' title='bbox 222 2790 275 2826; x_wconf 90' lang='lat' dir='ltr'><strong>ut</strong></span> <span class='ocrx_word' id='word_1_272' title='bbox 295 2790 388 2826; x_wconf 90' lang='lat' dir='ltr'><strong>tam</strong></span> <span class='ocrx_word' id='word_1_273' title='bbox 410 2783 494 2839; x_wconf 90' lang='lat' dir='ltr'><strong>piis</strong></span> <span class='ocrx_word' id='word_1_274' title='bbox 515 2783 800 2828; x_wconf 89' lang='lat' dir='ltr'><strong>documentis</strong></span> <span class='ocrx_word' id='word_1_275' title='bbox 821 2791 867 2827; x_wconf 93' lang='lat' dir='ltr'><strong>et</strong></span> <span class='ocrx_word' id='word_1_276' title='bbox 888 2782 1114 2826; x_wconf 83' lang='lat' dir='ltr'><strong>exercitiis</strong></span> <span class='ocrx_word' id='word_1_277' title='bbox 1138 2781 1203 2824; x_wconf 91' lang='lat' dir='ltr'><strong>uti</strong></span> <span class='ocrx_word' id='word_1_278' title='bbox 1221 2789 1265 2824; x_wconf 91' lang='lat' dir='ltr'><strong>et</strong></span> <span class='ocrx_word' id='word_1_279' title='bbox 1282 2780 1368 2822; x_wconf 90' lang='lat' dir='ltr'><strong>illis</strong></span> <span class='ocrx_word' id='word_1_280' title='bbox 1386 2778 1545 2821; x_wconf 80' lang='lat' dir='ltr'><strong>instrui</strong></span> <span class='ocrx_word' id='word_1_281' title='bbox 1563 2778 1728 2820; x_wconf 88' lang='lat' dir='ltr'><strong>deuote</strong></span> <span class='ocrx_word' id='word_1_282' title='bbox 1753 2774 1848 2816; x_wconf 86' lang='lat' dir='ltr'><strong>uel·</strong></span> 
     </span>
     <span class='ocr_line' id='line_1_34' title="bbox 222 2851 1850 2912; baseline -0.006 -10"><span class='ocrx_word' id='word_1_283' title='bbox 222 2860 319 2904; x_wconf 88' lang='lat' dir='ltr'><strong>lent</strong></span> <span class='ocrx_word' id='word_1_284' title='bbox 346 2862 373 2902; x_wconf 91' lang='lat'><strong>¹.</strong></span> <span class='ocrx_word' id='word_1_285' title='bbox 399 2861 468 2903; x_wconf 83' lang='lat' dir='ltr'><strong>Ex</strong></span> <span class='ocrx_word' id='word_1_286' title='bbox 489 2861 578 2903; x_wconf 92' lang='lat' dir='ltr'><strong>hoc</strong></span> <span class='ocrx_word' id='word_1_287' title='bbox 605 2860 757 2904; x_wconf 90' lang='lat' dir='ltr'><strong>libello</strong></span> <span class='ocrx_word' id='word_1_288' title='bbox 785 2859 972 2902; x_wconf 92' lang='lat' dir='ltr'><strong>diluitur</strong></span> <span class='ocrx_word' id='word_1_289' title='bbox 1002 2858 1227 2910; x_wconf 88' lang='lat' dir='ltr'><strong>facillime,</strong></span> <span class='ocrx_word' id='word_1_290' title='bbox 1264 2872 1379 2912; x_wconf 88' lang='lat' dir='ltr'><strong>quae</strong></span> <span class='ocrx_word' id='word_1_291' title='bbox 1409 2858 1493 2897; x_wconf 93' lang='lat' dir='ltr'><strong>hoc</strong></span> <span class='ocrx_word' id='word_1_292' title='bbox 1522 2852 1667 2908; x_wconf 87' lang='lat' dir='ltr'><strong>capite</strong></span> <span class='ocrx_word' id='word_1_293' title='bbox 1705 2851 1850 2894; x_wconf 89' lang='lat' dir='ltr'><strong>notari</strong></span> 
     </span>
    </p>
   </div>
   <div class='ocr_carea' id='block_1_7' title="bbox 0 1011 19 1575">
    <p class='ocr_par' dir='ltr' id='par_1_8' title="bbox 0 1011 19 1575">
     <span class='ocr_line' id='line_1_35' title="bbox 0 1011 19 1575; textangle 90"><span class='ocrx_word' id='word_1_294' title='bbox 0 1340 18 1575; x_wconf 47' lang='lat' dir='ltr'><strong>=,.,W⁷⁴⁷·&#39;‘*&#39;‘</strong></span> <span class='ocrx_word' id='word_1_295' title='bbox 0 1215 18 1315; x_wconf 62' lang='lat' dir='ltr'><strong>&#39;“⁷‚¹s*&#39;·</strong></span> <span class='ocrx_word' id='word_1_296' title='bbox 0 1089 9 1179; x_wconf 47' lang='lat' dir='ltr'><strong>v,„3...</strong></span> <span class='ocrx_word' id='word_1_297' title='bbox 11 1011 19 1022; x_wconf 60' lang='lat'><em>—</em></span> 
     </span>
    </p>
   </div>
   <div class='ocr_carea' id='block_1_8' title="bbox 0 1603 71 3470">
    <p class='ocr_par' dir='ltr' id='par_1_9' title="bbox 0 1603 71 3470">
     <span class='ocr_line' id='line_1_36' title="bbox 0 1603 71 3470; baseline 0 0"><span class='ocrx_word' id='word_1_298' title='bbox 0 1603 71 3470; x_wconf 95' lang='lat' dir='ltr'><strong>     </strong></span> 
     </span>
    </p>
   </div>
   <div class='ocr_carea' id='block_1_9' title="bbox 294 2960 647 3008">
    <p class='ocr_par' dir='ltr' id='par_1_10' title="bbox 294 2960 647 3008">
     <span class='ocr_line' id='line_1_37' title="bbox 294 2960 647 3008; baseline 0.003 -13"><span class='ocrx_word' id='word_1_299' title='bbox 294 2970 313 2988; x_wconf 73' lang='lat'>⁸</span> <span class='ocrx_word' id='word_1_300' title='bbox 336 2960 557 3008; x_wconf 81' lang='lat' dir='ltr'><strong>isagosicus</strong></span> <span class='ocrx_word' id='word_1_301' title='bbox 576 2973 647 2996; x_wconf 86' lang='lat' dir='ltr'><strong>ms.</strong></span> 
     </span>
    </p>
   </div>
   <div class='ocr_carea' id='block_1_10' title="bbox 226 3022 497 3031">
    <p class='ocr_par' dir='ltr' id='par_1_11' title="bbox 226 3022 497 3031">
     <span class='ocr_line' id='line_1_38' title="bbox 226 3022 497 3031; baseline 0 439"><span class='ocrx_word' id='word_1_302' title='bbox 226 3022 497 3031; x_wconf 95' lang='lat' dir='ltr'><strong> </strong></span> 
     </span>
    </p>
   </div>
   <div class='ocr_carea' id='block_1_11' title="bbox 16 3040 1846 3155">
    <p class='ocr_par' dir='ltr' id='par_1_12' title="bbox 16 3040 1846 3155">
     <span class='ocr_line' id='line_1_39' title="bbox 20 3040 1846 3096; baseline -0.008 -8"><span class='ocrx_word' id='word_1_303' title='bbox 20 3071 23 3074; x_wconf 61' lang='lat'><strong>&gt;</strong></span> <span class='ocrx_word' id='word_1_304' title='bbox 79 3068 87 3083; x_wconf 64' lang='grc' dir='ltr'><strong>τ</strong></span> <span class='ocrx_word' id='word_1_305' title='bbox 298 3049 306 3068; x_wconf 88' lang='grc'><strong>’</strong></span> <span class='ocrx_word' id='word_1_306' title='bbox 358 3049 424 3086; x_wconf 81' lang='lat' dir='ltr'><strong>Cf.</strong></span> <span class='ocrx_word' id='word_1_307' title='bbox 448 3050 598 3085; x_wconf 87' lang='lat' dir='ltr'><strong>litteras</strong></span> <span class='ocrx_word' id='word_1_308' title='bbox 615 3049 849 3096; x_wconf 87' lang='lat' dir='ltr'><strong>apostolicas</strong></span> <span class='ocrx_word' id='word_1_309' title='bbox 867 3049 978 3084; x_wconf 88' lang='lat' dir='ltr'><strong>Pauli</strong></span> <span class='ocrx_word' id='word_1_310' title='bbox 997 3049 1073 3084; x_wconf 88' lang='lat' dir='ltr'><strong>PP.</strong></span> <span class='ocrx_word' id='word_1_311' title='bbox 1093 3048 1150 3083; x_wconf 89' lang='lat'><strong>111</strong></span> <span class='ocrx_word' id='word_1_312' title='bbox 1164 3045 1397 3083; x_wconf 82' lang='lat' dir='ltr'><strong>Pastoralis</strong></span> <span class='ocrx_word' id='word_1_313' title='bbox 1416 3043 1535 3090; x_wconf 71' lang='lat' dir='ltr'><strong>officii</strong></span> <span class='ocrx_word' id='word_1_314' title='bbox 1560 3053 1672 3081; x_wconf 79' lang='lat' dir='ltr'><strong>cura,</strong></span> <span class='ocrx_word' id='word_1_315' title='bbox 1694 3040 1734 3075; x_wconf 82' lang='lat'><strong>31</strong></span> <span class='ocrx_word' id='word_1_316' title='bbox 1766 3041 1846 3085; x_wconf 89' lang='lat' dir='ltr'><strong>Jul.</strong></span> 
     </span>
     <span class='ocr_line' id='line_1_40' title="bbox 16 3101 1603 3155; baseline -0.007 -9"><span class='ocrx_word' id='word_1_317' title='bbox 16 3126 29 3154; x_wconf 54' lang='grc' dir='ltr'>ὴ</span> <span class='ocrx_word' id='word_1_318' title='bbox 47 3117 73 3146; x_wconf 56' lang='lat'><strong>›⁴—</strong></span> <span class='ocrx_word' id='word_1_319' title='bbox 228 3115 245 3142; x_wconf 79' lang='lat' dir='ltr'>J</span> <span class='ocrx_word' id='word_1_320' title='bbox 251 3107 320 3153; x_wconf 84' lang='lat'><strong>548</strong></span> <span class='ocrx_word' id='word_1_321' title='bbox 336 3107 461 3155; x_wconf 85' lang='lat' dir='ltr'><strong>datas,</strong></span> <span class='ocrx_word' id='word_1_322' title='bbox 479 3109 520 3144; x_wconf 88' lang='lat' dir='ltr'><strong>in</strong></span> <span class='ocrx_word' id='word_1_323' title='bbox 537 3108 670 3144; x_wconf 81' lang='lat' dir='ltr'><strong>Jnstit.</strong></span> <span class='ocrx_word' id='word_1_324' title='bbox 690 3108 776 3145; x_wconf 89' lang='lat' dir='ltr'><strong>Soc.</strong></span> <span class='ocrx_word' id='word_1_325' title='bbox 794 3108 896 3154; x_wconf 87' lang='lat' dir='ltr'><strong>Jesu</strong></span> <span class='ocrx_word' id='word_1_326' title='bbox 914 3107 1150 3151; x_wconf 88' lang='lat' dir='ltr'><strong>(Florentiae</strong></span> <span class='ocrx_word' id='word_1_327' title='bbox 1172 3107 1274 3152; x_wconf 84' lang='lat'>1892,</span> <span class='ocrx_word' id='word_1_328' title='bbox 1299 3103 1415 3149; x_wconf 85' lang='lat'>1893),</span> <span class='ocrx_word' id='word_1_329' title='bbox 1437 3103 1507 3147; x_wconf 85' lang='grc' dir='ltr'><strong>ΙΙΙ,</strong></span> <span class='ocrx_word' id='word_1_330' title='bbox 1521 3101 1603 3146; x_wconf 76' lang='lat'><strong>443.</strong></span> 
     </span>
    </p>
   </div>
   <div class='ocr_carea' id='block_1_12' title="bbox 23 3140 142 3470">
    <p class='ocr_par' dir='ltr' id='par_1_13' title="bbox 23 3140 142 3470">
     <span class='ocr_line' id='line_1_41' title="bbox 33 3140 71 3209; baseline 0 -16"><span class='ocrx_word' id='word_1_331' title='bbox 33 3140 71 3209; x_wconf 58' lang='grc' dir='ltr'><strong>ἐξ</strong></span> 
     </span>
     <span class='ocr_line' id='line_1_42' title="bbox 23 3219 73 3278; baseline 0 0"><span class='ocrx_word' id='word_1_332' title='bbox 23 3219 73 3278; x_wconf 59' lang='lat' dir='ltr'><strong>t:</strong></span> 
     </span>
     <span class='ocr_line' id='line_1_43' title="bbox 50 3448 142 3470; baseline 0 0"><span class='ocrx_word' id='word_1_333' title='bbox 50 3448 63 3470; x_wconf 70' lang='lat' dir='ltr'><strong>t.</strong></span> <span class='ocrx_word' id='word_1_334' title='bbox 130 3455 142 3470; x_wconf 59' lang='lat' dir='ltr'>x</span> 
     </span>
    </p>
   </div>
  </div>
 </body>
</html>
