2098 3470
818 257 1250 295 Inmucnonas—or
1731 256 1800 304 391

217 374 324 404 men
345 361 421 405 vel
440 359 486 403 in
511 360 674 412 forum,
698 367 778 403 aut
807 359 855 402 in
874 358 1093 416 populum
1115 372 1210 401 non
1230 372 1280 401 se
1305 358 1495 411 dabunt,
1522 367 1570 402 vt
1591 373 1671 403 eos
1701 361 1849 403 deter-

208 443 364 488 reant,
389 436 512 492 quod
535 442 686 479 tamen
707 434 875 479 alicubi
895 450 923 478 a
943 434 1110 478 nostris
1126 434 1298 477 sactum
1319 433 1505 478 scimus.

307 513 480 557 Curent
499 511 820 570 prouinciales,
846 518 896 556 vt
917 518 1120 555 rectores
1141 518 1418 556 conseruent
1438 510 1590 554 literas
1611 519 1656 555 et
1679 512 1849 556 instru-

214 588 395 645 ctiones
416 603 590 643 omneS,
614 603 728 645 quas
749 595 1025 645 acceperunt
1042 603 1070 631 a
1091 587 1401 631 commissario
1423 596 1468 632 et
1499 588 1778 644 prouintiali,
1803 598 1850 634 et

216 682 244 711 a
264 666 468 724 generali
489 666 536 710 in
557 665 728 723 primis.
753 667 871 709 Nam
893 666 951 710 de
971 664 1043 708 his
1064 673 1111 710 et
1131 664 1385 708 commissis
1414 664 1515 709 aliis
1546 666 1743 722 negotiis
1774 681 1850 710 ra-

216 743 387 788 tionem
407 742 628 787 reddituri
648 750 756 787 sunt
776 742 824 786 in
845 741 1119 786 visitatione.
1146 742 1271 787 Idem
1293 741 1379 798 ipsi
1397 742 1580 795 faciant3
1606 757 1710 785 nam
1742 751 1850 787 sunt

214 820 352 864 etiam
372 820 458 877 ipsi
479 819 701 864 rationem
723 819 943 864 reddituri
965 819 1276 863 commissario
1296 819 1405 863 item
1426 807 1474 862 in
1495 819 1771 863 visitatione.

302 899 504 942 Vtantur
518 897 756 941 commode
771 896 820 940 in
840 896 1124 942 examinibus
1140 905 1187 942 et
1204 896 1460 940 visitatione
1475 896 1778 953 prouinciales
1795 911 1850 940 ea

212 973 529 1027 instructione,
555 989 678 1030 vquae
708 975 816 1018 data
845 982 915 1017 est
935 989 1019 1031 pro
1050 973 1374 1026 commissario,
1408 973 1497 1016 nisi
1518 973 1650 1017 aliam
1673 973 1850 1018 dederit

212 1050 442 1108 generalis
466 1050 768 1108 praepositus,
798 1058 845 1094 et
870 1059 1023 1094 tamen
1050 1065 1144 1094 non
1170 1050 1317 1094 oberit
1351 1050 1474 1094 illam
1509 1050 1647 1094 etiam
1677 1051 1849 1094 Habere

213 1142 296 1185 pro
317 1127 618 1172 instructione
638 1127 795 1171 libera.

302 1205 396 1248 Iam
418 1203 529 1248 alias
551 1204 723 1247 dictum
744 1211 830 1257 est,
854 1219 930 1257 ne,
954 1203 1031 1248 vbi
1047 1204 1330 1260 recipiuntur
1350 1204 1525 1258 literae,
1550 1219 1668 1260 quae
1685 1205 1743 1247 ad
1764 1204 1848 1248 ali-

212 1295 349 1337 quem
370 1280 627 1326 inferiorem
665 1280 923 1333 mittuntur,
963 1295 1041 1325 eas
1076 1280 1283 1337 superior
1317 1281 1506 1338 aperiat,
1544 1282 1582 1324 si
1604 1281 1718 1325 sciat
1747 1296 1848 1326 esse

212 1358 374 1402 missas
394 1359 452 1401 ab
473 1358 578 1412 alio,
602 1357 682 1413 qui
703 1357 938 1414 Vtriusque
959 1358 1018 1401 sit
1039 1358 1260 1414 superior.
1286 1359 1424 1414 Quod
1451 1358 1490 1402 si
1514 1367 1741 1411 vereatur,
1769 1359 1847 1414 qui

211 1435 384 1487 scribit,
409 1449 468 1479 ne
488 1442 765 1492 agnoscatur
781 1434 913 1478 cuius
928 1435 1020 1478 sint
1034 1435 1208 1489 literae,
1227 1450 1383 1480 earum
1405 1435 1689 1492 inscriptioni
1704 1451 1843 1492 appo-

211 1526 320 1556 nere
340 1519 471 1556 curet
498 1512 560 1557 64
581 1526 747 1555 nomen
769 1511 905 1555 officii
931 1511 1019 1566 sui,
1043 1513 1118 1557 vel
1144 1511 1346 1569 signum,
1371 1513 1494 1568 quod
1515 1512 1634 1556 inter
1652 1521 1737 1556 'eos
1759 1528 1842 1556 no-

203 1596 308 1632 ·tum
329 1589 404 1642 sit,
429 1603 488 1632 ne
509 1596 680 1633 temere
705 1588 984 1645 aperiantur,
1018 1589 1100 1634 sed
1122 1597 1171 1632 vt
1199 1589 1469 1646 obsignatae
1496 1590 1664 1634 dentur
1692 1590 1763 1643 iis,
1789 1592 1846 1634 ad

211 1678 327 1721 quos
348 1665 742 1710 mittuntur.Haec
770 1679 874 1708 cum
902 1665 965 1708 ita
992 1665 1100 1718 sint,
1131 1665 1312 1709 videtur
1340 1666 1475 1709 simul
1497 1668 1768 1720 curandum,
1794 1676 1844 1711 vt

210 1741 322 1785 nihil
342 1741 568 1786 scribatur
590 1742 723 1786 alicui
744 1742 1021 1798 particulari,
1047 1743 1168 1798 quod
1192 1757 1283 1786 non
1309 1743 1423 1787 sciat
1444 1744 1650 1800 superior
1678 1744 1841 1790 imme-

208 1818 359 1862 diatus
380 1818 516 1872 illius,
540 1826 606 1871 vt,
631 1826 852 1876 quantum
876 1819 972 1862 fieri
999 1819 1182 1876 poterit,
1214 1820 1381 1875 omnia,
1412 1835 1530 1876 quae
1558 1821 1840 1875 scribuntur,

206 1895 343 1940 etiam
364 1897 422 1939 ad
442 1895 753 1952 particulareS,
772 1895 863 1939 sint
884 1895 1055 1939 directa
1076 1905 1123 1939 et
1143 1898 1400 1953 gubernata
1421 1898 1479 1942 ab
1500 1898 1660 1942 iisdem
1678 1898 1839 1942 imme-

208 1971 342 2016 diatis
362 1972 687 2030 superioribus;
718 1980 764 2017 et
785 1974 873 2016 hoc
900 1972 1014 2016 tanti
1042 1974 1198 2027 refert,
1227 1973 1386 2029 quanti
1416 1976 1584 2018 referre
1612 1976 1727 2018 solet
1750 1991 1841 2018 non

207 2050 360 2094 facere
381 2049 709 2106 exemptiones,
733 2056 814 2092 aut
834 2049 1083 2094 diuisiones
1103 2050 1150 2093 in
1172 2050 1380 2105 collegiis
1397 2060 1443 2096 et
1460 2066 1553 2095 non
1570 2052 1842 2096 contristare

207 2126 478 2182 superiores.
503 2125 726 2170 Iudicabit
748 2134 917 2180 tamen,
942 2126 1019 2182 qui
1040 2127 1214 2180 scribit,
1238 2128 1277 2172 si
1299 2130 1481 2183 quando
1510 2131 1597 2172 hoc
1627 2130 1726 2172 fieri
1749 2144 1840 2172 non

207 2203 391 2259 poterit,
417 2204 489 2247 vel
510 2203 619 2247 vtile
640 2218 731 2247 non
755 2203 857 2248 erit.

296 2279 612 2333 Prouincialis,
635 2281 710 2323 vel
731 2280 883 2336 quiuis
909 2281 1025 2324 alius
1051 2281 1274 2338 superior,
1305 2281 1343 2325 si
1372 2282 1568 2339 aliquam
1597 2283 1762 2327 viderit
1783 2299 1839 2327 ex

208 2356 381 2413 regulis
402 2357 571 2400 nostris
597 2357 888 2414 negligenter
914 2358 988 2402 vel
1009 2358 1234 2402 dificulter
1261 2359 1449 2412 seruari,
1481 2360 1607 2402 dabit
1636 2375 1836 2416 operam,

204 2441 256 2476 vt
276 2448 332 2477 eo
351 2433 618 2490 diligentius
638 2435 924 2488 obseruetur,
944 2436 1095 2491 quoad
1115 2435 1215 2479 eius
1237 2436 1333 2479 fieri
1351 2436 1530 2492 poterit.
1554 2439 1596 2492 Q
1604 2438 1691 2479 uod
1713 2437 1750 2479 si
1768 2436 1839 2478 ui-

206 2511 391 2556 deretur
419 2525 535 2564 esse,
565 2512 687 2556 vnde
714 2512 949 2555 obseruari
982 2527 1077 2556 non
1105 2521 1259 2569 posset
1286 2514 1538 2566 commode,
1571 2522 1752 2557 moneat
1781 2514 1837 2557 65

205 2602 261 2631 ea
281 2587 338 2631 de
359 2602 408 2631 re
431 2590 613 2632 Patrem
635 2596 841 2631 nostrum
863 2589 1140 2646 generalem,
1165 2597 1214 2632 vt
1236 2589 1492 2646 prouideat.

294 2664 612 2709 Necessarium
635 2665 679 2709 in
702 2665 857 2722 primis
878 2674 963 2719 est,
990 2674 1039 2708 vt
1060 2667 1192 2710 detur
1215 2666 1364 2721 aliqua
1386 2666 1514 2722 quies
1532 2675 1577 2710 et
1600 2667 1834 2718 auxilium,

204 2823 310 2859 sima
339 2824 529 2866 collectio,
559 2830 588 2863 t.
620 2825 691 2869 IV,
722 2836 811 2872 pars
839 2824 916 2869 2.⁸,
947 2836 1040 2872 pag.
1077 2834 1162 2870 402,
1193 2826 1262 2861 ubi
1292 2832 1383 2860 sunt
1414 2825 1569 2860 litterae
1600 2826 1837 2871 apostolicae

203 2881 267 2918 Pii
282 2882 359 2921 PP.
379 2884 427 2929 V,
447 2883 509 2919 De
524 2884 653 2919 salute
666 2885 824 2931 gregis,
845 2893 861 2919 1
878 2884 1115 2920 Novembris
1136 2885 1227 2929 1567
1244 2891 1379 2920 contra
1399 2890 1596 2919 taurorum
1619 2884 1836 2930 exagitato·

202 2952 267 2976 res
284 2940 417 2977 datae.
439 2942 639 2978 Censurae
657 2949 788 2978 tamen
801 2949 842 2978 et
859 2954 1009 2989 poenae
1025 2943 1114 2979 illae
1128 2954 1177 2978 ex
1195 2951 1304 2990 parte
1324 2943 1500 2978 sublatae
1520 2942 1678 2978 fuerunt
1696 2955 1717 2977 a
1735 2943 1832 2978 Gre-

200 3000 311 3046 gorio
327 3000 429 3044 XIII,
461 3000 602 3036 litteris
620 3006 746 3047 apost.
778 3001 959 3047 Exponis
989 3002 1113 3046 nobis,
1130 3002 1194 3038 die
1225 3012 1269 3047 25
1299 3001 1468 3046 Augusti
1504 3009 1591 3046 1575
1621 3001 1831 3048 expeditis.

101 3050 111 3058 ’
137 3086 146 3093 .
202 3058 326 3106 Ibid.,
348 3065 377 3095 t.
398 3060 468 3106 1v,
486 3071 574 3107 pars
598 3058 666 3104 33,
684 3071 774 3106 pag.
793 3059 878 3096 308.
