2098 3470
813 269 1242 308 Inmucnonzs-aesr
1726 279 1796 316 455

263 411 266 413 Α
300 375 344 418 6.
409 375 633 419 Recessus
653 389 680 418 a
701 389 784 418 sua
805 372 1052 417 vocatione
1071 378 1175 428 post
1196 377 1353 414 votum
1375 370 1512 414 etiam
1532 371 1743 429 simplex,
1767 373 1840 416 vel

211 450 404 495 alicuius
425 452 483 494 ad
503 450 550 494 id
568 451 738 495 suasio.

302 539 342 582 7.
409 527 632 584 Acceptio
655 529 726 572 vel
748 527 903 571 missio
929 526 1161 570 literarum
1190 527 1364 581 absque
1395 539 1609 581 expressa
1636 525 1838 569 licentia.

300 605 366 648 8..
407 604 786 661 Impedimentum
812 604 1062 648 excludens
1089 618 1116 646 a
1144 602 1376 647 Societate
1398 601 1635 646 reticuisse
1656 602 1703 645 in
1732 617 1840 646 exa-

210 681 347 734 mine,
370 682 444 726 vel
463 681 510 724 in
532 695 589 724 eo
611 681 851 726 mentitum
872 695 990 734 esse,
1014 680 1329 736 respondendo
1351 680 1408 723 ad
1426 678 1566 723 serias
1581 679 1681 723 eius
1698 680 1840 724 inter-

209 757 487 814 rogationes.

298 850 342 892 9.
406 835 628 879 Confiteri
650 842 840 879 externo
861 834 1103 887 sacerdoti,
1127 848 1232 877 cum
1253 834 1503 878 domestico
1524 833 1667 876 licuit.

305 925 372 955 10.
437 913 692 956 Absoluere
714 927 740 955 a
768 911 949 955 casibus
975 910 1218 956 reseruatis
1239 910 1336 954 sine
1364 910 1547 955 licentia
1576 910 1835 966 superioris.

304 1001 372 1033 11.
436 989 699 1032 Consensus
730 1003 812 1045 per
847 990 1004 1031 horam
1042 989 1116 1032 vel
1148 987 1347 1031 notabile
1378 995 1559 1043 tempus
1591 988 1762 1030 durans
1792 987 1839 1030 in

208 1065 414 1109 mortalia
435 1073 624 1122 peccata
646 1065 872 1122 grauiora,
898 1072 946 1108 vt
968 1079 1022 1109 ea
1042 1071 1310 1120 exequatur,
1335 1064 1601 1120 praesertim
1625 1063 1662 1107 si
1691 1064 1839 1108 media

210 1142 385 1199 quaerit
406 1151 457 1186 vt
477 1142 554 1186 illa
573 1150 840 1198 exequatur,
864 1141 1014 1198 qualia
1034 1148 1140 1185 sunt
1161 1142 1318 1198 lapsus
1338 1141 1503 1194 carnis,
1524 1142 1715 1193 furtum,
1735 1156 1839 1198 per-

210 1219 362 1264 cussio
382 1223 465 1267 256
485 1219 701 1272 violenta,
725 1219 920 1264 defectio
942 1234 968 1262 a
989 1218 1232 1271 Societate,
1257 1226 1303 1262 et
1324 1218 1396 1262 his
1418 1218 1586 1275 peiora.

302 1309 370 1340 12.
435 1298 679 1341 Caeterum
717 1295 925 1349 venialia,
964 1295 1251 1350 tentationes,
1291 1295 1402 1339 citra
1432 1310 1722 1346 consensum,
1748 1310 1839 1339 non

209 1380 518 1426 reseruantur,
543 1373 630 1417 nisi
650 1373 727 1415 vbi
749 1372 998 1429 periculum
1020 1372 1220 1416 scandali
1242 1373 1315 1415 vel
1337 1372 1513 1429 peccati
1529 1372 1731 1420 mortalis
1753 1372 1840 1414 im-

210 1450 396 1503 mineat,
421 1451 459 1494 si
480 1450 701 1507 superiori
723 1464 817 1493 non
840 1449 1252 1503 manifestarentur,
1276 1449 1354 1505 qui
1376 1449 1536 1493 iuuare
1557 1458 1727 1505 posset.

298 1527 388 1571 Vbi
421 1535 573 1571 tamen
606 1542 773 1584 graues
810 1527 1084 1571 tentationes
1115 1534 1160 1571 et
1190 1526 1433 1570 diuturnae
1470 1534 1594 1578 sunt,
1626 1526 1838 1570 hortandi

209 1611 318 1648 sunt
338 1604 640 1661 poenitenteS,
664 1611 715 1647 vt
736 1618 816 1647 cor
837 1618 971 1647 suum
994 1603 1214 1660 superiori
1229 1618 1420 1660 syncere
1436 1604 1658 1660 aperiant,
1678 1612 1727 1647 vt
1742 1605 1815 1647 Do
1829 1630 1839 1635 -

208 1681 361 1725 minus
380 1681 628 1724 humilibus
649 1682 727 1725 det
749 1681 943 1738 gratiam
966 1682 1023 1724 ad
1044 1695 1121 1725 eas
1141 1681 1406 1725 vincendas.

299 1758 389 1802 Vbi
410 1766 562 1802 autem
580 1766 795 1810 rectores,
815 1759 887 1801 vel
904 1758 1160 1814 superiores
1175 1757 1293 1802 infra
1310 1758 1611 1814 prouinciales
1628 1759 1675 1802 in
1692 1759 1838 1802 dictos

206 1850 342 1880 casus
363 1836 499 1892 (quod
519 1836 646 1878 Deus
668 1838 858 1890 auertat)
880 1834 1148 1887 inciderent,
1173 1843 1465 1880 reseruentur
1487 1835 1772 1892 prouinciali;
1794 1845 1839 1880 et

206 1911 284 1956 vbi
306 1912 624 1969 prouinciales,
650 1912 867 1969 generali.
893 1913 1149 1964 Ita-tamen,
1172 1920 1238 1965 vt,
1263 1912 1302 1955 si
1324 1914 1503 1956 occulta
1521 1914 1636 1956 haec
1653 1921 1839 1969 peccata

207 1989 393 2042 fuerint,
430 1990 726 2032 absoluantur
755 1989 938 2044 quidem
971 2004 996 2032 a
1027 2003 1112 2032 suo
1143 1989 1436 2042 confessario,
1466 1985 1552 2034 sed
1575 1990 1835 2042 iubeantur,

206 2080 348 2122 quum
371 2066 659 2109 commodum
682 2066 834 2118 fuerit,
859 2065 1136 2122 superiorem
1159 2066 1297 2110 adire:
1323 2066 1400 2109 vbi
1422 2074 1574 2110 autem
1597 2067 1836 2110 manifesta

206 2142 391 2196 fuerint,
432 2143 696 2200 praesertim
735 2143 772 2186 si
803 2143 1047 2187 accesserit
1078 2145 1360 2196 scandalum,
1395 2159 1487 2188 non
1521 2146 1833 2195 absoluantur,

204 2220 286 2265 sed
313 2219 464 2264 statim
492 2220 771 2276 superiorem
802 2234 935 2264 suum
957 2221 1139 2272 adeant,
1172 2235 1256 2264 sua
1276 2228 1464 2277 peccata
1485 2221 1832 2266 manifestaturi.

201 2385 287 2428 257
310 2394 580 2425 RESOLUTIO
599 2396 769 2427 PATRIS
787 2396 992 2427 NATALIS
1010 2395 1151 2442 cIRCA
1168 2396 1318 2426 CAsus
1338 2396 1667 2434 RESERUATOS,
1684 2397 1834 2426 FACTA

291 2472 537 2503 commun
562 2460 619 2502 26
639 2473 779 2504 FEBR.
812 2461 938 2515 1561,
965 2473 1094 2511 QUAE
1116 2473 1228 2503 Fun·
1251 2475 1279 2504 A
1300 2474 1456 2504 PATRE
1473 2474 1664 2504 Nos‘rno
1690 2473 1833 2503 MAGI-

293 2549 416 2580 sTRo
439 2550 598 2580 LAYNE
621 2550 843 2581 PROBATA

297 2691 333 2727 1.
399 2684 449 2726 In
471 2683 542 2727 his
565 2683 746 2728 casibus
767 2684 1012 2728 reseruatis
1034 2687 1147 2730 haec
1169 2685 1413 2742 praecipue
1436 2685 1612 2728 aduerti
1643 2685 1831 2726 debent:

202 2759 406 2804 Primum
429 2761 552 2816 quod
572 2775 732 2804 omnes
752 2761 800 2804 hi
821 2776 954 2806 casus
976 2777 1002 2806 a
1026 2752 1162 2806 Patre
1178 2770 1333 2805 nostro
1351 2763 1563 2825 generale
1587 2769 1835 2804 censentur

200 2850 300 2881 esse
316 2844 502 2893 peccata
517 2838 739 2892 mortalia,
759 2838 878 2882 sicut
894 2839 1132 2884 manifeste
1148 2841 1366 2883 denotant
1383 2839 1458 2881 illa
1474 2840 1627 2881 verba:
1650 2839 1830 2892 «Quae—

201 2912 273 2957 uis
294 2921 483 2970 peccata
505 2914 726 2968 mortalia,
747 2915 864 2959 inter
886 2931 1002 2972 quae
1025 2925 1270 2960 censentur
1287 2932 1402 2972 quae
1420 2922 1689 2970 sequuntur.
1704 2933 1718 2953 »
1740 2916 1830 2957 Re-

201 2989 424 3046 diguntur
444 2990 565 3034 enim
588 3005 745 3035 omnes
766 2992 815 3035 hi
838 3007 972 3036 casus
994 2994 1066 3038 vel
1088 2995 1145 3037 ad
1166 2994 1348 3049 aliquod
1372 2993 1505 3035 trium
1529 3000 1752 3043 votorum,
1774 3006 1830 3034 ex

201 3065 367 3121 quibus
387 3067 439 3110 fit
459 3067 678 3124 obligatio
706 3060 882 3125 peccati
913 3070 1130 3123 mortalis,
1156 3070 1273 3113 sicut
1295 3069 1459 3113 dicitur
1482 3070 1509 3111 6
1532 3083 1627 3124 par.
1659 3075 1828 3121 const.,
