2098 3470
630 227 983 262 Annonnnoms
1007 224 1085 259 6.ae
1110 223 1430 268 EXCERPTA—67
1727 220 1799 258 663

213 328 517 386 flegmaticus,
543 327 840 385 sanguineus,
870 342 927 371 an
957 325 1327 378 melancholicus,
1358 324 1468 379 quid
1501 339 1650 371 rerum
1679 324 1726 367 in
1753 326 1846 369 vita

214 405 378 462 egerit,
410 414 532 462 agat.
566 408 671 449 Hoc
709 412 945 462 propterea
972 403 1300 459 inuestigabat‚
1339 410 1388 444 vt
1425 417 1526 445 sese
1565 402 1626 444 illi
1664 416 1847 457 prorsus

214 483 429 539 adaptare
451 491 605 540 posset
625 482 934 540 prouidenter.

305 560 520 603 Addebat
547 559 660 603 nihil
687 559 815 602 initio
841 559 900 601 de
930 558 1128 614 peccatis
1165 558 1238 600 vel
1275 556 1521 599 virtutibus
1558 556 1848 612 capessendis

215 650 320 680 esse
340 638 588 693 agendum,
612 638 692 681 sed
714 637 771 680 de
792 637 930 680 rebus
951 635 1003 692 (si
1032 635 1095 679 ita
1122 650 1195 678 res
1224 634 1373 688 ferret)
1402 632 1767 684 indiferentibus,
1804 641 1849 676 et

217 714 310 758 fere
339 715 397 759 de
425 714 494 767 iis,
529 729 647 770 quae
673 713 736 757 illi
766 712 944 756 fortasis
977 712 1319 763 vsuvenissent3
1356 718 1420 763 vt,
1456 709 1585 752 militi
1618 711 1675 754 de
1707 711 1845 762 bello;

217 791 473 843 mercatori,
498 793 556 834 de
577 786 896 843 mercimoniis;
922 789 1078 841 nobili,
1103 790 1160 832 de
1182 788 1450 844 magistratu
1475 795 1520 830 et
1548 787 1701 837 rebus,
1733 801 1849 841 quae

215 866 261 910 in
285 868 518 924 republica
539 869 612 912 vel
634 881 778 924 regno
798 874 1022 924 geruntur
1043 866 1142 909 siue
1174 872 1394 922 aguntur3
1429 862 1756 916 ecclesiastico,
1791 864 1848 906 de

217 945 354 988 rebus
377 944 712 996 ecclesiasticis,
733 945 790 988 de
805 943 1137 1000 gubernatione
1154 941 1389 995 ecclesiae3
1409 940 1613 984 similiter
1630 954 1735 982 cum
1753 940 1850 982 aliis

217 1022 449 1077 agendum
471 1022 528 1065 de
551 1021 620 1064 sui
649 1028 795 1065 status
822 1022 974 1074 rebus,
1005 1020 1076 1063 vel
1106 1019 1291 1063 omnino
1320 1020 1377 1062 ab
1406 1018 1494 1061 illis
1521 1018 1774 1060 curandum
1803 1029 1850 1058 vt

217 1098 406 1141 materia
427 1098 639 1154 colloquii
663 1106 957 1155 proponatur,
982 1104 1028 1142 et
1053 1096 1116 1140 illi
1144 1103 1213 1141 est
1241 1095 1505 1152 accipienda
1536 1102 1669 1150 grato
1696 1095 1847 1146 modo,

218 1175 352 1217 modo
374 1175 491 1218 mala
513 1189 606 1218 non
630 1174 704 1227 sit,
724 1174 899 1218 etiamsi
921 1172 1154 1218 secularis.

306 1252 357 1294 In
378 1251 451 1294 his
472 1266 581 1295 vero
604 1251 842 1307 colloquiis
862 1258 932 1296 est
953 1258 1126 1294 attente
1153 1249 1483 1306 inspiciendum
1512 1257 1562 1291 vt
1585 1247 1846 1292 huiusmodi

216 1328 406 1372 materia
434 1328 648 1384 colloquii
677 1329 921 1385 deligatur,
953 1327 1122 1383 aliquid
1143 1328 1263 1370 vnde
1294 1328 1351 1370 de
1382 1328 1529 1370 salute
1566 1325 1686 1369 illius
1714 1340 1850 1382 agere

217 1390 445 1461 possimus
467 1413 737 1461 opportune.
764 1406 898 1448 Hanc
919 1404 1139 1448 rationem
1162 1403 1533 1460 agendi.solebat
1564 1405 1615 1446 P.
1648 1403 1852 1459 Ignatius

220 1481 455 1538 hispanice
477 1482 718 1538 explicare:
745 1490 899 1526 entrar
919 1496 1010 1525 con
1032 1483 1074 1524 la
1094 1482 1239 1524 dellos
1260 1496 1288 1537 y
1310 1480 1431 1524 sallir
1460 1494 1546 1523 con
1576 1481 1620 1523 la
1647 1487 1848 1533 nuestra3

217 1557 265 1602 id
287 1565 374 1611 est,
400 1558 522 1602 adire
544 1573 624 1604 eos
647 1573 727 1615 pro
749 1573 905 1603 eorum
927 1559 1178 1610 voluntate,
1203 1559 1260 1601 ad
1283 1565 1485 1601 nostram
1509 1566 1661 1600 tamen
1683 1558 1846 1602 euade-

219 1650 283 1679 re.
309 1636 502 1680 Dicebat
525 1636 644 1680 enim
668 1650 760 1678 non
782 1650 882 1679 esse
902 1635 1053 1678 statim
1075 1637 1132 1679 de
1152 1635 1289 1687 vitiis,
1313 1635 1371 1678 de
1391 1634 1654 1686 virtutibus,
1676 1635 1733 1678 de
1751 1649 1847 1690 my-

217 1711 367 1756 steriis
388 1711 480 1764 Xfi,
504 1712 599 1755 vita
626 1721 672 1756 et
699 1719 845 1756 morte
872 1713 1118 1770 agendum,
1153 1727 1211 1756 ne
1243 1719 1485 1767 antequam
1519 1727 1603 1754 nos
1642 1711 1852 1755 audirent

215 1789 426 1841 libenter,
460 1803 539 1834 eos
566 1805 594 1832 a
621 1789 752 1833 nobis
790 1796 945 1832 nostra
982 1789 1065 1833 zeli
1101 1780 1442 1845 importunitate
1478 1788 1769 1845 abigeremus
1806 1797 1852 1832 et

220 1866 478 1910 faceremus
498 1873 549 1909 vt
571 1866 683 1909 nihil
705 1867 875 1910 vellent
896 1866 1067 1909 audire.
1093 1867 1270 1922 Neque,
1301 1866 1435 1909 etiam
1466 1868 1502 1910 si
1533 1881 1617 1909 nos
1645 1867 1853 1909 lubenter

217 1942 424 1996 audiant,
448 1944 506 1986 ad
527 1943 875 1987 detestationem
899 1951 916 1968 ³
943 1951 1230 1999 peccatorum
1259 1951 1327 1988 est
1356 1943 1508 1986 statim
1539 1943 1847 1996 insiliendum,

214 2020 297 2064 sed
318 2027 422 2076 post
444 2020 556 2063 illud
577 2021 634 2063 de
663 2021 801 2063 rebus
833 2020 1046 2063 humanis
1074 2020 1146 2064 vel
1176 2020 1372 2076 politicis
1399 2020 1695 2076 colloquium,
1728 2020 1852 2076 prius

214 2098 272 2140 de
308 2098 452 2153 gestis
480 2105 758 2150 sanctorum,
789 2098 847 2141 de
874 2095 949 2140 Χ.ἰ
978 2096 1086 2150 vita,
1116 2097 1339 2149 doctrina,
1380 2106 1542 2150 morte,
1584 2098 1846 2149 virtutibus,

214 2181 286 2218 est
307 2174 611 2226 tractandum,
636 2174 757 2218 vnde
778 2174 858 2236 fiet
880 2173 1087 2216 transitio
1109 2174 1166 2216 ad
1187 2173 1402 2216 vitiorum
1436 2174 1782 2218 detestationem
1807 2174 1850 2216 in

217 2250 495 2295 vniuersum.
522 2251 618 2294 Nec
641 2251 697 2293 ad
725 2250 824 2294 eius
853 2246 961 2293 vitia
991 2250 1284 2303 veniendum,
1318 2251 1406 2294 nisi
1438 2251 1533 2307 ipse
1565 2252 1643 2295 det
1674 2266 1845 2302 ansam,

215 2342 350 2383 quam
380 2326 556 2383 placide
587 2328 927 2383 apprehendere
959 2327 1199 2383 possimus.
1238 2329 1580 2383 Nonnunquam
1620 2328 1754 2371 etiam
1788 2331 1851 2382 (vt

217 2403 354 2447 etiam
379 2405 433 2446 P.
458 2404 607 2446 Faber
626 2403 821 2458 dicebat)
844 2403 932 2447 alio
953 2403 1273 2447 declinandum
1297 2414 1367 2449 est
1387 2412 1434 2448 et
1461 2406 1754 2448 detrectanda
1777 2404 1850 2446 illa

215 2479 502 2536 particularis
523 2487 570 2524 et
586 2479 823 2523 indiuidua
839 2480 1051 2523 vitio’rum
1070 2482 1298 2525 tractatio.
1320 2483 1376 2524 Et
1394 2490 1545 2524 tamen
1563 2481 1599 2524 si
1619 2495 1850 2535 nunquam

214 2556 311 2613 ipse
332 2558 389 2600 de
410 2557 506 2600 suis
527 2557 664 2600 rebus
686 2565 844 2614 ageret
866 2558 939 2602 vel
960 2559 1237 2612 consuleret,
1261 2573 1317 2603 eo
1340 2567 1463 2602 certe
1486 2558 1845 2613 perueniendum

213 2641 300 2686 est,
319 2641 369 2676 vt
391 2635 688 2677 consulamus
703 2634 1052 2687 confessionem,
1072 2634 1198 2690 prius
1219 2635 1557 2692 particularem,
1578 2634 1680 2677 dein
1706 2648 1849 2689 gene-

214 2711 371 2764 ralem,
411 2711 711 2766 frequentiam
755 2718 1158 2764 sacramentorum,
1198 2713 1382 2755 modum
1426 2711 1601 2761 orandi,
1647 2710 1849 2753 sectandi

214 2789 339 2831 bona
357 2802 511 2844 opera,
535 2789 635 2832 Deo
656 2787 675 2814 b
696 2788 941 2833 seruiendi.
975 2790 1113 2844 Quod
1134 2789 1172 2833 si
1201 2791 1370 2833 fortase
1399 2788 1582 2832 eueniat
1610 2795 1657 2829 vt
1687 2787 1851 2841 aliquis

213 2872 372 2909 nostra
408 2865 590 2922 quidem
630 2864 964 2910 consuetudine
996 2865 1191 2910 libenter
1221 2874 1375 2908 vtatur
1411 2874 1457 2908 et
1491 2867 1768 2920 frequenter,
1805 2872 1850 2907 et

283 3043 302 3060 ²
350 3031 530 3070 Obscure
548 3039 740 3069 notatum.
792 3035 859 3061 —b
886 3033 966 3069 Dei
988 3045 1062 3072 ms.
