2098 3470
0 1532 21 1983 ,-=-v,-3-2--n--7v;—--.†—-w¹-
0 1200 21 1522 wmyyrev-ss..
0 1178 4 1189 ν
0 1152 5 1159 ἡ
0 1105 4 1140 -
3 1088 8 1091 .

776 238 1218 277 &ammon—26
1695 238 1766 286 877

268 338 476 385 Visitatis
497 341 682 386 tandem
702 341 817 384 locis
842 341 985 384 sacris
1006 341 1055 386 S.
1087 342 1124 384 F
1127 340 1317 384 rancisci
1348 342 1406 386 de
1435 342 1592 394 Paula,
1624 341 1816 398 protecti

178 423 290 460 sunt
311 417 541 474 Tropiam,
565 424 612 462 et
632 417 739 461 hinc
756 419 1030 472 Messanam,
1051 431 1185 473 quam
1203 418 1398 475 ingressi
1420 426 1525 461 sunt
1541 433 1661 461 anno
1683 419 1811 473 1548,

179 493 207 536 8
229 492 303 537 die
323 493 495 551 Aprilis
518 497 583 539 ¹...

270 613 551 675 Paulo‘ante
577 631 716 675 fiebat
743 633 866 688 apud
891 631 1150 688 viceregem
1180 632 1351 675 mentio
1378 633 1435 676 de
1472 633 1693 676 mittendo
1722 634 1813 675 Pa-

180 711 295 750 trem
312 708 520 752 Natalem
543 707 589 751 in
611 708 816 752 Africam
839 709 873 762 ²,
893 710 1015 764 quod
1033 722 1137 752 cum
1156 708 1411 765 praecipuis
1430 709 1643 752 Patribus
1658 717 1703 752 et
1721 709 1812 751 fra—

144 772 151 779 ’
179 782 326 828 tribus
359 785 687 841 proposuisset,
721 801 946 842 quaerens
983 786 1093 841 quid
1129 785 1214 842 ipsi
1252 786 1489 838 sentirent,
1531 785 1681 842 pauci,
1722 785 1814 828 imo

179 862 275 905 sere
302 862 456 905 nullus
483 870 596 916 erat,
621 863 697 906 cui
725 863 960 908 videretur
980 864 1104 919 quod
1131 863 1232 914 iret,
1259 863 1345 906 nisi
1373 863 1455 906 soli
1480 863 1605 906 Patri
1636 870 1809 905 nostro.

178 937 311 980 Tunc
332 937 480 994 inquit
503 942 556 983 Ρ.
583 940 775 984 Natalis:
805 941 1077 996 «Quomodo
1095 947 1143 983 tu
1161 954 1340 996 semper
1363 940 1574 984 dissentis
1592 941 1649 982 ab
1666 939 1811 982 aliis?»

178 1014 268 1058 Cui
297 1017 435 1060 Pater
461 1017 711 1073 respondit:
746 1018 904 1070 «Dico,
936 1017 1100 1074 inquit,
1131 1020 1284 1070 Pater,
1315 1018 1437 1073 quod
1466 1017 1628 1060 sentio.
1661 1017 1719 1059 V.
1758 1017 1811 1059 R.

178 1091 316 1137 faciat
335 1094 460 1150 quod
481 1094 710 1138 Dominus
731 1095 773 1140 ei
794 1094 1079 1151 inspirabit.»

172 1164 175 1165 ⁷
268 1171 488 1228 Magister
516 1171 739 1225 Isidorus,
770 1187 1003 1225 romanus,
1034 1172 1114 1227 qui
1141 1171 1337 1228 logicam
1369 1171 1536 1215 ibidem
1568 1171 1814 1228 profiteba-

179 1253 271 1301 tur,
296 1247 424 1304 petiit
445 1248 680 1305 congredi,
706 1249 745 1293 si
768 1258 920 1293 tamen
948 1249 1012 1293 ita
1039 1249 1327 1294 obedientiae
1356 1248 1601 1301 videretur;
1634 1262 1740 1290 nam
1768 1246 1814 1289 in

118 1368 122 1369 γ
177 1323 352 1367 socium
380 1324 467 1368 sibi
494 1325 621 1368 illum
651 1328 704 1370 Ρ.
731 1327 907 1370 Natalis
928 1341 1109 1370 sumere
1129 1326 1330 1371 volebat.
1355 1327 1446 1370 Sed
1468 1325 1709 1368 momordit
1731 1323 1813 1367 Isi-

177 1400 338 1445 dorum
369 1402 664 1456 conscientia,
698 1403 915 1447 dubitans
946 1418 1056 1447 num
1088 1411 1247 1447 contra
1277 1405 1427 1448 Deum
1462 1403 1657 1454 fecisset,
1693 1402 1815 1457 quod

177 1485 417 1536 tantopere
438 1479 695 1534 institisset,
720 1488 771 1524 ut
792 1481 858 1524 ire
873 1489 1028 1538 posset
1043 1495 1150 1524 curn
1168 1483 1222 1524 P.
1243 1482 1421 1525 Natale.
1444 1479 1686 1523 Consuluit
1704 1492 1815 1534 ergo

178 1557 361 1600 Patrem
382 1565 593 1600 nostrum
615 1572 752 1614 super
774 1560 862 1602 hac
884 1573 951 1613 re,
976 1558 1052 1602 cui
1074 1565 1275 1603 mentem
1303 1572 1431 1601 suam
1454 1557 1701 1613 aperiebat.
1726 1555 1817 1599 Cui

179 1633 318 1677 Pater
352 1634 528 1677 annuit.
573 1635 693 1679 «Sed
731 1642 900 1688 tamen,
941 1635 1105 1691 inquit,
1145 1650 1238 1679 non
1270 1635 1480 1688 consulo,
1517 1642 1565 1676 ut
1598 1648 1690 1686 eas,
1726 1632 1814 1675 nisi

175 1710 327 1753 adhuc
348 1712 490 1755 semel
516 1711 575 1756 de
602 1711 783 1768 integro
811 1719 936 1756 tuam
959 1712 1293 1757 confessionem
1323 1712 1584 1768 generalem
1607 1709 1719 1753 velis
1742 1723 1815 1752 re·

177 1801 391 1831 novare.»

264 1864 394 1908 Fecit
425 1880 537 1923 ergo
569 1867 659 1910 hoc
690 1867 906 1920 Isidorus,
939 1874 986 1911 et
1018 1867 1201 1923 quidem
1233 1866 1535 1919 exactissime;
1571 1880 1662 1921 quo
1694 1866 1817 1907 facto

175 1955 335 1986 omnes
362 1942 783 1988 animadverterunt
810 1944 945 1988 solito
973 1945 1100 1987 illum
1129 1959 1231 1988 esse
1252 1944 1500 1989 laetiorem.
1538 1945 1636 1995 «Et,
1668 1941 1817 1998 inquit

127 2069 136 2078 ,
176 2019 330 2072 Pater,
354 2019 570 2076 disponas
590 2028 637 2064 te
659 2036 751 2065 non
773 2021 904 2066 aliter
926 2023 984 2066 ad
1005 2023 1123 2066 hanc
1146 2021 1491 2078 profectionem,
1517 2035 1651 2076 quam
1676 2020 1713 2062 si
1732 2019 1815 2061 tibi

175 2095 233 2139 ad
253 2103 462 2150 mortem,
487 2112 568 2141 seu
592 2099 874 2154 martyrium,
900 2100 1102 2144 eundum
1124 2113 1225 2143 esse
1246 2106 1448 2155 putares.

263 2173 341 2218 Sic
361 2188 475 2231 ergo
495 2175 614 2218 laeto
636 2176 803 2229 animo,
823 2185 868 2219 et
891 2190 982 2220 una
999 2190 1103 2219 cum
1126 2175 1461 2227 benedictione,
1488 2190 1622 2230 quam
1641 2174 1704 2216 illi
1724 2176 1815 2217 Pa-

174 2257 245 2294 ter
265 2250 406 2303 dedit,
424 2250 633 2296 discessit
648 2267 754 2296 cum
773 2254 910 2298 Patre
926 2253 1079 2298 Natali
1097 2253 1312 2298 Messina.
1335 2254 1427 2298 Sed
1444 2252 1491 2294 in
1509 2251 1812 2307 Lampadosa,

173 2326 300 2370 iuxta
322 2328 541 2382 Africam,
566 2329 686 2386 passi
714 2339 821 2373 sunt
848 2330 1157 2387 naufragium;
1183 2338 1287 2374 octo
1315 2330 1434 2373 enim
1466 2329 1673 2371 triremes
1703 2327 1814 2370 sub-

173 2406 515 2461 mergebantur,
541 2415 588 2451 et
609 2421 714 2450 cum
742 2407 830 2451 illis
851 2409 956 2464 plus
978 2423 1115 2463 quam
1139 2408 1261 2451 mille
1284 2407 1476 2450 animae.

262 2483 421 2526 Frater
444 2497 552 2527 vero
578 2491 749 2538 noster,
773 2485 933 2529 volens
961 2500 1010 2530 se
1038 2499 1311 2530 conservare
1344 2499 1368 2527 a
1401 2490 1685 2538 tempestate,
1721 2495 1813 2524 non

173 2559 337 2615 potuit;
376 2560 458 2603 sed
493 2575 549 2605 ex
581 2561 815 2605 collisione
846 2561 1032 2605 navium
1061 2564 1344 2605 confractum
1373 2568 1442 2605 est
1465 2560 1526 2602 illi
1555 2558 1810 2609 brachium,

173 2636 288 2680 adeo
318 2643 366 2679 ut
388 2637 503 2692 pelle
535 2644 712 2681 tantum
743 2639 922 2695 corpori
959 2639 1242 2683 adhaereret.
1285 2640 1537 2682 Revertens
1574 2643 1727 2679 autem
1766 2634 1813 2676 in

173 2711 326 2773 navim
346 2715 399 2757 Ρ.
421 2714 615 2768 Natalis,
635 2716 693 2760 ad
709 2717 1060 2759 confortandum
1077 2715 1272 2769 socium,
1286 2714 1460 2759 audivit
1477 2711 1811 2756 confessionem

173 2789 289 2843 eius;
319 2804 411 2845 qua
439 2790 584 2844 finita,
616 2792 797 2848 rogavit
824 2792 922 2848 ipse
944 2792 1145 2846 Patrem,
1173 2800 1223 2835 ut
1252 2790 1479 2834 triremem
1497 2788 1620 2833 exire
1658 2787 1814 2838 vellet,

247 2933 259 2954 ¹
309 2931 412 2968 Vide
430 2933 530 2969 Litt.
551 2933 790 2979 Quadrim.,
809 2935 840 2978 l,
859 2943 985 2980 94·99,
1004 2934 1072 2969 ubi
1097 2933 1249 2969 Natalis
1267 2938 1388 2968 totam
1408 2933 1506 2966 hanc
1524 2929 1814 2975 navigationem

103 3014 116 3024 .
171 2996 346 3026 enarrat.

242 3048 258 3068 ¹
305 3049 366 3086 De
382 3050 456 3086 hac
477 3050 631 3087 Natalis
649 3050 904 3098 expeditione
922 3049 973 3085 cf.
994 3050 1125 3097 Epist.
1145 3050 1195 3085 P.
1211 3049 1362 3090 Nadal,
1383 3048 1413 3094 Ι,
1434 3055 1604 3092 109-119,
1623 3054 1702 3090 125,
1724 3044 1810 3080 138.
