2098 3470
487 253 765 291 Hominum
789 251 1047 290 Gauianus
1071 257 1415 295 suffitionis—40
1551 244 1553 247 ’
1653 257 1720 296 251

132 357 280 403 cenda
316 356 363 400 in
401 356 475 400 his
513 354 720 413 collegiis
757 353 979 399 Bauariae
1013 353 1301 398 consuetudo
1342 351 1514 407 aliqua,
1559 367 1619 397 ne
1656 352 1778 395 illico

134 421 358 490 cogamur
381 431 624 489 adstringi.

225 522 294 554 10.
358 509 554 553 Dabitur
570 523 707 566 opera
726 523 808 565 per
829 516 1068 561 rectorem,
1088 513 1137 549 vt
1153 494 1364 549 doctores
1386 505 1549 557 nostri,
1571 512 1616 550 et
1638 505 1774 549 etiam

130 586 338 645 magistri
357 586 540 639 artium,
564 585 643 642 qui
664 593 772 630 sunt
791 586 850 629 de
865 584 1016 640 aliqua
1032 582 1410 641 congregatione,
1430 597 1488 627 ne
1505 582 1774 625 muneribus

129 662 325 721 publicis
339 663 505 716 desint,
529 669 575 706 et
596 663 755 707 deesse
775 676 870 706 non
889 661 1080 718 possint,
1104 662 1278 716 absque
1297 659 1481 704 licentia
1503 659 1708 702 rectoris.

223 752 290 790 11.
354 740 579 784 Aduert-at
600 739 842 796 diligenter
862 746 1027 791 rector,
1051 751 1111 782 ne
1131 736 1351 780 cereuisia
1372 743 1606 781 remaneat
1628 735 1675 778 in
1698 749 1774 778 re-

131 817 319 862 fectorio
340 824 498 869 noctu,
522 831 628 860 nam
649 816 687 860 si
704 817 783 860 fiat
805 815 967 868 calida,
992 814 1209 872 postridie
1229 813 1412 857 nocebit
1434 813 1667 858 fratribus.
1691 807 1698 812 ⁰

223 906 293 938 12.
357 893 428 938 Sit
448 907 683 936 scamnum
706 893 779 938 vel
801 891 1117 950 repositorium
1140 892 1366 947 quoddam
1389 890 1436 933 in
1458 890 1678 943 sacristia,
1698 891 1774 933 vbi

129 971 391 1015 sacerdotes
411 970 685 1015 celebraturi
705 970 880 1027 possint
901 970 1129 1026 deponere
1149 976 1322 1013 vestes,

155 1057 160 1063 '
223 1060 293 1103 13.
358 1048 558 1091 Curetur
576 1054 628 1090 vt
649 1047 922 1104 tempestiue
942 1046 1034 1090 cibi
1053 1046 1145 1090 sint
1166 1045 1301 1098 cocti,
1326 1052 1373 1090 et
1392 1045 1539 1102 parati
1556 1060 1645 1088 vna
1661 1046 1775 1088 hora

130 1131 238 1168 ante
258 1124 434 1182 prandii
455 1125 632 1178 horam,
662 1132 712 1167 vt
743 1126 793 1168 P.
820 1125 1054 1183 Arboreus
1080 1126 1091 1146 ¹
1114 1123 1258 1181 possit
1278 1123 1518 1180 prandere,
1544 1130 1590 1166 et
1611 1122 1775 1166 diebus

131 1200 290 1246 ieiunii
310 1200 447 1246 etiam
469 1201 700 1258 anticipet.

225 1291 292 1333 14.
357 1280 421 1323 Vt
441 1279 621 1332 ianuae,
638 1261 735 1334 'qua
758 1279 849 1322 itur
870 1279 928 1322 ad
950 1278 1183 1336 templum,
1209 1285 1255 1323 et
1276 1292 1368 1333 qua
1388 1277 1445 1320 ad
1460 1277 1662 1335 scholas,
1689 1278 1773 1320 ha-

126 1356 234 1399 beat
254 1355 430 1399 clauem
450 1355 616 1399 ianitor
637 1363 684 1399 et
706 1362 872 1400 rector.

221 1443 289 1487 15.
354 1432 567 1485 Mathias,
598 1433 676 1488 qui
702 1433 858 1477 ueniet
885 1433 943 1476 ad
978 1447 1078 1485 nos,
1119 1439 1251 1476 curet
1286 1432 1456 1476 habere
1493 1445 1770 1474 consensum

126 1509 300 1562 matris,
329 1510 402 1552 vel
428 1509 588 1553 saltem
615 1516 666 1552 vt
692 1524 783 1553 non
813 1509 1064 1553 dissentiat.
1094 1510 1152 1552 Et
1173 1509 1310 1552 simul
1332 1515 1511 1565 oportet
1532 1508 1772 1564 explorare

125 1586 406 1630 voluntatem
427 1585 658 1644 principis,
682 1602 740 1631 ne
761 1601 899 1644 aegre
916 1587 1032 1632 ferat
1047 1587 1085 1631 si
1100 1587 1201 1631 eius
1215 1586 1559 1643 stipendiarium
1578 1585 1771 1642 recipia-

125 1677 247 1716 muS,
268 1662 308 1708 si
329 1662 375 1707 id
395 1662 671 1708 iudicabitur
690 1671 903 1721 oportere
922 1664 1036 1707 fieri.
1063 1664 1150 1708 His
1175 1663 1414 1720 expeditis,
1439 1663 1605 1720 poterit
1627 1662 1767 1719 recipi

126 1747 174 1784 et
193 1739 313 1783 mitti
335 1741 647 1794 Monachium,
673 1748 722 1784 vt
743 1743 798 1786 R.
825 1743 879 1785 P.
904 1741 1083 1785 Natalis
1105 1741 1354 1798 perscribet
1374 1740 1604 1797 Dilingae.

220 1816 288 1860 16.
352 1817 725 1873 Christophorus,
751 1817 829 1874 qui
857 1818 955 1861 vult
982 1817 1119 1861 etiam
1147 1817 1303 1873 recipi,
1334 1816 1547 1872 impetret
1576 1817 1769 1860 faculta-

126 1900 218 1937 tem
239 1909 267 1938 a
287 1901 432 1950 patre;
455 1907 591 1949 quam
613 1908 717 1938 cum
735 1895 965 1947 habuerit,
989 1895 1046 1938 de
1069 1909 1123 1939 eo
1145 1895 1369 1939 referatur
1390 1895 1448 1938 ad
1470 1895 1525 1938 R.
1551 1894 1606 1939 P.
1626 1895 1770 1937 Nata-

128 1969 236 2023 lem,
260 1969 297 2013 si
321 1970 380 2014 sit
400 1970 447 2013 in
470 1970 716 2026 prouintia,
741 1972 814 2015 vel
835 1973 893 2015 ad
914 1973 969 2015 R.
997 1973 1051 2014 P.
1077 1970 1410 2027 provintialem.

221 2058 288 2101 17.
354 2047 712 2104 Christophorus
733 2049 950 2094 doceatur
973 2063 1165 2093 examen
1182 2050 1347 2101 facere,
1367 2055 1414 2091 et
1431 2063 1511 2105 pro
1527 2063 1612 2092 suo
1629 2055 1767 2105 captu

42 2138 49 2151 ²
126 2136 271 2169 orare.

224 2201 294 2246 18.
357 2201 565 2258 Magistri
587 2203 781 2246 Arborei
801 2204 1016 2249 valetudo
1036 2203 1280 2260 diligenter
1295 2211 1496 2247 curetur.
1523 2203 1612 2246 Hic
1635 2202 1768 2245 simul

53 2283 92 2309 1‘-
125 2290 231 2320 cum
252 2277 447 2322 lectione
463 2279 614 2336 logica
629 2279 739 2323 dicit
755 2295 805 2325 se
826 2295 960 2337 posse
976 2281 1129 2337 legere
1146 2281 1278 2326 facile
1293 2280 1534 2325 lectionem
1552 2290 1764 2336 graecam

124 2353 173 2397 in
194 2353 485 2399 inferioribus
506 2356 742 2410 classibus,
768 2364 814 2401 et
835 2357 900 2400 sic
920 2357 1122 2414 incipiet.

218 2443 286 2489 19.
351 2434 498 2477 Detur
510 2448 648 2490 opera
663 2441 713 2476 vt
729 2435 782 2477 P.
804 2436 969 2478 Petrus
985 2434 1249 2479 instituatur
1264 2435 1310 2478 in
1329 2435 1466 2479 rebus
1483 2434 1765 2491 philosophi-

59 2527 61 2529 >
122 2506 205 2562 cis,
229 2508 368 2552 etiam
391 2509 430 2552 si
450 2510 514 2552 illi
535 2510 831 2567 relinquenda
852 2519 972 2556 esset
994 2512 1129 2557 lectio
1152 2512 1424 2569 theologica.

212 2596 285 2629 20.
349 2587 709 2644 Christophorus
730 2588 789 2631 sit
811 2603 966 2633 cocus.

214 2673 286 2706 21.
352 2664 613 2720 Explicetur
633 2665 870 2709 infirmitas
889 2666 1026 2710 Blasii
1042 2667 1235 2719 medicO,
1255 2675 1301 2710 et
1318 2667 1437 2710 sinat
1454 2682 1502 2710 se
1520 2681 1695 2710 curare.

212 2751 284 2796 23.
350 2740 541 2785 Habitet
563 2726 616 2785 Ρ.
643 2742 913 2786 Vincentius
933 2757 1038 2786 curn
1061 2731 1457 2795 commensalibus,
1484 2750 1528 2786 et
1545 2757 1734 2786 exercea
1751 2768 1760 2773 -

66 2822 69 2825 “
125 2823 199 2860 tur
225 2815 273 2860 in
300 2831 457 2861 eorum
486 2818 834 2872 gubernatione,
865 2827 1086 2875 quantum
1114 2820 1294 2876 poterit,
1327 2829 1375 2863 vt
1405 2820 1632 2876 possimus
1656 2819 1761 2861 inde

78 2957 83 2960 ,
123 2893 362 2950 colligere,
396 2909 454 2937 an
486 2893 544 2937 sit
572 2902 706 2952 aptus
733 2896 1054 2952 gubernationi
1082 2897 1234 2950 alteri;
1267 2905 1453 2941 curetur
1484 2903 1633 2939 tamen
1662 2895 1764 2939 eius

78 3013 83 3016 .
127 2971 363 3016 valetudo.

197 3064 207 3085 ¹
259 3065 307 3100 P.
330 3064 524 3100 Henricus
545 3065 763 3102 Arboreus.
786 3066 848 3104 Cf.
872 3067 1000 3114 Epist.
1021 3068 1067 3103 P.
1089 3068 1239 3110 Nadal,
1259 3069 1324 3114 ΙΙΙ,
1346 3067 1432 3113 379.
