2098 3470
211 261 280 304 478
681 261 837 298 PATms
862 262 1106 299 Hmnourm
1130 261 1282 297 NADAL

252 361 323 405 De
353 359 555 417 quinque
589 362 783 418 punctis,
818 362 862 406 in
897 363 1062 419 quibus
1093 370 1197 419 post
1228 362 1560 407 confessionem
1599 361 1799 418 proderit

166 436 391 490 meditari,
416 437 494 494 qui
517 439 744 482 habentur
767 440 845 483 fol,
872 440 957 494 287
986 442 1012 483 ¹.

254 514 585 558 Commendare
612 515 933 568 obedientiam,
964 515 1230 568 orationem,
1264 516 1628 559 obseruationem
1654 515 1797 571 actio-

166 605 276 633 num
319 590 705 646 quotidianarum,
746 593 1067 645 humilitatem,
1117 592 1447 648 simplicitatem
1494 601 1540 636 et
1586 592 1798 637 aedifica-

169 666 353 710 tionem.

257 744 565 788 Praesentiam
588 745 689 799 Dei,
714 746 929 791 vnionem
950 747 1007 789 ad
1031 748 1178 789 Deum
1200 745 1247 788 in
1264 746 1497 789 charitate.

256 825 345 868 304
373 822 691 867 Meditationes
717 824 957 867 vulnerum
986 822 1172 875 Christi,
1198 824 1255 868 de
1277 822 1442 879 quibus
1469 822 1646 866 dicetur
1668 822 1800 866 titulo

166 897 224 940 de
246 897 465 942 oratione.
482 954 487 955 ⁷

257 974 322 1017 Vt
347 990 403 1019 ex
432 976 641 1032 catalogo
670 983 978 1033 peccatorum,
1005 990 1121 1032 quae
1144 984 1250 1020 sunt
1273 976 1484 1029 confessi,
1510 978 1723 1021 studeant
1751 990 1799 1019 se

167 1048 429 1096 emendare.

258 1127 338 1171 Illa
354 1128 620 1172 nominatim
638 1131 997 1174 commendanda
1013 1138 1046 1183 ἃ,
1062 1144 1178 1185 quae
1196 1137 1329 1172 erunt
1342 1129 1626 1186 peculiariter
1643 1143 1799 1173 emen⁴

166 1205 334 1249 danda.

261 1282 563 1333 Poenitentia,
588 1282 634 1325 id
656 1290 740 1334 est,
766 1282 1030 1335 satisfactio,
1056 1282 1336 1339 iniungenda
1358 1283 1525 1337 breuis;
1552 1291 1601 1326 vt
1628 1282 1801 1327 scilicet

168 1359 425 1415 imponatur
457 1359 717 1404 recitandus
750 1361 947 1415 psalmus
983 1359 1249 1404 «Miserere»
1291 1368 1382 1404 etc.
1421 1374 1501 1416 pro
1538 1360 1801 1403 remissione

169 1438 477 1491 peccatorum3
497 1435 665 1492 septies
685 1438 873 1480 «Pater»
895 1444 939 1481 et
961 1438 1115 1480 «Aue»
1137 1444 1295 1480 contra
1319 1448 1343 1490 7
1367 1444 1552 1492 peccata
1574 1435 1797 1493 capitalia3

166 1521 215 1556 et
236 1527 317 1569 pro
339 1513 587 1570 gratiarum
611 1514 788 1557 actione
810 1521 855 1556 et
877 1513 1165 1558 inuocatione
1187 1513 1263 1558 Sfi
1289 1514 1484 1571 Spiritus
1505 1521 1550 1558 et
1578 1515 1801 1557 donorum

167 1589 283 1642 eius,
304 1589 410 1633 item
427 1590 595 1646 septies
616 1591 801 1635 «Paten
825 1598 870 1634 et
896 1591 1070 1634 «Aue».
1093 1592 1316 1635 Poterunt
1337 1591 1471 1634 simul
1488 1590 1601 1634 aliae
1623 1589 1803 1646 iniungi

166 1666 517 1719 satisfactiones,
537 1674 583 1711 et
605 1668 854 1720 debebunt,
874 1675 923 1709 vt
945 1681 1017 1710 res
1033 1668 1295 1724 postulabit,
1316 1667 1593 1724 prolixiores,
1614 1681 1705 1710 non
1726 1681 1803 1710 so—

169 1744 263 1786 lum
285 1742 324 1786 si
345 1751 532 1799 peccata
554 1743 600 1786 id
621 1743 873 1800 exigerent,
898 1745 978 1788 sed
1001 1744 1135 1788 etiarn
1158 1744 1195 1788 si
1225 1743 1436 1800 tepiditas
1459 1745 1530 1788 vel
1552 1743 1736 1787 omnino
1764 1743 1802 1786 si

169 1819 280 1862 illud
309 1821 560 1876 postularet
588 1822 651 1876 (vt
682 1821 774 1864 fere
801 1821 1015 1876 postulat)
1038 1820 1203 1863 mentis
1225 1821 1460 1865 renouatio
1481 1828 1526 1864 et
1548 1819 1689 1864 maior
1709 1819 1803 1878 spi-

170 1897 284 1939 ritus
307 1898 499 1949 fructus,
531 1896 608 1952 qui
635 1896 680 1939 in
713 1897 794 1940 his>
811 1896 1037 1941 exercitiis
1064 1897 1248 1953 petitur.
1275 1897 1406 1940 Ratio
1434 1900 1594 1940 harum
1622 1896 1801 1940 satisfa-

169 1972 373 2016 ctionum
402 1973 567 2029 poterit
596 1988 696 2017 esse
723 1973 849 2016 varia
878 1982 922 2018 et
953 1973 1095 2030 accipi
1124 1989 1180 2018 ex
1209 1989 1261 2019 ea
1290 1973 1589 2019 instructione
1618 1974 1798 2017 confes-

167 2050 410 2103 sariorum,
444 2065 560 2106 quae
591 2051 786 2093 habetur
817 2050 1026 2106 superius
1049 2051 1082 2096 ².
1117 2052 1266 2094 Vnam
1298 2051 1372 2094 hic
1403 2051 1641 2103 ascribam,
1672 2050 1804 2094 cuius

169 2127 350 2171 videtur
387 2127 558 2170 facilior
595 2141 720 2170 vsus:
761 2134 810 2169 vt
846 2127 1038 2183 singulis
1076 2127 1372 2170 hebdomadis
1408 2128 1560 2183 aliquo
1602 2135 1805 2183 tempore

170 2204 311 2248 semel
332 2204 411 2247 fiat
435 2219 521 2246 vna
542 2219 598 2247 ex
620 2203 691 2246 his
708 2211 916 2259 quatuor:
938 2203 1141 2247 recitatio
1165 2216 1189 2258 7
1208 2204 1484 2260 psalmorum
1502 2202 1806 2260 poenitentia-

172 2280 283 2323 lium
304 2285 389 2328 305
411 2295 515 2324 eum
537 2279 720 2333 litaniis;
752 2279 986 2332 ieiunium;
1012 2280 1256 2343 flagellatio
1283 2295 1362 2337 per
1391 2289 1584 2337 tempus,
1615 2294 1706 2335 quo
1733 2281 1806 2324 vel

177 2359 273 2402 «De
301 2357 564 2414 profundis»
598 2357 671 2402 vel
704 2356 971 2404 «Miserere»
1004 2357 1235 2410 recitatur;
1267 2366 1312 2402 et
1340 2357 1537 2414 gestatio
1564 2356 1697 2401 cilicii
1724 2371 1806 2413 per

173 2449 315 2478 vnum
336 2434 471 2479 diem.
497 2435 589 2479 Sed
610 2435 771 2477 harum
791 2433 1152 2476 satisfactionum
1174 2434 1378 2478 remissio
1400 2434 1711 2477 committatur
1731 2448 1820 2483 or-‚

173 2511 349 2555 dinario
370 2510 647 2554 confessario
655 2545 665 2556 .
675 2545 702 2556 ..
731 2512 744 2531 ⁵
753 2544 762 2553 .

172 2636 258 2678 338
655 2643 944 2673 INSTRUCTIO
970 2644 1331 2675 EXAMINATORIS

265 2743 358 2798 Qui
380 2749 543 2798 petunt
564 2742 622 2784 ad
643 2740 918 2786 Societatem
941 2742 1132 2795 admitti,
1153 2741 1198 2792 ii,
1221 2750 1463 2797 antequam
1482 2742 1614 2798 plene
1635 2740 1808 2785 exami-

244 2866 262 2882 a
311 2854 563 2890 emendanda
582 2863 670 2897 mS.;
690 2858 730 2887 at
743 2852 784 2888 in
805 2852 899 2887 Cod.
930 2854 1053 2889 Vatic.
1077 2864 1094 2899 3
1114 2859 1221 2889 recte
1238 2855 1570 2890 commendanda.

249 2944 258 2964 ¹
313 2943 411 2978 Vide
429 2954 559 2990 supra,
579 2953 669 2989 pag.
688 2949 772 2986 470.
1400 2946 1415 2965 ³
1465 2944 1561 2989 Pag.
1579 2943 1663 2988 464.

248 3004 263 3024 ⁵
313 3002 501 3049 Sequitur
529 3001 623 3037 ordo
652 3000 870 3037 studiorum
905 3013 926 3035 a
962 3002 1075 3037 nobis
1106 3002 1234 3037 editus
1270 3002 1309 3038 in
1338 3003 1519 3040 Manum.
1553 3003 1748 3050 Paedag„
1785 3014 1808 3037 a

177 3074 266 3109 pag.
286 3070 366 3106 107,
381 3061 493 3108 cujus
505 3061 568 3096 hic
585 3060 756 3107 capitum
775 3059 911 3095 titulos
929 3067 969 3095 et
983 3061 1157 3107 paginas,
1177 3061 1243 3096 ubi
1258 3062 1296 3096 in
1311 3073 1382 3099 ms.
1400 3061 1659 3108 reperiuntur,
1673 3067 1808 3097 notare
