2098 3470
573 250 851 287 Mortuum-ra
874 257 1133 288 Pnovmcmss
1159 252 1474 295 Auamma—47
1729 250 1800 296 267

295 343 562 397 Benedictio
585 350 842 409 vespertina
861 357 1018 396 sextae
1033 349 1160 403 ferie,
1186 350 1369 408 quando
1385 351 1437 393 fit
1453 350 1744 405 abstinentia,
1767 352 1844 406 sit,

203 436 255 472 vt
277 428 376 472 dari
397 429 528 481 solet,
552 427 749 472 breuior.
789 424 1025 473 Scribatur
1047 433 1200 472 tamen
1221 427 1280 476 ad
1309 427 1364 471 P.
1395 427 1622 479 Natalem,
1655 428 1756 484 quis
1786 428 1848 472 sit

205 520 317 549 vsus
339 507 512 549 Romae
534 506 564 550 ¹.
1722 560 1725 564 .

299 583 586 626 Obseruetur
607 581 782 638 regula,
815 595 933 637 quae
957 579 1227 638 praescribit
1253 587 1304 622 vt
1330 594 1464 623 nemo
1491 579 1777 636 ingrediatur
1798 582 1845 626 in

204 659 416 704 cubicula
437 659 627 703 aliorum
648 658 747 702 sine
769 659 987 703 facultate
1007 657 1257 715 superioris
1284 657 1494 710 alicuius;
1522 665 1568 702 et
1596 658 1753 703 habita
1776 660 1846 703 fa³

204 737 392 790 cultate,
412 752 504 780 non
524 735 807 792 ingrediatur
828 735 915 778 nisi
938 734 1064 792 prius
1078 734 1233 780 audiat
1254 734 1570 791 «ingredere»,
1589 743 1635 778 et
1652 736 1762 779 dum
1781 736 1844 779 ibi

203 813 280 859 ille
300 821 387 866 est,
411 816 470 857 sit
491 827 668 869 semper
690 819 818 869 porta
839 811 1024 856 omnino
1045 819 1222 869 patens.

294 891 440 934 Nemo
462 889 645 946 quidem
666 896 819 946 potest
839 895 999 932 mutuo
1026 890 1135 933 dare
1157 887 1286 932 alteri
1308 888 1406 931 sine
1437 887 1624 932 licentia
1645 890 1719 932 vel
1740 904 1843 932 car-

206 974 316 1022 tam,
340 973 450 1020 etc.;
481 966 540 1010 sit
567 973 718 1010 tamen
746 965 927 1010 licentia
955 966 1149 1022 quedam
1177 964 1406 1022 generalis
1433 966 1584 1020 quoad
1612 981 1686 1010 res
1711 966 1842 1022 parui

205 1043 443 1087 momenti.
926 1052 928 1054 ·

292 1120 387 1177 Qui
408 1127 515 1164 sunt
542 1120 684 1163 futuri
720 1120 996 1173 sacerdotes,
1026 1119 1072 1162 id
1108 1118 1404 1163 committitur
1440 1119 1723 1176 prouinciali.
1758 1116 1839 1163 Vi-

202 1197 369 1242 dentur
410 1197 647 1240 ordinandi
683 1196 929 1250 Henricus‚
969 1195 1299 1249 Theodoricus,
1339 1197 1435 1240 loh.
1475 1196 1709 1240 Antonius
1737 1205 1842 1253 post

203 1288 406 1328 cursum3
430 1289 486 1318 ex
508 1273 606 1317 aliis
628 1274 687 1317 sit
707 1262 928 1317 iudiciuin
945 1273 1253 1330 prouincialis.
1271 1273 1505 1330 Georgius
1522 1274 1717 1318 Scherer
1734 1275 1749 1294 ³
1769 1274 1840 1316 vi-

201 1351 336 1395 detur
354 1365 488 1408 posse
510 1350 707 1395 ordinari
728 1350 865 1395 etiam
887 1357 994 1396 ante
1014 1364 1215 1403 cursum,
1239 1358 1285 1394 et
1307 1351 1373 1394 Io.
1398 1351 1637 1396 Matthias,

290 1428 394 1472 Hoc
425 1435 627 1484 tempore
662 1442 755 1470 non
794 1427 1005 1471 videntur
1036 1427 1259 1471 formandi
1290 1428 1590 1481 baccalaurei,
1626 1428 1840 1484 quamuis

201 1519 295 1549 non
311 1504 407 1549 'sint
428 1504 766 1549 intermittende
781 1504 1111 1561 disputationes
1132 1512 1165 1548 ⁸.

291 1583 372 1626 Est
396 1581 661 1638 papiraceus
698 1581 881 1637 quidam
908 1581 1087 1626 libellus
1124 1581 1168 1624 in
1208 1581 1333 1635 folio,
1373 1582 1505 1626 cuius
1533 1581 1713 1626 initium
1752 1590 1837 1628 est:

205 1659 498 1715 «Sequuntur
515 1665 686 1715 puncta
701 1658 896 1714 quedam
913 1658 1156 1704 memoriae
1165 1673 1328 1703 causa»
1349 1666 1437 1704 etc.
1457 1658 1561 1703 Hoc
1577 1659 1731 1704 libello
1748 1675 1842 1703 non

199 1735 506 1780 necessarium
543 1735 628 1780 erit
665 1735 731 1779 uti
768 1736 825 1778 ad
867 1735 1248 1792 gubernationem
1291 1737 1550 1780 scholarum
1567 1771 1577 1791 ‚
1618 1752 1722 1780 narn
1755 1751 1843 1794 pro

198 1827 358 1857 eorum
395 1812 731 1870 gubernatione
766 1820 875 1856 sunt
911 1814 1114 1870 regulae,
1149 1821 1247 1856 tum
1285 1814 1523 1871 generales
1545 1829 1628 1871 pro
1649 1814 1835 1867 scholis,

199 1897 299 1934 tum
321 1878 435 1934 aliae
454 1904 538 1947 pro
560 1889 783 1933 classibus
802 1897 849 1934 et
869 1890 1096 1934 exercitiis
1116 1890 1342 1944 literariis‚
1368 1899 1464 1934 tum
1486 1906 1570 1948 pro
1594 1891 1841 1936 Societatis

198 1966 499 2011 scholasticis.

287 2043 479 2099 Reliqua
500 2044 764 2100 pendebunt
785 2059 842 2089 ex
862 2044 1088 2101 praesenti
1099 2045 1448 2102 gubernatione,
1468 2053 1514 2089 et
1531 2054 1684 2090 tamen
1703 2061 1836 2102 prae-

198 2120 370 2178 scripto
405 2119 575 2173 libello,
600 2135 735 2176 quem
760 2129 911 2166 tamen
934 2123 989 2167 P.
1012 2122 1191 2166 Natalis
1213 2138 1306 2166 non
1336 2123 1465 2180 legit,
1496 2123 1662 2180 poterit
1693 2124 1759 2166 uti
1789 2132 1834 2167 et

197 2196 488 2255 prouincialis
508 2204 555 2240 et
571 2204 721 2242 rector
741 2197 799 2241 ad
820 2198 1201 2255 gubernationem
1224 2200 1496 2254 studiorum,
1521 2200 1559 2243 si
1577 2200 1686 2256 quid
1706 2200 1835 2244 uide-

196 2275 320 2319 bitur
340 2275 449 2338 ipsis
477 2290 568 2319 non
604 2289 706 2320 esse
741 2276 938 2320 alienum
966 2291 992 2319 a
1027 2277 1319 2334 praescriptis
1356 2277 1545 2335 regulis,
1580 2285 1626 2321 et
1664 2288 1836 2331 tamen,

195 2351 361 2408 quibus
383 2352 613 2396 uidebitur
634 2354 872 2407 utendum,
891 2367 946 2397 ea
967 2368 1060 2397 non
1083 2355 1282 2398 referant
1304 2355 1350 2397 in
1378 2370 1619 2399 numerum
1650 2356 1809 2412 regula
1824 2381 1836 2386 -

195 2443 313 2482 rum,
337 2436 384 2474 et
405 2429 443 2472 si
465 2429 574 2485 quid
596 2430 883 2474 referendum
906 2429 1155 2484 uideretur,
1190 2430 1235 2474 id
1257 2446 1349 2475 non
1378 2432 1564 2485 facient,
1590 2432 1676 2475 nisi
1705 2432 1833 2488 prius

195 2506 405 2550 consulto
426 2507 632 2563 generali
654 2507 926 2564 praeposito.

252 2642 284 2664 ·a
332 2637 446 2682 Quae
470 2642 700 2684 sequuntur,
726 2649 850 2685 usque
875 2637 924 2673 ad
951 2632 1131 2674 consulto
1151 2640 1343 2686 generali
1363 2640 1595 2686 praeposito
1624 2638 1835 2681 inclusive,

191 2694 404 2731 obliterata
421 2700 513 2732 sunt
530 2695 570 2732 in
589 2707 661 2732 ms.
1777 2698 1781 2702 ’

248 2816 276 2838 ’“
327 2819 559 2856 Benedictio
582 2832 742 2857 mensae
764 2822 815 2857 ab
839 2822 992 2869 Ignatio
1015 2823 1193 2870 usurpari
1218 2823 1334 2859 solita
1359 2823 1465 2858 edita
1489 2829 1549 2858 est
1575 2822 1614 2858 in
1642 2822 1826 2857 ΔἱῙοηιιηι.

188 2877 347 2925 Ignat„
366 2889 442 2914 ser.
462 2878 531 2924 IV,
550 2880 582 2922 Ι,
603 2888 685 2925 2453
705 2886 746 2916 et
763 2880 878 2928 infra,
898 2882 1000 2917 inter
1018 2882 1172 2918 Natalis
1187 2882 1481 2919 instructiones,

232 2967 242 2975 .
260 2938 279 2959 '²
329 2936 525 2983 Georgius
543 2937 725 2985 Scherer,
743 2939 793 2975 de
810 2931 887 2987 quo
906 2939 997 2976 vide
1014 2941 1214 2987 catalogos
1232 2941 1389 2986 collegii
1405 2940 1713 2976 vindobonensis
1732 2939 1833 2975 infra

195 2995 407 3042 exhibitos,
438 3002 479 3032 et
509 2997 842 3043 SOMMERVOGEI„
875 3000 946 3036 Les
965 2998 1136 3046 je'suites
1164 3001 1212 3036 de
1242 3001 1366 3036 Rome
1395 3003 1432 3035 et
1457 3000 1505 3035 de
1544 3000 1749 3042 Vienne...‚
1783 3011 1831 3035 en

192 3053 425 3098 M.D.LXJ‚
444 3067 534 3103 pag.
554 3065 670 3101 xx1x3
689 3062 729 3093 et
747 3059 1035 3105 Bibliothequffi
1056 3059 1116 3098 tit.
1138 3059 1367 3096 «Scherer».
