2098 3470
0 296 36 349 f.
67 265 70 270 Ι
772 289 1204 328 Insrnucnonsss-br
1685 289 1756 336 467

0 362 7 393 ι

171 395 255 440 tia.
278 396 429 440 Actus
448 393 717 439 humilitatis
733 397 1047 438 exerceantur.
1070 389 1288 447 Superior
1303 391 1509 437 adeatur.
1527 390 1719 435 Dicatur
1736 398 1804 436 to-

0 427 21 525 }
179 479 277 516 tum
298 470 561 528 psalterium
583 470 758 515 ordine.
779 470 935 514 Vnum
953 467 1096 525 eligat
1115 482 1173 511 ex
1192 466 1438 524 superioris
1459 468 1702 522 sententia,
1725 469 1803 525 qui

0 587 14 630 ἓ.
172 547 303 605 ipsos
320 547 368 590 in
388 547 551 604 spiritu
571 547 814 591 admoneat
832 552 880 590 et
899 545 1043 590 iuuet.

15 622 23 670 ἒ.
132 619 159 656 5
267 623 473 669 Indicere
494 631 544 666 vt
565 623 761 680 singulis
775 621 1078 668 hebdomadis
1092 621 1243 678 aliqua
1257 621 1338 664 fiat
1354 621 1632 678 poenitentia
1647 623 1804 675 semel,

0 638 22 769 ξ
171 708 227 747 et
249 709 468 763 recurrat,
493 705 580 749 28⁰
601 708 651 744 vt
671 715 763 744 vna
789 699 1076 744 hebdomada
1105 698 1354 743 recitentur
1378 698 1540 755 psalmi
1567 699 1807 755 poeniten-

180 776 312 824 tiales
332 791 438 822 cum
459 777 644 821 litaniis:
671 776 741 821 2⁸
761 776 1048 821 hebdomada
1068 774 1296 820 ieiunetur
1316 789 1408 818 vno
1425 775 1515 819 die:
1536 783 1603 830 3.²
1623 776 1703 820 fiat
1718 791 1808 820 vna

174 854 419 912 disciplina
439 862 618 900 secreta
639 855 714 899 vel
734 869 817 911 per
835 867 976 896 vnum
1002 851 1269 897 «Miserere»
1294 853 1367 896 vel
1388 867 1470 909 per
1499 854 1595 906 qDe
1616 853 1807 909 profun-

180 931 297 975 disnz
321 939 391 986 4.*
411 932 577 989 poterit
599 931 771 989 gestari
799 944 881 988 per
901 929 1021 974 diem
1043 943 1098 973 ac
1121 936 1299 973 noctem
1328 929 1541 982 cilicium,
1566 930 1641 974 vel
1668 929 1811 975 inter-

175 1009 261 1052 diu
282 1009 459 1061 saltetn,
484 1010 543 1052 ad
563 1008 778 1052 iudicium
799 1006 1079 1051 confessarii.
1747 1045 1766 1057 ,

272 1086 523 1130 Iubeantur
545 1085 850 1142 poenitentiae
870 1084 1059 1128 aliarum
1080 1084 1392 1140 asperitatum,
1412 1091 1508 1127 tum
1530 1083 1666 1127 etiam
1691 1084 1813 1141 digi-

178 1170 335 1207 torum
357 1163 415 1206 ad
435 1177 615 1220 vngues
632 1161 754 1219 ipsos
774 1161 976 1205 omnium
997 1162 1187 1205 acerbae
1207 1161 1421 1204 dentibus
1442 1161 1810 1205 mordicationes,

179 1246 232 1284 et
252 1239 440 1283 aliarum
461 1239 656 1296 partium
679 1252 856 1291 manus,
876 1237 953 1281 vbi
974 1237 1113 1295 recipi
1134 1237 1280 1295 possit
1298 1237 1568 1282 mordicatio
1589 1246 1620 1282 ².

274 1317 339 1360 Vt
366 1323 563 1360 voueant
592 1315 799 1359 difficiles
826 1314 1102 1371 disciplinas,
1126 1314 1163 1358 si
1186 1314 1449 1367 inciderint,
1479 1322 1526 1358 et
1555 1315 1701 1360 cilicia
1733 1331 1818 1373 ge-

178 1400 325 1438 stare.

277 1474 340 1518 Vt
361 1469 563 1526 quotidie
586 1470 780 1513 offerant
797 1476 920 1522 vota,
944 1483 1062 1525 quae
1083 1469 1255 1512 habent
1275 1468 1533 1522 Societatis‚
1557 1470 1629 1514 vel
1651 1471 1818 1514 confir-

183 1554 316 1592 ment
337 1546 620 1604 propositum
643 1561 754 1590 suae
774 1546 1041 1599 vocationis,
1065 1545 1103 1590 si
1123 1553 1229 1590 vota
1250 1560 1340 1589 non
1362 1547 1580 1592 habeant.

277 1624 450 1668 Curare
471 1638 552 1680 per
580 1607 908 1666 confessarium
935 1630 982 1666 et
1017 1621 1310 1679 superiorem,
1334 1631 1382 1665 vt
1411 1623 1497 1666 sibi
1524 1623 1752 1668 orationes
1773 1634 1819 1669 et

183 1700 352 1745 missae
372 1699 670 1757 applicentur.
1460 1754 1461 1760 ἵ

282 1779 427 1823 Orare
448 1784 500 1820 vt
521 1764 607 1820 sibi
625 1776 856 1819 orationes
872 1784 917 1821 et
934 1776 1154 1821 sacrificia
1168 1777 1359 1834 prosint,
1379 1792 1499 1834 quae
1514 1793 1596 1835 pro
1618 1793 1668 1824 se
1684 1779 1817 1823 fiunt.

279 1854 486 1899 Educere
507 1853 680 1897 animas
701 1869 758 1898 ex
781 1853 1043 1910 purgatorio
1063 1868 1120 1897 ex
1141 1854 1397 1912 priuilegio,

282 1932 413 1975 quat
429 1931 474 1973 in
497 1930 718 1988 grauibus
740 1931 890 1974 carnis
911 1930 1235 1975 tentationibus
1255 1940 1303 1976 et
1322 1933 1608 1977 illusionibus
1624 1934 1822 1978 dormire

185 2007 422 2055 vestitum.

284 2086 433 2136 quat,
458 2085 534 2128 vbi
558 2085 763 2142 grauiter
785 2093 925 2128 noctu
949 2092 1149 2130 tentatur
1174 2085 1291 2143 quis,
1321 2091 1392 2133 281
1416 2089 1587 2132 habere
1608 2103 1823 2133 excusso—

191 2162 312 2206 rium
335 2162 473 2219 ignis,
497 2170 543 2205 et
564 2176 758 2205 excusso
780 2161 904 2219 igne,
927 2163 1093 2206 dedere
1114 2176 1164 2206 se
1194 2163 1375 2207 lectioni
1402 2165 1586 2209 diuinae
1613 2166 1822 2211 attentis-

190 2239 310 2284 sime
329 2247 376 2283 et
396 2239 588 2282 orationi
609 2238 901 2284 deuotissime
928 2255 984 2284 ex
1005 2239 1165 2283 timore
1185 2248 1232 2284 et
1252 2241 1350 2284 zelo
1371 2240 1406 2285 b.

285 2316 419 2359 quat
438 2315 634 2360 dormire
656 2315 703 2359 in
725 2315 939 2359 cubiculo
965 2316 1224 2372 superioris,
1247 2319 1321 2361 vel
1348 2320 1612 2364 confessarii
1634 2327 1666 2374 0,
1691 2320 1825 2363 mini-

193 2391 297 2445 -stri,
319 2392 394 2436 vel
415 2392 607 2436 alicuius
628 2391 853 2449 grauioris
875 2392 1024 2436 Patris
1045 2401 1091 2437 et
1111 2395 1373 2439 venerandi.

290 2469 443 2526 Opera
464 2468 781 2526 probationum
803 2469 1043 2514 Societatis
1064 2478 1233 2526 petere.

127 2594 130 2595 ⁷
289 2546 474 2590 Immitti
495 2553 646 2602 potest
667 2545 852 2590 afflictio
880 2561 937 2590 ex
965 2547 1254 2594 accusatione
1283 2550 1356 2594 vel
1385 2551 1826 2607 reprehensionibus,

198 2629 253 2687 vt
272 2622 331 2666 sit
351 2624 476 2678 quod
497 2623 644 2680 magis
665 2631 826 2680 vrgeat
847 2638 984 2680 quam
1006 2625 1213 2669 tentatio.

117 2755 123 2759 ἢ
292 2699 570 2744 Exercitium
602 2701 858 2757 corporale.
893 2701 1041 2746 Maius
1073 2710 1252 2760 tempus
1289 2705 1521 2751 orationis,
1557 2706 1618 2748 Vt
1655 2706 1836 2762 legatur

118 2801 135 2838 3
199 2775 369 2832 aliquis
389 2775 505 2821 liber
527 2778 727 2821 deuotus
749 2786 796 2822 et
823 2778 1071 2834 appositus.
1103 2779 1331 2836 Reliquias
1361 2781 1542 2826 visitare
1571 2790 1616 2825 et
1643 2782 1837 2826 sanctis-

103 2846 133 2900 ,ᾞ
200 2851 368 2896 simum
390 2862 739 2898 sacramentum.
762 2876 769 2897 ι

295 2929 555 2974 Mendicare
581 2944 683 2973 cum
707 2931 854 2975 saccis
864 2966 873 2974 .

98 2439 131 2458 »3

127 3071 142 3075 ⁷¹
157 3086 161 3092 ἱ
279 3046 297 3062 ²
344 3036 453 3072 Haec
470 3035 493 3071 8
511 3037 633 3072 verba
651 3036 783 3073 addita
801 3039 1011 3084 posterius.
1067 3042 1134 3067 -b
1160 3041 1269 3076 Haec
1286 3040 1308 3076 8
1325 3041 1445 3076 verba
1465 3039 1593 3075 addita
1619 3040 1832 3087 posterius.

206 3103 275 3122 -ο
299 3094 408 3130 Haec
426 3103 447 3129 2
466 3096 587 3130 verba
605 3094 736 3131 addita
755 3096 965 3142 posterius.
