2098 3470
395 13 423 34 .·
464 0 1099 46 *agge-affl
1124 0 1128 3 ·
1154 0 1193 15 ψ’
1227 2 1230 3 ’
1399 0 1406 7 ²
1472 0 1474 2 ’

826 234 1259 272 luxationem—61
1740 241 1811 279 447

217 352 279 384 ex
297 354 364 394 se,
385 340 468 385 sed
487 324 675 396 accepta
696 337 900 396 generali
915 336 1190 381 comissione
1210 351 1237 379 a
1258 335 1510 392 superiore,
1528 335 1604 394 ¹*ita
1626 342 1783 380 tamen
1806 343 1856 378 vt

147 457 150 459 .
217 416 353 461 statis
373 416 653 473 temporibus
674 416 895 460 rationem
910 429 1067 459 earum
1084 428 1236 457 rerum
1253 413 1414 456 reddat
1434 412 1674 468 superiori.

311 493 437 538 Nihil
455 494 702 550 expendat,
722 493 882 538 nisiex
904 490 1108 549 generali
1123 491 1198 534 vel
1218 489 1403 546 speciali
1416 489 1703 543 comissione;
1724 504 1831 546 prae
1849 517 1856 521 -

219 571 357 628 cipue
381 585 492 616 vero
518 570 632 614 nihil
658 571 736 614 det
765 569 967 622 omnino,
993 582 1143 624 neque
1164 556 1303 621 emat,
1327 582 1411 624 pro
1438 581 1667 623 quoquam
1697 568 1856 610 dome-

219 648 355 702 stico,
372 648 462 692 nisi
475 663 534 692 ex
549 647 837 700 comissione3
857 645 970 690 nihil
985 645 1093 690 item
1111 645 1301 702 negotii,
1327 645 1400 689 vel
1415 644 1525 698 litis,
1545 644 1749 697 inchoet,
1770 645 1856 688 nisi

221 742 250 770 e
270 739 501 779 consensu
522 725 786 782 superioris.
1379 717 1382 718 ⁷

300 804 418 862 ‘Non
438 803 638 859 patiatur
659 810 708 845 vt
737 803 796 845 ad
823 817 874 847 se
903 807 1158 853 recurrant,
1183 814 1288 843 cum
1318 814 1367 843 re
1394 798 1546 855 aliqua
1573 798 1857 855 indiguerint

223 879 387 934 nostri,
415 881 498 924 sed
524 881 582 923 ad
610 879 909 936 superiorem,
934 886 1014 922 aut
1039 877 1139 922 eius
1165 877 1293 920 iussu
1322 877 1380 920 ad
1407 890 1528 928 eum,
1560 875 1638 931 qui
1668 877 1724 919 ad
1746 875 1858 918 illud

224 971 392 1001 munus
413 948 551 1000 fuerit
572 956 858 1013 designatus,

310 1033 555 1078 Rationem
577 1034 739 1078 reddat
760 1032 954 1089 singulis
976 1031 1210 1076 mensibus
1231 1029 1325 1077 2⁰3
1348 1030 1585 1087 superiori,
1606 1032 1678 1074 vel
1700 1031 1760 1084 ei,
1783 1031 1858 1074 cui

218 1110 298 1155 ille
316 1110 516 1162 iusserit,
541 1110 715 1166 accepti
738 1118 784 1154 et
813 1108 1000 1166 expensi
1034 1109 1112 1152 illo
1140 1123 1314 1161 mense,
1338 1115 1385 1151 et
1415 1107 1612 1164 singulis
1639 1107 1772 1152 annis
1799 1109 1856 1152 de

223 1195 322 1232 toto
341 1202 479 1231 anno.

309 1263 433 1308 Nihil
455 1263 541 1307 sibi
568 1263 790 1307 creditum
817 1262 1025 1320 accipiet,
1048 1262 1147 1306 sine
1174 1276 1388 1319 expressa
1416 1252 1661 1328 superioris
1689 1261 1855 1306 comis·

216 1341 364 1384 sione.
1353 1347 1357 1349 “

311 1418 425 1462 Tres
454 1418 609 1462 claues
638 1425 686 1460 vt
713 1417 805 1465 sint
832 1418 879 1460 in
906 1431 1028 1478 arca,
1062 1416 1140 1461 vbi
1172 1416 1394 1474 pecuniae
1425 1423 1726 1474 reponuntur,
1761 1432 1853 1460 non

221 1494 325 1539 ideo
343 1494 560 1538 statuitur
580 1502 615 1549 ²,
634 1495 758 1552 quod
779 1502 928 1539 rector
943 1508 1000 1537 ex
1017 1493 1116 1538 aliis
1131 1494 1387 1550 dependeat
1403 1493 1450 1536 in
1466 1493 1702 1538 sumendis
1720 1509 1854 1537 num-

223 1571 326 1626 mis;
354 1573 437 1615 sed
467 1573 528 1615 ob
563 1571 626 1625 id,
657 1587 715 1616 ne
741 1578 1008 1628 procurator
1035 1585 1261 1623 nummos,
1300 1578 1382 1614 aut
1412 1570 1558 1624 aliud,
1589 1572 1712 1627 quod
1749 1586 1854 1615 arca

223 1649 479 1701 claudatur,
503 1649 604 1694 sine
624 1648 873 1705 superioris
894 1649 1130 1692 voluntate
1150 1655 1196 1692 et
1217 1647 1353 1692 vnius
1381 1649 1694 1692 consultorum
1725 1648 1854 1692 testi-

222 1724 378 1768 monio
399 1725 606 1787 accipiat.

218 1837 313 1883 2⁰⁴*
333 1853 397 1883 AD
419 1852 668 1883 RATIONEM
691 1853 752 1883 ET
769 1853 1182 1884 CONSUETUDINEM
1200 1853 1401 1883 ANNUAM
1418 1853 1646 1883 COLLEGII
1667 1853 1852 1883 ROMANI

308 1929 545 1959 PATRIBUS
588 1930 647 1960 AC
689 1930 960 1960 FRATRIBUS
998 1929 1443 1960 MORTIFICATIONES
1482 1929 1850 1969 PROPONENDAE,

310 2006 614 2036 PRAESERTIM
639 2007 716 2037 VBI
742 2007 919 2037 STUDIA
941 1992 1394 2038 iNTERMlTTUNTUR.

309 2111 535 2155 Exercitia
570 2111 835 2167 spiritualia.
867 2111 1135 2168 Flagellatio
1166 2111 1213 2155 in
1251 2112 1507 2166 refectorio,
1533 2128 1651 2169 quae
1688 2113 1853 2156 dicitur

214 2187 472 2244 disciplina.
496 2187 686 2233 Ieiunia.
711 2188 1127 2245 Peregrinationes.
1154 2189 1205 2232 In
1229 2189 1445 2246 hospitali
1471 2190 1661 2237 seruire,
1691 2191 1850 2235 Serui-

216 2264 280 2307 tia
309 2264 573 2308 domestica.
607 2266 788 2309 Docere
833 2280 998 2321 pueros
1044 2266 1297 2310 doctrinam
1333 2267 1642 2311 christianam.
1691 2269 1853 2311 Petere

217 2341 527 2398 eleemosynas
547 2356 629 2397 per
649 2342 820 2385 vrbem.
838 2344 975 2387 Ferre
997 2357 1117 2398 quae
1137 2343 1245 2387 emit
1274 2351 1428 2387 noster
1455 2353 1648 2401 emptor.
1671 2346 1852 2388 Ducere

218 2418 420 2462 iumenta
447 2427 613 2463 onusta
639 2434 718 2475 per
746 2421 920 2465 vrbem.
959 2420 1175 2465 Publicas
1205 2422 1586 2478 reprehensiones
1622 2430 1775 2478 petere
1807 2430 1852 2465 et

216 2495 440 2552 accipere.
465 2495 596 2539 Indui
622 2496 827 2541 vestibus
847 2497 1024 2541 detritis
1050 2505 1098 2541 et
1113 2498 1290 2543 laceris.
1318 2501 1482 2543 Petere
1501 2506 1568 2551 vt,
1594 2499 1715 2553 quod
1737 2499 1852 2541 solet

215 2571 534 2624 darinouitiis,
557 2572 725 2616 silentii
746 2574 1102 2631 chirographum
1127 2574 1236 2631 ipsis
1252 2577 1544 2620 concedatur.
1574 2575 1660 2619 2⁰5
1684 2575 1852 2619 Viuere

216 2648 272 2691 ad
294 2647 512 2692 rationem
542 2649 836 2704 nouitiorum,
870 2651 1006 2695 etiam
1038 2665 1143 2695 cum
1174 2651 1301 2708 ipsis.
1327 2653 1522 2696 Gestare
1550 2652 1732 2706 aliquod
1754 2651 1851 2694 cili-

213 2723 353 2770 cium.
377 2726 542 2784 Petere
561 2726 810 2770 ordinarias
835 2727 1155 2783 poenitentiaS,
1188 2743 1305 2784 quae
1335 2729 1529 2785 singulis
1552 2727 1851 2772 hebdomadis

217 2809 467 2854 recurrant,
498 2811 547 2845 vt
573 2803 613 2845 si
640 2818 738 2846 vna
773 2804 1056 2848 hebdomada
1094 2805 1175 2848 fiat
1203 2820 1292 2848 vna
1315 2805 1568 2861 disciplina,
1601 2804 1687 2847 alia
1710 2818 1849 2846 vnum

214 2875 449 2930 ieiunium,
473 2879 561 2923 alia
582 2887 789 2936 gestetur
811 2895 901 2924 vno
929 2880 1002 2924 die
1030 2881 1246 2935 cilicium,
1279 2882 1364 2925 alia
1398 2881 1642 2925 recitentur
1676 2889 1849 2936 septem

285 3055 304 3071 a
351 3045 504 3079 stuitur
522 3057 594 3081 ms.
