<?xml version="1.0" encoding="UTF-8"?>
<!DOCTYPE html PUBLIC "-//W3C//DTD XHTML 1.0 Transitional//EN"
    "http://www.w3.org/TR/xhtml1/DTD/xhtml1-transitional.dtd">
<html xmlns="http://www.w3.org/1999/xhtml" xml:lang="en" lang="en">
 <head>
  <title>
</title>
<meta http-equiv="Content-Type" content="text/html;charset=utf-8" />
  <meta name='ocr-system' content='tesseract 3.04.00' />
  <meta name='ocr-capabilities' content='ocr_page ocr_carea ocr_par ocr_line ocrx_word'/>
</head>
<body>
  <div class='ocr_page' id='page_1' title='image "./epistolaephieron04nadauoft_0253.png"; bbox 0 0 2098 3470; ppageno 0'>
   <div class='ocr_carea' id='block_1_1' title="bbox 728 239 1830 286">
    <p class='ocr_par' dir='ltr' id='par_1_1' title="bbox 728 239 1830 286">
     <span class='ocr_line' id='line_1_1' title="bbox 728 239 1830 286; baseline -0.005 -6"><span class='ocrx_word' id='word_1_1' title='bbox 728 242 1005 280; x_wconf 63' lang='lat' dir='ltr'>Kouma-m</span> <span class='ocrx_word' id='word_1_2' title='bbox 1031 239 1388 278; x_wconf 62' lang='lat' dir='ltr'>Germanus—32</span> <span class='ocrx_word' id='word_1_3' title='bbox 1760 249 1830 286; x_wconf 88' lang='lat'>227</span> 
     </span>
    </p>
   </div>
   <div class='ocr_carea' id='block_1_2' title="bbox 202 341 1910 2867">
    <p class='ocr_par' dir='ltr' id='par_1_2' title="bbox 223 341 1886 1173">
     <span class='ocr_line' id='line_1_2' title="bbox 232 341 1878 402; baseline -0.002 -12"><span class='ocrx_word' id='word_1_4' title='bbox 232 346 329 391; x_wconf 74' lang='lat' dir='ltr'>illis</span> <span class='ocrx_word' id='word_1_5' title='bbox 349 345 648 399; x_wconf 88' lang='lat' dir='ltr'>haereticum,</span> <span class='ocrx_word' id='word_1_6' title='bbox 673 345 796 402; x_wconf 91' lang='lat' dir='ltr'>quod</span> <span class='ocrx_word' id='word_1_7' title='bbox 817 351 971 388; x_wconf 88' lang='lat' dir='ltr'>tamen</span> <span class='ocrx_word' id='word_1_8' title='bbox 997 349 1068 387; x_wconf 89' lang='lat' dir='ltr'>est</span> <span class='ocrx_word' id='word_1_9' title='bbox 1095 341 1296 396; x_wconf 73' lang='lat' dir='ltr'>difficile3</span> <span class='ocrx_word' id='word_1_10' title='bbox 1320 357 1440 395; x_wconf 90' lang='lat' dir='ltr'>nam,</span> <span class='ocrx_word' id='word_1_11' title='bbox 1466 341 1503 385; x_wconf 85' lang='lat' dir='ltr'>si</span> <span class='ocrx_word' id='word_1_12' title='bbox 1533 342 1644 386; x_wconf 88' lang='lat' dir='ltr'>nihil</span> <span class='ocrx_word' id='word_1_13' title='bbox 1666 342 1806 397; x_wconf 86' lang='lat' dir='ltr'>aliud,</span> <span class='ocrx_word' id='word_1_14' title='bbox 1830 343 1878 386; x_wconf 89' lang='lat' dir='ltr'>in</span> 
     </span>
     <span class='ocr_line' id='line_1_3' title="bbox 235 420 1869 481; baseline -0.003 -13"><span class='ocrx_word' id='word_1_15' title='bbox 235 423 537 481; x_wconf 86' lang='lat' dir='ltr'>grammatica</span> <span class='ocrx_word' id='word_1_16' title='bbox 557 430 603 468; x_wconf 88' lang='lat' dir='ltr'>et</span> <span class='ocrx_word' id='word_1_17' title='bbox 626 421 854 466; x_wconf 89' lang='lat' dir='ltr'>rhetorica</span> <span class='ocrx_word' id='word_1_18' title='bbox 874 428 908 473; x_wconf 84' lang='lat'>²,</span> <span class='ocrx_word' id='word_1_19' title='bbox 927 420 1087 464; x_wconf 85' lang='lat' dir='ltr'>saltem</span> <span class='ocrx_word' id='word_1_20' title='bbox 1109 420 1316 476; x_wconf 87' lang='lat' dir='ltr'>exempla</span> <span class='ocrx_word' id='word_1_21' title='bbox 1338 434 1523 462; x_wconf 89' lang='lat' dir='ltr'>suarum</span> <span class='ocrx_word' id='word_1_22' title='bbox 1541 421 1782 464; x_wconf 79' lang='lat' dir='ltr'>haeresum</span> <span class='ocrx_word' id='word_1_23' title='bbox 1804 420 1869 464; x_wconf 90' lang='lat' dir='ltr'>in-</span> 
     </span>
     <span class='ocr_line' id='line_1_4' title="bbox 231 483 1875 556; baseline -0.002 -12"><span class='ocrx_word' id='word_1_24' title='bbox 231 501 438 545; x_wconf 87' lang='lat' dir='ltr'>culcant:</span> <span class='ocrx_word' id='word_1_25' title='bbox 462 514 548 544; x_wconf 91' lang='lat' dir='ltr'>nec</span> <span class='ocrx_word' id='word_1_26' title='bbox 569 506 809 556; x_wconf 88' lang='lat' dir='ltr'>propterea</span> <span class='ocrx_word' id='word_1_27' title='bbox 828 498 1069 542; x_wconf 84' lang='lat' dir='ltr'><strong>credamus</strong></span> <span class='ocrx_word' id='word_1_28' title='bbox 1096 483 1341 553; x_wconf 84' lang='lat' dir='ltr'>quicquam</span> <span class='ocrx_word' id='word_1_29' title='bbox 1370 496 1503 540; x_wconf 91' lang='lat' dir='ltr'>nobis</span> <span class='ocrx_word' id='word_1_30' title='bbox 1530 497 1735 553; x_wconf 88' lang='lat' dir='ltr'>deperire</span> <span class='ocrx_word' id='word_1_31' title='bbox 1768 512 1875 543; x_wconf 88' lang='lat' dir='ltr'>eru-</span> 
     </span>
     <span class='ocr_line' id='line_1_5' title="bbox 229 573 1886 636; baseline -0.001 -15"><span class='ocrx_word' id='word_1_32' title='bbox 229 576 437 630; x_wconf 84' lang='lat' dir='ltr'>ditionis,</span> <span class='ocrx_word' id='word_1_33' title='bbox 467 576 691 633; x_wconf 88' lang='lat' dir='ltr'>siquidem</span> <span class='ocrx_word' id='word_1_34' title='bbox 726 575 952 618; x_wconf 89' lang='lat' dir='ltr'>Dominus</span> <span class='ocrx_word' id='word_1_35' title='bbox 987 574 1182 619; x_wconf 85' lang='lat' dir='ltr'>maiores</span> <span class='ocrx_word' id='word_1_36' title='bbox 1218 573 1352 617; x_wconf 88' lang='lat' dir='ltr'>nobis</span> <span class='ocrx_word' id='word_1_37' title='bbox 1388 573 1510 618; x_wconf 92' lang='lat' dir='ltr'>uires</span> <span class='ocrx_word' id='word_1_38' title='bbox 1546 575 1886 636; x_wconf 27' lang='lat' dir='ltr'>suppeditabit:-</span> 
     </span>
     <span class='ocr_line' id='line_1_6' title="bbox 236 649 1873 707; baseline 0 -11"><span class='ocrx_word' id='word_1_39' title='bbox 236 660 335 697; x_wconf 92' lang='lat' dir='ltr'>tum</span> <span class='ocrx_word' id='word_1_40' title='bbox 357 653 494 697; x_wconf 89' lang='lat' dir='ltr'>etiam</span> <span class='ocrx_word' id='word_1_41' title='bbox 517 660 693 697; x_wconf 89' lang='lat' dir='ltr'>certum</span> <span class='ocrx_word' id='word_1_42' title='bbox 715 652 967 696; x_wconf 85' lang='lat' dir='ltr'>habeamus</span> <span class='ocrx_word' id='word_1_43' title='bbox 988 651 1035 694; x_wconf 92' lang='lat' dir='ltr'>in</span> <span class='ocrx_word' id='word_1_44' title='bbox 1056 649 1257 706; x_wconf 86' lang='lat' dir='ltr'>antiquis</span> <span class='ocrx_word' id='word_1_45' title='bbox 1276 665 1378 695; x_wconf 88' lang='lat' dir='ltr'>esse</span> <span class='ocrx_word' id='word_1_46' title='bbox 1399 650 1686 707; x_wconf 87' lang='lat' dir='ltr'>sapientiam,</span> <span class='ocrx_word' id='word_1_47' title='bbox 1712 667 1768 695; x_wconf 86' lang='lat' dir='ltr'>ex</span> <span class='ocrx_word' id='word_1_48' title='bbox 1785 652 1873 696; x_wconf 93' lang='lat' dir='ltr'>illis</span> 
     </span>
     <span class='ocr_line' id='line_1_7' title="bbox 230 727 1872 787; baseline -0.001 -14"><span class='ocrx_word' id='word_1_49' title='bbox 230 730 284 774; x_wconf 77' lang='lat' dir='ltr'>in</span> <span class='ocrx_word' id='word_1_50' title='bbox 302 731 426 787; x_wconf 90' lang='lat' dir='ltr'>X-po.</span> <span class='ocrx_word' id='word_1_51' title='bbox 449 731 581 774; x_wconf 91' lang='lat' dir='ltr'>nobis</span> <span class='ocrx_word' id='word_1_52' title='bbox 608 745 709 775; x_wconf 88' lang='lat' dir='ltr'>esse</span> <span class='ocrx_word' id='word_1_53' title='bbox 729 728 1047 783; x_wconf 87' lang='lat' dir='ltr'>hauriendam.</span> <span class='ocrx_word' id='word_1_54' title='bbox 1071 727 1259 784; x_wconf 91' lang='lat' dir='ltr'>Alioqui</span> <span class='ocrx_word' id='word_1_55' title='bbox 1287 728 1400 771; x_wconf 92' lang='lat' dir='ltr'>illud</span> <span class='ocrx_word' id='word_1_56' title='bbox 1430 736 1609 771; x_wconf 91' lang='lat' dir='ltr'>certum</span> <span class='ocrx_word' id='word_1_57' title='bbox 1632 736 1703 773; x_wconf 90' lang='lat' dir='ltr'>est</span> <span class='ocrx_word' id='word_1_58' title='bbox 1730 729 1776 771; x_wconf 86' lang='lat' dir='ltr'>in</span> <span class='ocrx_word' id='word_1_59' title='bbox 1799 729 1872 772; x_wconf 86' lang='lat' dir='ltr'>his</span> 
     </span>
     <span class='ocr_line' id='line_1_8' title="bbox 234 804 1869 866; baseline 0 -16"><span class='ocrx_word' id='word_1_60' title='bbox 234 807 498 851; x_wconf 89' lang='lat' dir='ltr'>hominibus</span> <span class='ocrx_word' id='word_1_61' title='bbox 519 807 669 864; x_wconf 90' lang='lat' dir='ltr'>(etiam</span> <span class='ocrx_word' id='word_1_62' title='bbox 690 806 738 850; x_wconf 91' lang='lat' dir='ltr'>in</span> <span class='ocrx_word' id='word_1_63' title='bbox 759 805 902 848; x_wconf 89' lang='lat' dir='ltr'>literis</span> <span class='ocrx_word' id='word_1_64' title='bbox 923 804 1270 866; x_wconf 81' lang='lat' dir='ltr'>humanioribus</span> <span class='ocrx_word' id='word_1_65' title='bbox 1297 812 1344 850; x_wconf 88' lang='lat' dir='ltr'>et</span> <span class='ocrx_word' id='word_1_66' title='bbox 1372 804 1631 857; x_wconf 89' lang='lat' dir='ltr'>rhetoricis,</span> <span class='ocrx_word' id='word_1_67' title='bbox 1658 820 1771 861; x_wconf 91' lang='lat' dir='ltr'>quas</span> <span class='ocrx_word' id='word_1_68' title='bbox 1798 821 1869 850; x_wconf 92' lang='lat' dir='ltr'>so-</span> 
     </span>
     <span class='ocr_line' id='line_1_9' title="bbox 228 881 1870 941; baseline -0.001 -13"><span class='ocrx_word' id='word_1_69' title='bbox 228 885 301 928; x_wconf 90' lang='lat' dir='ltr'>las</span> <span class='ocrx_word' id='word_1_70' title='bbox 328 885 659 941; x_wconf 87' lang='lat' dir='ltr'>amplexantur,</span> <span class='ocrx_word' id='word_1_71' title='bbox 682 890 734 926; x_wconf 91' lang='lat' dir='ltr'>ut</span> <span class='ocrx_word' id='word_1_72' title='bbox 761 897 844 939; x_wconf 91' lang='lat' dir='ltr'>per</span> <span class='ocrx_word' id='word_1_73' title='bbox 870 897 986 938; x_wconf 92' lang='lat' dir='ltr'>quas</span> <span class='ocrx_word' id='word_1_74' title='bbox 1016 881 1198 925; x_wconf 86' lang='lat' dir='ltr'>facilius</span> <span class='ocrx_word' id='word_1_75' title='bbox 1229 881 1450 938; x_wconf 91' lang='lat' dir='ltr'>imperitis</span> <span class='ocrx_word' id='word_1_76' title='bbox 1481 882 1727 938; x_wconf 83' lang='lat' dir='ltr'>imponant&gt;</span> <span class='ocrx_word' id='word_1_77' title='bbox 1756 883 1870 926; x_wconf 89' lang='lat' dir='ltr'>nihil</span> 
     </span>
     <span class='ocr_line' id='line_1_10' title="bbox 226 959 1864 1018; baseline -0.002 -11"><span class='ocrx_word' id='word_1_78' title='bbox 226 975 334 1007; x_wconf 78' lang='lat' dir='ltr'>esse</span> <span class='ocrx_word' id='word_1_79' title='bbox 362 961 656 1014; x_wconf 90' lang='lat' dir='ltr'>inuentionis,</span> <span class='ocrx_word' id='word_1_80' title='bbox 685 975 847 1018; x_wconf 88' lang='lat' dir='ltr'>parum</span> <span class='ocrx_word' id='word_1_81' title='bbox 870 959 1043 1003; x_wconf 90' lang='lat' dir='ltr'>iudicii:</span> <span class='ocrx_word' id='word_1_82' title='bbox 1074 960 1172 1003; x_wconf 89' lang='lat' dir='ltr'>sola</span> <span class='ocrx_word' id='word_1_83' title='bbox 1200 959 1276 1003; x_wconf 87' lang='lat' dir='ltr'>illa</span> <span class='ocrx_word' id='word_1_84' title='bbox 1297 959 1344 1002; x_wconf 94' lang='lat' dir='ltr'>in</span> <span class='ocrx_word' id='word_1_85' title='bbox 1372 959 1481 1016; x_wconf 91' lang='lat' dir='ltr'>ipsis</span> <span class='ocrx_word' id='word_1_86' title='bbox 1503 967 1574 1003; x_wconf 89' lang='lat' dir='ltr'>est</span> <span class='ocrx_word' id='word_1_87' title='bbox 1601 961 1864 1017; x_wconf 85' lang='lat' dir='ltr'>garrulitas,</span> 
     </span>
     <span class='ocr_line' id='line_1_11' title="bbox 225 1036 1867 1095; baseline -0.001 -13"><span class='ocrx_word' id='word_1_88' title='bbox 225 1045 372 1095; x_wconf 84' lang='lat' dir='ltr'>atque</span> <span class='ocrx_word' id='word_1_89' title='bbox 397 1053 641 1095; x_wconf 88' lang='lat' dir='ltr'>peruersus</span> <span class='ocrx_word' id='word_1_90' title='bbox 667 1048 805 1094; x_wconf 91' lang='lat' dir='ltr'>atque</span> <span class='ocrx_word' id='word_1_91' title='bbox 836 1037 1004 1093; x_wconf 88' lang='lat' dir='ltr'>impius</span> <span class='ocrx_word' id='word_1_92' title='bbox 1025 1051 1137 1080; x_wconf 90' lang='lat' dir='ltr'>usus</span> <span class='ocrx_word' id='word_1_93' title='bbox 1174 1036 1220 1080; x_wconf 91' lang='lat' dir='ltr'>in</span> <span class='ocrx_word' id='word_1_94' title='bbox 1251 1037 1520 1081; x_wconf 87' lang='lat' dir='ltr'>miserorum</span> <span class='ocrx_word' id='word_1_95' title='bbox 1558 1037 1792 1081; x_wconf 90' lang='lat' dir='ltr'>hominum</span> <span class='ocrx_word' id='word_1_96' title='bbox 1822 1046 1867 1083; x_wconf 90' lang='lat' dir='ltr'>et</span> 
     </span>
     <span class='ocr_line' id='line_1_12' title="bbox 223 1115 838 1173; baseline 0.002 -14"><span class='ocrx_word' id='word_1_97' title='bbox 223 1115 504 1173; x_wconf 83' lang='lat' dir='ltr'>suiipsorum</span> <span class='ocrx_word' id='word_1_98' title='bbox 522 1115 819 1172; x_wconf 83' lang='lat' dir='ltr'>perditionem</span> <span class='ocrx_word' id='word_1_99' title='bbox 828 1151 838 1160; x_wconf 91' lang='lat'><strong>.</strong></span> 
     </span>
    </p>

    <p class='ocr_par' dir='ltr' id='par_1_3' title="bbox 205 1191 1910 2481">
     <span class='ocr_line' id='line_1_13' title="bbox 317 1191 1866 1250; baseline -0.001 -13"><span class='ocrx_word' id='word_1_100' title='bbox 317 1192 446 1237; x_wconf 90' lang='lat' dir='ltr'>Nihil</span> <span class='ocrx_word' id='word_1_101' title='bbox 466 1207 623 1237; x_wconf 88' lang='lat' dir='ltr'>eorum</span> <span class='ocrx_word' id='word_1_102' title='bbox 655 1192 862 1250; x_wconf 90' lang='lat' dir='ltr'>potentia</span> <span class='ocrx_word' id='word_1_103' title='bbox 899 1191 1117 1236; x_wconf 89' lang='lat' dir='ltr'>secularis</span> <span class='ocrx_word' id='word_1_104' title='bbox 1143 1192 1375 1245; x_wconf 87' lang='lat' dir='ltr'>timeatur,</span> <span class='ocrx_word' id='word_1_105' title='bbox 1399 1191 1516 1236; x_wconf 88' lang='lat' dir='ltr'>nihil</span> <span class='ocrx_word' id='word_1_106' title='bbox 1551 1192 1726 1247; x_wconf 89' lang='lat' dir='ltr'>literae,</span> <span class='ocrx_word' id='word_1_107' title='bbox 1752 1192 1866 1236; x_wconf 90' lang='lat' dir='ltr'>nihil</span> 
     </span>
     <span class='ocr_line' id='line_1_14' title="bbox 225 1268 1864 1326; baseline 0 -13"><span class='ocrx_word' id='word_1_108' title='bbox 225 1269 346 1324; x_wconf 81' lang='lat' dir='ltr'>iibri,</span> <span class='ocrx_word' id='word_1_109' title='bbox 370 1269 483 1313; x_wconf 86' lang='lat' dir='ltr'>nihil</span> <span class='ocrx_word' id='word_1_110' title='bbox 503 1284 757 1314; x_wconf 88' lang='lat' dir='ltr'>consensus</span> <span class='ocrx_word' id='word_1_111' title='bbox 777 1269 1057 1313; x_wconf 87' lang='lat' dir='ltr'>miserrimae</span> <span class='ocrx_word' id='word_1_112' title='bbox 1077 1269 1369 1322; x_wconf 87' lang='lat' dir='ltr'>Germaniae,</span> <span class='ocrx_word' id='word_1_113' title='bbox 1395 1268 1508 1312; x_wconf 90' lang='lat' dir='ltr'>nihil</span> <span class='ocrx_word' id='word_1_114' title='bbox 1534 1270 1657 1326; x_wconf 92' lang='lat' dir='ltr'>quod</span> <span class='ocrx_word' id='word_1_115' title='bbox 1686 1279 1864 1314; x_wconf 88' lang='lat' dir='ltr'>crescat</span> 
     </span>
     <span class='ocr_line' id='line_1_15' title="bbox 225 1346 1862 1404; baseline 0.001 -14"><span class='ocrx_word' id='word_1_116' title='bbox 225 1347 443 1400; x_wconf 84' lang='lat' dir='ltr'>haeresis,</span> <span class='ocrx_word' id='word_1_117' title='bbox 468 1348 548 1391; x_wconf 91' lang='lat' dir='ltr'>sed</span> <span class='ocrx_word' id='word_1_118' title='bbox 572 1346 804 1404; x_wconf 91' lang='lat' dir='ltr'>aperiendi</span> <span class='ocrx_word' id='word_1_119' title='bbox 826 1354 935 1390; x_wconf 89' lang='lat' dir='ltr'>sunt</span> <span class='ocrx_word' id='word_1_120' title='bbox 956 1346 1003 1389; x_wconf 90' lang='lat' dir='ltr'>in</span> <span class='ocrx_word' id='word_1_121' title='bbox 1026 1346 1213 1392; x_wconf 87' lang='lat' dir='ltr'>Christo</span> <span class='ocrx_word' id='word_1_122' title='bbox 1234 1347 1357 1390; x_wconf 90' lang='lat' dir='ltr'>oculi</span> <span class='ocrx_word' id='word_1_123' title='bbox 1393 1347 1560 1390; x_wconf 90' lang='lat' dir='ltr'>mentis</span> <span class='ocrx_word' id='word_1_124' title='bbox 1589 1355 1790 1401; x_wconf 90' lang='lat' dir='ltr'>nostrae,</span> <span class='ocrx_word' id='word_1_125' title='bbox 1816 1356 1862 1391; x_wconf 93' lang='lat' dir='ltr'>et</span> 
     </span>
     <span class='ocr_line' id='line_1_16' title="bbox 217 1423 1863 1481; baseline 0 -12"><span class='ocrx_word' id='word_1_126' title='bbox 217 1424 622 1481; x_wconf 78' lang='lat' dir='ltr'>contemplandum</span> <span class='ocrx_word' id='word_1_127' title='bbox 644 1425 770 1480; x_wconf 93' lang='lat' dir='ltr'>quod</span> <span class='ocrx_word' id='word_1_128' title='bbox 790 1425 944 1481; x_wconf 90' lang='lat' dir='ltr'>plures</span> <span class='ocrx_word' id='word_1_129' title='bbox 959 1423 1051 1468; x_wconf 85' lang='lat' dir='ltr'>sint</span> <span class='ocrx_word' id='word_1_130' title='bbox 1067 1423 1307 1468; x_wconf 87' lang='lat' dir='ltr'>nobiscum</span> <span class='ocrx_word' id='word_1_131' title='bbox 1325 1439 1462 1480; x_wconf 92' lang='lat' dir='ltr'>quam</span> <span class='ocrx_word' id='word_1_132' title='bbox 1480 1438 1585 1467; x_wconf 93' lang='lat' dir='ltr'>cum</span> <span class='ocrx_word' id='word_1_133' title='bbox 1608 1424 1736 1481; x_wconf 80' lang='lat' dir='ltr'>ipsis3</span> <span class='ocrx_word' id='word_1_134' title='bbox 1756 1425 1863 1481; x_wconf 90' lang='lat' dir='ltr'>quia</span> 
     </span>
     <span class='ocr_line' id='line_1_17' title="bbox 223 1501 1862 1559; baseline -0.001 -12"><span class='ocrx_word' id='word_1_135' title='bbox 223 1508 333 1547; x_wconf 78' lang='lat' dir='ltr'>sunt</span> <span class='ocrx_word' id='word_1_136' title='bbox 353 1501 483 1559; x_wconf 88' lang='lat' dir='ltr'>ligati</span> <span class='ocrx_word' id='word_1_137' title='bbox 503 1502 752 1546; x_wconf 84' lang='lat' dir='ltr'>daemones</span> <span class='ocrx_word' id='word_1_138' title='bbox 772 1509 819 1545; x_wconf 89' lang='lat' dir='ltr'>et</span> <span class='ocrx_word' id='word_1_139' title='bbox 839 1501 951 1544; x_wconf 90' lang='lat' dir='ltr'>uicti</span> <span class='ocrx_word' id='word_1_140' title='bbox 974 1515 1082 1544; x_wconf 92' lang='lat' dir='ltr'>cum</span> <span class='ocrx_word' id='word_1_141' title='bbox 1109 1501 1235 1558; x_wconf 89' lang='lat' dir='ltr'>ipsis,</span> <span class='ocrx_word' id='word_1_142' title='bbox 1261 1501 1338 1558; x_wconf 88' lang='lat' dir='ltr'>qui</span> <span class='ocrx_word' id='word_1_143' title='bbox 1361 1501 1475 1544; x_wconf 91' lang='lat' dir='ltr'>nihil</span> <span class='ocrx_word' id='word_1_144' title='bbox 1501 1510 1695 1558; x_wconf 87' lang='lat' dir='ltr'>possunt</span> <span class='ocrx_word' id='word_1_145' title='bbox 1723 1517 1862 1559; x_wconf 88' lang='lat' dir='ltr'>agere</span> 
     </span>
     <span class='ocr_line' id='line_1_18' title="bbox 218 1575 1861 1636; baseline -0.001 -11"><span class='ocrx_word' id='word_1_146' title='bbox 218 1577 311 1625; x_wconf 82' lang='lat' dir='ltr'>nisi</span> <span class='ocrx_word' id='word_1_147' title='bbox 325 1593 354 1622; x_wconf 86' lang='lat' dir='ltr'>a</span> <span class='ocrx_word' id='word_1_148' title='bbox 373 1580 473 1624; x_wconf 89' lang='lat' dir='ltr'>Deo</span> <span class='ocrx_word' id='word_1_149' title='bbox 494 1575 717 1636; x_wconf 83' lang='lat' dir='ltr'>permissi,</span> <span class='ocrx_word' id='word_1_150' title='bbox 742 1578 857 1621; x_wconf 91' lang='lat' dir='ltr'>nihil</span> <span class='ocrx_word' id='word_1_151' title='bbox 879 1578 1011 1622; x_wconf 88' lang='lat' dir='ltr'>nobis</span> <span class='ocrx_word' id='word_1_152' title='bbox 1032 1592 1200 1623; x_wconf 87' lang='lat' dir='ltr'>nocere</span> <span class='ocrx_word' id='word_1_153' title='bbox 1221 1578 1309 1622; x_wconf 90' lang='lat' dir='ltr'>nisi</span> <span class='ocrx_word' id='word_1_154' title='bbox 1328 1580 1456 1623; x_wconf 89' lang='lat' dir='ltr'>Deus</span> <span class='ocrx_word' id='word_1_155' title='bbox 1483 1579 1611 1631; x_wconf 88' lang='lat' dir='ltr'>uelit,</span> <span class='ocrx_word' id='word_1_156' title='bbox 1637 1579 1750 1622; x_wconf 90' lang='lat' dir='ltr'>nihil</span> <span class='ocrx_word' id='word_1_157' title='bbox 1778 1594 1861 1623; x_wconf 93' lang='lat' dir='ltr'>no-</span> 
     </span>
     <span class='ocr_line' id='line_1_19' title="bbox 219 1654 1860 1713; baseline 0 -14"><span class='ocrx_word' id='word_1_158' title='bbox 219 1654 293 1700; x_wconf 90' lang='lat' dir='ltr'>bis</span> <span class='ocrx_word' id='word_1_159' title='bbox 307 1656 488 1708; x_wconf 85' lang='lat' dir='ltr'>obesse,</span> <span class='ocrx_word' id='word_1_160' title='bbox 507 1656 631 1712; x_wconf 91' lang='lat' dir='ltr'>quod</span> <span class='ocrx_word' id='word_1_161' title='bbox 647 1657 704 1699; x_wconf 93' lang='lat' dir='ltr'>ad</span> <span class='ocrx_word' id='word_1_162' title='bbox 720 1663 961 1713; x_wconf 88' lang='lat' dir='ltr'>peccatum</span> <span class='ocrx_word' id='word_1_163' title='bbox 978 1656 1222 1712; x_wconf 85' lang='lat' dir='ltr'>pertineat,</span> <span class='ocrx_word' id='word_1_164' title='bbox 1240 1655 1327 1700; x_wconf 90' lang='lat' dir='ltr'>nisi</span> <span class='ocrx_word' id='word_1_165' title='bbox 1345 1671 1429 1700; x_wconf 91' lang='lat' dir='ltr'>nos</span> <span class='ocrx_word' id='word_1_166' title='bbox 1453 1656 1666 1702; x_wconf 75' lang='lat' dir='ltr'>uelimus,</span> <span class='ocrx_word' id='word_1_167' title='bbox 1691 1658 1860 1700; x_wconf 90' lang='lat' dir='ltr'>Eorum</span> 
     </span>
     <span class='ocr_line' id='line_1_20' title="bbox 218 1732 1910 1791; baseline 0.001 -15"><span class='ocrx_word' id='word_1_168' title='bbox 218 1732 565 1779; x_wconf 86' lang='lat' dir='ltr'>haeresiarchae</span> <span class='ocrx_word' id='word_1_169' title='bbox 592 1733 863 1791; x_wconf 88' lang='lat' dir='ltr'>impostores</span> <span class='ocrx_word' id='word_1_170' title='bbox 900 1733 1014 1776; x_wconf 91' lang='lat' dir='ltr'>nihil</span> <span class='ocrx_word' id='word_1_171' title='bbox 1050 1734 1222 1776; x_wconf 90' lang='lat' dir='ltr'>habent</span> <span class='ocrx_word' id='word_1_172' title='bbox 1250 1733 1436 1777; x_wconf 90' lang='lat' dir='ltr'>uirtutis</span> <span class='ocrx_word' id='word_1_173' title='bbox 1472 1749 1498 1777; x_wconf 90' lang='lat' dir='ltr'>a</span> <span class='ocrx_word' id='word_1_174' title='bbox 1532 1735 1632 1777; x_wconf 92' lang='lat' dir='ltr'>Deo</span> <span class='ocrx_word' id='word_1_175' title='bbox 1661 1733 1857 1787; x_wconf 85' lang='lat' dir='ltr'>infusae,</span> <span class='ocrx_word' id='word_1_176' title='bbox 1905 1739 1910 1743; x_wconf 90' lang='lat'>&#39;</span> 
     </span>
     <span class='ocr_line' id='line_1_21' title="bbox 213 1808 1858 1867; baseline 0.001 -15"><span class='ocrx_word' id='word_1_177' title='bbox 213 1808 331 1852; x_wconf 79' lang='lat' dir='ltr'>nihil</span> <span class='ocrx_word' id='word_1_178' title='bbox 351 1823 488 1866; x_wconf 88' lang='lat' dir='ltr'>supra</span> <span class='ocrx_word' id='word_1_179' title='bbox 515 1824 802 1854; x_wconf 87' lang='lat' dir='ltr'>communem</span> <span class='ocrx_word' id='word_1_180' title='bbox 831 1818 1057 1863; x_wconf 89' lang='lat' dir='ltr'>naturam;</span> <span class='ocrx_word' id='word_1_181' title='bbox 1084 1817 1259 1853; x_wconf 91' lang='lat' dir='ltr'>tantum</span> <span class='ocrx_word' id='word_1_182' title='bbox 1283 1811 1625 1867; x_wconf 88' lang='lat' dir='ltr'>persuasionem</span> <span class='ocrx_word' id='word_1_183' title='bbox 1653 1811 1858 1854; x_wconf 91' lang='lat' dir='ltr'>barbari-</span> 
     </span>
     <span class='ocr_line' id='line_1_22' title="bbox 216 1885 1855 1944; baseline 0 -14"><span class='ocrx_word' id='word_1_184' title='bbox 216 1900 336 1940; x_wconf 87' lang='lat' dir='ltr'>cam,</span> <span class='ocrx_word' id='word_1_185' title='bbox 366 1893 675 1943; x_wconf 85' lang='lat' dir='ltr'>arrogantem,</span> <span class='ocrx_word' id='word_1_186' title='bbox 705 1885 994 1933; x_wconf 86' lang='lat' dir='ltr'>diabolicam.</span> <span class='ocrx_word' id='word_1_187' title='bbox 1025 1886 1151 1942; x_wconf 79' lang='lat' dir='ltr'>Quid</span> <span class='ocrx_word' id='word_1_188' title='bbox 1171 1886 1353 1944; x_wconf 39' lang='lat' dir='ltr'>igitur&amp;</span> <span class='ocrx_word' id='word_1_189' title='bbox 1363 1887 1466 1943; x_wconf 91' lang='lat' dir='ltr'>plus</span> <span class='ocrx_word' id='word_1_190' title='bbox 1493 1894 1631 1931; x_wconf 90' lang='lat' dir='ltr'>erunt</span> <span class='ocrx_word' id='word_1_191' title='bbox 1665 1887 1855 1932; x_wconf 88' lang='lat' dir='ltr'>timendi</span> 
     </span>
     <span class='ocr_line' id='line_1_23' title="bbox 217 1963 1853 2022; baseline 0.001 -15"><span class='ocrx_word' id='word_1_192' title='bbox 217 1963 338 2007; x_wconf 87' lang='lat' dir='ltr'>serui</span> <span class='ocrx_word' id='word_1_193' title='bbox 359 1963 594 2006; x_wconf 88' lang='lat' dir='ltr'>daemonis</span> <span class='ocrx_word' id='word_1_194' title='bbox 613 1977 750 2019; x_wconf 91' lang='lat' dir='ltr'>quam</span> <span class='ocrx_word' id='word_1_195' title='bbox 772 1964 968 2008; x_wconf 86' lang='lat' dir='ltr'>daemon</span> <span class='ocrx_word' id='word_1_196' title='bbox 989 1963 1108 2021; x_wconf 87' lang='lat' dir='ltr'>ipse?</span> <span class='ocrx_word' id='word_1_197' title='bbox 1123 1965 1225 2022; x_wconf 91' lang='lat' dir='ltr'>Jam</span> <span class='ocrx_word' id='word_1_198' title='bbox 1248 1963 1475 2021; x_wconf 87' lang='lat' dir='ltr'>principes</span> <span class='ocrx_word' id='word_1_199' title='bbox 1496 1965 1727 2008; x_wconf 88' lang='lat' dir='ltr'>seculares</span> <span class='ocrx_word' id='word_1_200' title='bbox 1744 1965 1853 2020; x_wconf 91' lang='lat' dir='ltr'>quid</span> 
     </span>
     <span class='ocr_line' id='line_1_24' title="bbox 209 2039 1852 2098; baseline 0.002 -16"><span class='ocrx_word' id='word_1_201' title='bbox 209 2039 495 2084; x_wconf 79' lang='lat' dir='ltr'>timebimus?</span> <span class='ocrx_word' id='word_1_202' title='bbox 531 2039 624 2096; x_wconf 75' lang='lat' dir='ltr'>Qui</span> <span class='ocrx_word' id='word_1_203' title='bbox 661 2040 761 2084; x_wconf 89' lang='lat' dir='ltr'>sine</span> <span class='ocrx_word' id='word_1_204' title='bbox 796 2041 895 2084; x_wconf 88' lang='lat' dir='ltr'>Deo</span> <span class='ocrx_word' id='word_1_205' title='bbox 932 2048 1063 2093; x_wconf 89' lang='lat' dir='ltr'>sunt,</span> <span class='ocrx_word' id='word_1_206' title='bbox 1102 2040 1201 2085; x_wconf 89' lang='lat' dir='ltr'>sine</span> <span class='ocrx_word' id='word_1_207' title='bbox 1236 2041 1343 2094; x_wconf 89' lang='lat' dir='ltr'>fide,</span> <span class='ocrx_word' id='word_1_208' title='bbox 1380 2041 1478 2086; x_wconf 91' lang='lat' dir='ltr'>sine</span> <span class='ocrx_word' id='word_1_209' title='bbox 1514 2041 1693 2098; x_wconf 88' lang='lat' dir='ltr'>spiritu,</span> <span class='ocrx_word' id='word_1_210' title='bbox 1734 2039 1852 2098; x_wconf 86' lang='lat' dir='ltr'>quos</span> 
     </span>
     <span class='ocr_line' id='line_1_25' title="bbox 213 2116 1855 2171; baseline 0.001 -11"><span class='ocrx_word' id='word_1_211' title='bbox 213 2116 416 2160; x_wconf 90' lang='lat' dir='ltr'>deseruit</span> <span class='ocrx_word' id='word_1_212' title='bbox 452 2117 596 2170; x_wconf 89' lang='lat' dir='ltr'>Deus,</span> <span class='ocrx_word' id='word_1_213' title='bbox 620 2117 840 2162; x_wconf 90' lang='lat' dir='ltr'>deserunt</span> <span class='ocrx_word' id='word_1_214' title='bbox 876 2117 1099 2162; x_wconf 88' lang='lat' dir='ltr'>ecclesiae</span> <span class='ocrx_word' id='word_1_215' title='bbox 1134 2125 1434 2171; x_wconf 89' lang='lat' dir='ltr'>sacramenta,</span> <span class='ocrx_word' id='word_1_216' title='bbox 1464 2126 1511 2164; x_wconf 91' lang='lat' dir='ltr'>et</span> <span class='ocrx_word' id='word_1_217' title='bbox 1548 2118 1772 2162; x_wconf 88' lang='lat' dir='ltr'>sacrificia</span> <span class='ocrx_word' id='word_1_218' title='bbox 1809 2127 1855 2163; x_wconf 93' lang='lat' dir='ltr'>et</span> 
     </span>
     <span class='ocr_line' id='line_1_26' title="bbox 213 2193 1852 2252; baseline 0.001 -15"><span class='ocrx_word' id='word_1_219' title='bbox 213 2193 448 2250; x_wconf 83' lang='lat' dir='ltr'>suffragia:</span> <span class='ocrx_word' id='word_1_220' title='bbox 473 2202 519 2239; x_wconf 92' lang='lat' dir='ltr'>et</span> <span class='ocrx_word' id='word_1_221' title='bbox 541 2194 580 2238; x_wconf 90' lang='lat' dir='ltr'>si</span> <span class='ocrx_word' id='word_1_222' title='bbox 601 2193 711 2250; x_wconf 91' lang='lat' dir='ltr'>quid</span> <span class='ocrx_word' id='word_1_223' title='bbox 727 2194 815 2238; x_wconf 90' lang='lat' dir='ltr'>illis</span> <span class='ocrx_word' id='word_1_224' title='bbox 831 2196 960 2239; x_wconf 89' lang='lat' dir='ltr'>Deus</span> <span class='ocrx_word' id='word_1_225' title='bbox 980 2195 1199 2252; x_wconf 90' lang='lat' dir='ltr'>permittit</span> <span class='ocrx_word' id='word_1_226' title='bbox 1221 2194 1266 2238; x_wconf 91' lang='lat' dir='ltr'>in</span> <span class='ocrx_word' id='word_1_227' title='bbox 1291 2210 1391 2248; x_wconf 92' lang='lat' dir='ltr'>nos,</span> <span class='ocrx_word' id='word_1_228' title='bbox 1417 2196 1473 2239; x_wconf 93' lang='lat' dir='ltr'>ad</span> <span class='ocrx_word' id='word_1_229' title='bbox 1491 2203 1692 2239; x_wconf 90' lang='lat' dir='ltr'>nostram</span> <span class='ocrx_word' id='word_1_230' title='bbox 1711 2196 1852 2239; x_wconf 85' lang='lat' dir='ltr'>casti-</span> 
     </span>
     <span class='ocr_line' id='line_1_27' title="bbox 207 2269 1850 2330; baseline 0.002 -17"><span class='ocrx_word' id='word_1_231' title='bbox 207 2269 446 2327; x_wconf 82' lang='lat' dir='ltr'>gationem</span> <span class='ocrx_word' id='word_1_232' title='bbox 467 2270 515 2314; x_wconf 90' lang='lat' dir='ltr'>id</span> <span class='ocrx_word' id='word_1_233' title='bbox 537 2271 660 2325; x_wconf 86' lang='lat' dir='ltr'>facit,</span> <span class='ocrx_word' id='word_1_234' title='bbox 687 2278 738 2314; x_wconf 93' lang='lat' dir='ltr'>ut</span> <span class='ocrx_word' id='word_1_235' title='bbox 764 2272 898 2326; x_wconf 90' lang='lat' dir='ltr'>filios,</span> <span class='ocrx_word' id='word_1_236' title='bbox 924 2286 1040 2328; x_wconf 90' lang='lat' dir='ltr'>quos</span> <span class='ocrx_word' id='word_1_237' title='bbox 1068 2279 1205 2324; x_wconf 89' lang='lat' dir='ltr'>amat,</span> <span class='ocrx_word' id='word_1_238' title='bbox 1238 2273 1450 2329; x_wconf 82' lang='lat' dir='ltr'>castiget3</span> <span class='ocrx_word' id='word_1_239' title='bbox 1476 2273 1590 2316; x_wconf 90' lang='lat' dir='ltr'>nihil</span> <span class='ocrx_word' id='word_1_240' title='bbox 1622 2273 1765 2330; x_wconf 89' lang='lat' dir='ltr'>igitur</span> <span class='ocrx_word' id='word_1_241' title='bbox 1794 2274 1850 2316; x_wconf 89' lang='lat' dir='ltr'>ab</span> 
     </span>
     <span class='ocr_line' id='line_1_28' title="bbox 211 2347 1849 2405; baseline 0.001 -15"><span class='ocrx_word' id='word_1_242' title='bbox 211 2347 301 2391; x_wconf 87' lang='lat' dir='ltr'>illis</span> <span class='ocrx_word' id='word_1_243' title='bbox 327 2347 436 2391; x_wconf 90' lang='lat' dir='ltr'>mali</span> <span class='ocrx_word' id='word_1_244' title='bbox 462 2348 594 2391; x_wconf 91' lang='lat' dir='ltr'>nobis</span> <span class='ocrx_word' id='word_1_245' title='bbox 622 2355 774 2405; x_wconf 89' lang='lat' dir='ltr'>potest</span> <span class='ocrx_word' id='word_1_246' title='bbox 801 2349 1003 2394; x_wconf 88' lang='lat' dir='ltr'>euenire.</span> <span class='ocrx_word' id='word_1_247' title='bbox 1035 2350 1297 2393; x_wconf 90' lang='lat' dir='ltr'>Timeamus</span> <span class='ocrx_word' id='word_1_248' title='bbox 1327 2364 1434 2393; x_wconf 90' lang='lat' dir='ltr'>uere</span> <span class='ocrx_word' id='word_1_249' title='bbox 1461 2352 1628 2403; x_wconf 89' lang='lat' dir='ltr'>Deum,</span> <span class='ocrx_word' id='word_1_250' title='bbox 1661 2357 1708 2395; x_wconf 93' lang='lat' dir='ltr'>et</span> <span class='ocrx_word' id='word_1_251' title='bbox 1737 2350 1849 2392; x_wconf 91' lang='lat' dir='ltr'>nihil</span> 
     </span>
     <span class='ocr_line' id='line_1_29' title="bbox 205 2423 937 2481; baseline 0.001 -12"><span class='ocrx_word' id='word_1_252' title='bbox 205 2423 298 2469; x_wconf 83' lang='lat' dir='ltr'>erit</span> <span class='ocrx_word' id='word_1_253' title='bbox 318 2424 512 2481; x_wconf 90' lang='lat' dir='ltr'>amplius</span> <span class='ocrx_word' id='word_1_254' title='bbox 535 2426 658 2481; x_wconf 93' lang='lat' dir='ltr'>quod</span> <span class='ocrx_word' id='word_1_255' title='bbox 680 2425 937 2470; x_wconf 89' lang='lat' dir='ltr'>timeamus.</span> 
     </span>
    </p>

    <p class='ocr_par' dir='ltr' id='par_1_4' title="bbox 202 2491 1846 2867">
     <span class='ocr_line' id='line_1_30' title="bbox 297 2491 1846 2560; baseline 0 -15"><span class='ocrx_word' id='word_1_256' title='bbox 297 2501 471 2545; x_wconf 88' lang='lat' dir='ltr'>Contra</span> <span class='ocrx_word' id='word_1_257' title='bbox 492 2517 616 2554; x_wconf 91' lang='lat' dir='ltr'>uero,</span> <span class='ocrx_word' id='word_1_258' title='bbox 641 2502 884 2546; x_wconf 91' lang='lat' dir='ltr'>nobiscum</span> <span class='ocrx_word' id='word_1_259' title='bbox 911 2510 1001 2546; x_wconf 91' lang='lat' dir='ltr'>stat</span> <span class='ocrx_word' id='word_1_260' title='bbox 1022 2491 1149 2548; x_wconf 87' lang='lat' dir='ltr'>Deus</span> <span class='ocrx_word' id='word_1_261' title='bbox 1171 2503 1475 2560; x_wconf 88' lang='lat' dir='ltr'>omnipotens,</span> <span class='ocrx_word' id='word_1_262' title='bbox 1500 2504 1710 2547; x_wconf 88' lang='lat' dir='ltr'>Christus</span> <span class='ocrx_word' id='word_1_263' title='bbox 1732 2505 1846 2560; x_wconf 88' lang='lat' dir='ltr'>Jhe-</span> 
     </span>
     <span class='ocr_line' id='line_1_31' title="bbox 202 2578 1846 2638; baseline 0.001 -17"><span class='ocrx_word' id='word_1_264' title='bbox 202 2590 306 2630; x_wconf 76' lang='lat' dir='ltr'>sus,</span> <span class='ocrx_word' id='word_1_265' title='bbox 343 2578 478 2635; x_wconf 89' lang='lat' dir='ltr'>virgo</span> <span class='ocrx_word' id='word_1_266' title='bbox 505 2578 592 2622; x_wconf 85' lang='lat' dir='ltr'>Dei</span> <span class='ocrx_word' id='word_1_267' title='bbox 622 2579 822 2636; x_wconf 86' lang='lat' dir='ltr'>genitrix</span> <span class='ocrx_word' id='word_1_268' title='bbox 859 2581 1019 2633; x_wconf 92' lang='lat' dir='ltr'>Maria,</span> <span class='ocrx_word' id='word_1_269' title='bbox 1044 2580 1197 2638; x_wconf 87' lang='lat' dir='ltr'>angeli</span> <span class='ocrx_word' id='word_1_270' title='bbox 1225 2595 1401 2637; x_wconf 90' lang='lat' dir='ltr'>omnes,</span> <span class='ocrx_word' id='word_1_271' title='bbox 1431 2595 1588 2624; x_wconf 90' lang='lat' dir='ltr'>omnes</span> <span class='ocrx_word' id='word_1_272' title='bbox 1618 2580 1762 2623; x_wconf 87' lang='lat' dir='ltr'>sancti</span> <span class='ocrx_word' id='word_1_273' title='bbox 1799 2589 1846 2624; x_wconf 91' lang='lat' dir='ltr'>et</span> 
     </span>
     <span class='ocr_line' id='line_1_32' title="bbox 206 2655 1840 2714; baseline 0.001 -17"><span class='ocrx_word' id='word_1_274' title='bbox 206 2661 396 2698; x_wconf 87' lang='lat' dir='ltr'>sanctae</span> <span class='ocrx_word' id='word_1_275' title='bbox 422 2655 631 2699; x_wconf 90' lang='lat' dir='ltr'>coelestis</span> <span class='ocrx_word' id='word_1_276' title='bbox 658 2656 846 2712; x_wconf 88' lang='lat' dir='ltr'>patriae.</span> <span class='ocrx_word' id='word_1_277' title='bbox 879 2656 1114 2702; x_wconf 88' lang='lat' dir='ltr'>Ecclesiae</span> <span class='ocrx_word' id='word_1_278' title='bbox 1136 2671 1311 2714; x_wconf 79' lang='lat' dir='ltr'>preceS,</span> <span class='ocrx_word' id='word_1_279' title='bbox 1337 2656 1574 2708; x_wconf 89' lang='lat' dir='ltr'>sacrificia,</span> <span class='ocrx_word' id='word_1_280' title='bbox 1606 2656 1840 2713; x_wconf 85' lang='lat' dir='ltr'>suffragia,</span> 
     </span>
     <span class='ocr_line' id='line_1_33' title="bbox 204 2731 1842 2790; baseline 0.001 -16"><span class='ocrx_word' id='word_1_281' title='bbox 204 2731 416 2784; x_wconf 79' lang='lat' dir='ltr'>virtutes,</span> <span class='ocrx_word' id='word_1_282' title='bbox 448 2746 502 2775; x_wconf 89' lang='lat' dir='ltr'>ac</span> <span class='ocrx_word' id='word_1_283' title='bbox 529 2733 669 2785; x_wconf 92' lang='lat' dir='ltr'>dona,</span> <span class='ocrx_word' id='word_1_284' title='bbox 693 2747 810 2788; x_wconf 90' lang='lat' dir='ltr'>quae</span> <span class='ocrx_word' id='word_1_285' title='bbox 838 2733 885 2776; x_wconf 92' lang='lat' dir='ltr'>in</span> <span class='ocrx_word' id='word_1_286' title='bbox 915 2733 1046 2777; x_wconf 92' lang='lat' dir='ltr'>nobis</span> <span class='ocrx_word' id='word_1_287' title='bbox 1076 2735 1178 2790; x_wconf 91' lang='lat' dir='ltr'>(hoc</span> <span class='ocrx_word' id='word_1_288' title='bbox 1206 2742 1276 2778; x_wconf 91' lang='lat' dir='ltr'>est</span> <span class='ocrx_word' id='word_1_289' title='bbox 1304 2734 1350 2776; x_wconf 90' lang='lat' dir='ltr'>in</span> <span class='ocrx_word' id='word_1_290' title='bbox 1379 2733 1585 2788; x_wconf 66' lang='lat' dir='ltr'>ecclesia)</span> <span class='ocrx_word' id='word_1_291' title='bbox 1611 2741 1718 2775; x_wconf 91' lang='lat' dir='ltr'>sunt</span> <span class='ocrx_word' id='word_1_292' title='bbox 1746 2747 1842 2776; x_wconf 90' lang='lat' dir='ltr'>arn-</span> 
     </span>
     <span class='ocr_line' id='line_1_34' title="bbox 204 2806 1833 2867; baseline 0 -15"><span class='ocrx_word' id='word_1_293' title='bbox 204 2806 428 2863; x_wconf 85' lang='lat' dir='ltr'>plissima,</span> <span class='ocrx_word' id='word_1_294' title='bbox 457 2808 506 2851; x_wconf 92' lang='lat' dir='ltr'>in</span> <span class='ocrx_word' id='word_1_295' title='bbox 539 2808 627 2852; x_wconf 89' lang='lat' dir='ltr'>illis</span> <span class='ocrx_word' id='word_1_296' title='bbox 659 2810 799 2852; x_wconf 90' lang='lat' dir='ltr'>nulla.</span> <span class='ocrx_word' id='word_1_297' title='bbox 829 2809 1081 2854; x_wconf 90' lang='lat' dir='ltr'>Nobiscum</span> <span class='ocrx_word' id='word_1_298' title='bbox 1110 2811 1231 2853; x_wconf 89' lang='lat' dir='ltr'>bona</span> <span class='ocrx_word' id='word_1_299' title='bbox 1258 2825 1395 2867; x_wconf 89' lang='lat' dir='ltr'>opera</span> <span class='ocrx_word' id='word_1_300' title='bbox 1428 2810 1473 2852; x_wconf 92' lang='lat' dir='ltr'>in</span> <span class='ocrx_word' id='word_1_301' title='bbox 1514 2809 1720 2862; x_wconf 90' lang='lat' dir='ltr'>Christo,</span> <span class='ocrx_word' id='word_1_302' title='bbox 1755 2824 1833 2852; x_wconf 88' lang='lat' dir='ltr'>no-</span> 
     </span>
    </p>
   </div>
   <div class='ocr_carea' id='block_1_3' title="bbox 81 2881 1842 2945">
    <p class='ocr_par' dir='ltr' id='par_1_5' title="bbox 81 2881 1842 2945">
     <span class='ocr_line' id='line_1_35' title="bbox 81 2881 1842 2945; baseline 0.001 -19"><span class='ocrx_word' id='word_1_303' title='bbox 81 2896 145 2945; x_wconf 32' lang='lat'>1¹4</span> <span class='ocrx_word' id='word_1_304' title='bbox 204 2881 382 2927; x_wconf 77' lang='lat' dir='ltr'>hiscum</span> <span class='ocrx_word' id='word_1_305' title='bbox 406 2885 573 2938; x_wconf 91' lang='lat' dir='ltr'>unitas,</span> <span class='ocrx_word' id='word_1_306' title='bbox 598 2885 837 2930; x_wconf 90' lang='lat' dir='ltr'>nobiscum</span> <span class='ocrx_word' id='word_1_307' title='bbox 858 2886 981 2930; x_wconf 91' lang='lat' dir='ltr'>orbis</span> <span class='ocrx_word' id='word_1_308' title='bbox 1003 2886 1296 2931; x_wconf 90' lang='lat' dir='ltr'>christianus.</span> <span class='ocrx_word' id='word_1_309' title='bbox 1323 2887 1426 2929; x_wconf 91' lang='lat' dir='ltr'>Illos</span> <span class='ocrx_word' id='word_1_310' title='bbox 1455 2885 1683 2930; x_wconf 89' lang='lat' dir='ltr'>sustinent</span> <span class='ocrx_word' id='word_1_311' title='bbox 1706 2886 1842 2941; x_wconf 89' lang='lat' dir='ltr'>pauci</span> 
     </span>
    </p>
   </div>
   <div class='ocr_carea' id='block_1_4' title="bbox 0 0 178 3470">
    <p class='ocr_par' dir='ltr' id='par_1_6' title="bbox 0 0 178 3470">
     <span class='ocr_line' id='line_1_36' title="bbox 0 0 178 3470; baseline 0 0"><span class='ocrx_word' id='word_1_312' title='bbox 0 0 178 3470; x_wconf 95' lang='lat' dir='ltr'> </span> 
     </span>
    </p>
   </div>
   <div class='ocr_carea' id='block_1_5' title="bbox 273 3050 895 3090">
    <p class='ocr_par' dir='ltr' id='par_1_7' title="bbox 273 3050 895 3090">
     <span class='ocr_line' id='line_1_37' title="bbox 273 3050 895 3090; baseline 0.008 -6"><span class='ocrx_word' id='word_1_313' title='bbox 273 3059 292 3076; x_wconf 73' lang='lat' dir='ltr'>a</span> <span class='ocrx_word' id='word_1_314' title='bbox 338 3050 538 3086; x_wconf 81' lang='lat' dir='ltr'>rethorica</span> <span class='ocrx_word' id='word_1_315' title='bbox 555 3062 628 3088; x_wconf 74' lang='grc' dir='ltr'>ωε.</span> <span class='ocrx_word' id='word_1_316' title='bbox 647 3051 711 3087; x_wconf 87' lang='lat' dir='ltr'>hic</span> <span class='ocrx_word' id='word_1_317' title='bbox 729 3057 770 3087; x_wconf 94' lang='lat' dir='ltr'>et</span> <span class='ocrx_word' id='word_1_318' title='bbox 786 3051 895 3090; x_wconf 79' lang='lat' dir='ltr'>alias,</span> 
     </span>
    </p>
   </div>
  </div>
 </body>
</html>
