2098 3470
310 273 380 320 346
782 276 937 312 PA’rms
960 277 1204 312 Hquouvm
1229 276 1380 313 NADAL

354 375 590 431 Legantur
613 377 800 433 regulae
820 378 960 422 semel
983 377 1028 419 in
1051 391 1207 421 mense
1229 377 1272 420 in
1303 377 1558 430 refectorio,
1583 385 1633 421 vt
1660 386 1730 422 est
1757 380 1897 424 moris

264 451 310 494 in
333 451 578 497 Societate.
605 452 786 510 Singuli
809 460 959 497 tamen
987 452 1130 506 initio,
1156 467 1259 496 cum
1291 453 1482 497 veniunt
1509 455 1566 498 ad
1594 455 1890 510 Societatem,

266 531 526 584 frequenter
547 530 719 586 legant,
744 537 790 574 et
811 544 909 574 eam
933 529 1231 585 frequentiam
1254 530 1423 574 iudicet
1444 531 1514 574 vel
1538 538 1686 575 rector
1702 533 1774 576 vel
1795 547 1892 576 ma-

264 607 408 662 gister
432 605 730 660 nouitiorum,
756 607 801 650 in
825 622 914 663 qua
936 606 1190 662 frequentia
1218 606 1584 663 perseuerabitur
1611 608 1757 653 donec
1784 623 1891 653 cen—

263 690 450 726 seantur
473 697 604 726 vsum
634 698 851 740 magnum
879 685 1048 728 habere
1076 683 1121 726 in
1151 683 1337 740 regulis:
1378 683 1541 728 deinde
1576 691 1726 740 potest
1752 685 1892 729 inter-

264 758 381 801 mitti
406 759 625 816 obligatio
649 761 944 816 frequentiae,
970 768 1018 802 vt
1041 761 1187 803 solum
1217 767 1464 804 renouetur
1492 761 1707 805 memoria
1733 761 1894 819 singu-

265 835 319 878 lis
342 836 593 889 mensibus,
617 844 666 879 vt
688 838 754 880 fit.

353 914 517 956 Posset
553 913 688 957 etiam
727 914 929 958 reuocari
968 913 1223 969 frequentia
1255 913 1421 969 aliqua,
1452 914 1489 957 si
1526 914 1790 958 viderentur
1820 916 1892 959 vel

262 989 396 1032 obliti
418 991 491 1034 vel
513 1005 605 1033 non
628 1005 728 1035 esse
751 999 841 1035 tam
864 991 1107 1047 diligentes
1128 990 1175 1033 in
1197 990 1370 1047 regulis
1391 991 1742 1037 obseruandis...

353 1068 424 1110 Ne
441 1067 520 1110 fiat
542 1067 832 1111 subminister
854 1067 1071 1120 nouitius,
1097 1050 1359 1124 praesertim
1383 1067 1480 1111 sine
1501 1068 1637 1113 votis.

355 1145 581 1200 Tempore
604 1140 894 1189 recreationis
923 1145 1076 1187 nullus
1107 1159 1132 1188 e
1155 1143 1321 1187 nostris
1354 1152 1603 1201 occupetur
1633 1159 1736 1188 cum
1768 1159 1892 1189 com-

265 1220 545 1264 mensalibus
566 1220 613 1264 in
637 1220 998 1277 repetitionibus.

354 1296 560 1342 Minister
580 1312 670 1341 non
694 1298 879 1342 habebit
901 1297 1187 1342 autoritatem
1209 1298 1256 1341 in
1273 1299 1457 1341 domum
1481 1298 1795 1342 conuictorum
1813 1299 1892 1343 ali-

263 1388 414 1430 quam3
446 1374 611 1431 poterit
650 1375 828 1431 quidem
863 1376 1060 1419 inuisere
1097 1382 1142 1419 et
1174 1375 1343 1419 referre
1374 1376 1431 1418 ad
1459 1381 1699 1419 rectorem.
1726 1377 1893 1420 Rector

201 1505 206 1510 ⁵
261 1451 538 1508 praescribet
561 1453 794 1508 praefecto
816 1452 1204 1505 commensalium,
1230 1452 1351 1509 quod
1373 1451 1602 1496 videbitur
1622 1452 1668 1495 in
1697 1452 1893 1496 Domino

261 1527 678 1585 praescribendum.

350 1608 533 1651 Fratres
561 1621 619 1650 ne
647 1607 805 1649 ludant
841 1606 946 1662 pila,
980 1606 1361 1661 quemadmodum
1394 1607 1531 1650 Pater
1568 1606 1795 1662 generalis
1823 1621 1893 1650 re-

262 1683 447 1739 spondit
463 1698 517 1727 ea
539 1698 630 1727 non
652 1698 752 1728 esse
773 1684 1021 1727 ludendum
1043 1682 1129 1726 nisi
1154 1681 1511 1725 valetudinariis:
1533 1689 1684 1727 tamen
1706 1697 1762 1727 ex
1779 1697 1893 1727 con-

265 1760 365 1803 silio
388 1760 552 1804 medici
568 1760 734 1817 poterit
751 1759 1016 1816 dispensari.
1040 1761 1109 1804 De
1125 1760 1234 1803 ludo
1255 1760 1506 1811 damarum,
1527 1759 1892 1815 quandoquidem

246 1835 315 1881 P.
342 1837 519 1882 Natalis
539 1837 649 1881 dicit
671 1852 720 1882 se
743 1852 834 1880 non
856 1838 1025 1881 habere
1052 1837 1326 1893 exemplum,
1352 1836 1616 1879 consulatur
1645 1838 1782 1881 Pater
1809 1851 1893 1894 ge-

263 1914 445 1959 neralis.

350 1990 638 2036 Adhibeatur
659 2004 837 2043 censor,
859 2005 963 2033 cum
988 1992 1149 2034 fratres
1171 1991 1350 2042 ludunt,
1371 1990 1469 2034 siue
1485 1990 1623 2043 domi,
1643 1989 1741 2035 siue
1765 1990 1890 2044 foris,

261 2068 308 2110 in
331 2068 503 2125 campis
526 2074 572 2114 et
588 2067 824 2111 secretius.

350 2145 544 2189 Videtur
561 2159 662 2190 esse
681 2144 953 2187 vestibulum
970 2144 1278 2189 adhibendum
1300 2144 1485 2188 vltimae
1501 2143 1666 2187 ianuae
1689 2143 1889 2200 collegii,

251 2227 310 2264 'vt
333 2229 541 2266 arceatur
564 2221 736 2278 pluuia,
757 2221 794 2264 si
817 2221 893 2276 qui
911 2221 1095 2264 venient
1111 2222 1168 2264 ad
1185 2221 1447 2277 collegium,
1468 2235 1552 2264 nec
1575 2234 1814 2265 necessum
1836 2219 1895 2263 sit

261 2299 364 2342 illos
386 2299 642 2342 admittere.
669 2300 771 2342 Hoc
794 2298 830 2341 si
854 2299 948 2350 fiet,
974 2298 1087 2341 nihil
1107 2298 1192 2342 erit
1215 2304 1493 2354 quapropter
1517 2297 1729 2342 mulieres
1757 2296 1893 2341 etiam

260 2376 316 2420 ad
338 2375 534 2432 primum
558 2382 754 2432 septum,
781 2376 836 2418 ad
859 2376 983 2430 quod
1005 2390 1062 2418 an
1085 2374 1263 2431 possint
1286 2374 1461 2418 admitti
1486 2374 1699 2419 mulieres
1727 2387 1895 2417 consu-

261 2453 381 2496 latur
405 2454 542 2496 Pater
564 2452 805 2510 generalis.

350 2530 634 2587 Designetur
670 2544 751 2586 pro
788 2529 1118 2572 valetudinario
1154 2528 1391 2584 antiquum
1427 2528 1739 2581 refectorium,
1771 2529 1893 2583 quod

261 2605 458 2649 dicimus
478 2606 721 2659 licenciati,
746 2613 792 2649 et
813 2606 918 2648 alibi
950 2607 1203 2649 habeantur
1231 2604 1332 2647 libri
1360 2619 1640 2657 communes,
1666 2604 1754 2648 nisi
1782 2618 1894 2648 con-

262 2683 410 2726 sultus
448 2683 653 2727 medicus
689 2690 872 2726 censeat
914 2683 1063 2725 locum
1103 2697 1195 2726 non
1232 2695 1332 2726 esse
1368 2682 1656 2725 commodum
1698 2695 1781 2738 pro
1822 2681 1894 2724 in-

263 2759 424 2805 firmis.

354 2837 679 2892 Locupletetur
701 2836 956 2879 communis
977 2835 1271 2892 bibliotheca,
1298 2842 1343 2879 et
1370 2849 1459 2878 non
1489 2835 1635 2878 solum
1666 2833 1813 2878 lexica
1849 2841 1895 2877 et

261 2965 497 3006 potestatem
515 2961 592 2996 sibi
610 2960 753 2996 factam
772 2971 794 2995 a
812 2960 984 2995 secunda
1009 2958 1316 3006 congregatione
1339 2958 1530 3005 generali,
1554 2957 1660 2993 decr.
1691 2948 1760 3003 41,
1777 2956 1894 2993 intro-

261 3019 432 3065 ductam,
452 3020 611 3056 omnino
633 3019 891 3057 retinendam.
918 3018 980 3056 Cf.
1011 3020 1248 3054 lnstitutum
1275 3019 1361 3055 Soc.
1378 3018 1479 3065 Jesu
1498 3016 1748 3062 (Florentiae,
1773 3014 1894 3062 1893),

261 3079 314 3125 11,
340 3079 422 3124 248.
443 3079 542 3115 Vide
561 3090 689 3126 supra,
709 3089 798 3125 pag.
819 3086 901 3124 250,
921 3083 1053 3114 annot.
1077 3087 1107 3113 Ι.
