2098 3470
836 241 1173 276 Insrnuerioxes
1180 237 1263 274 -61
1754 237 1824 285 365

237 340 310 384 uis
335 355 491 384 eorum
520 340 817 384 ministerium
841 341 1036 397 pendeat
1064 355 1089 383 a
1120 339 1381 396 particulari
1403 339 1703 401 instructione
1726 354 1872 396 gene-

238 417 344 460 ralis
366 417 624 474 praepositi,
650 424 841 474 possunt
863 424 1013 473 tamen
1038 403 1258 460 nonnulla
1280 415 1506 468 annotari,
1528 430 1643 471 quae
1662 431 1872 459 commu-

238 493 355 538 niter
379 494 538 539 iuuare
564 501 777 551 poterunt
805 490 1180 537 commissarium.
1215 493 1352 538 Varia
1380 493 1563 548 quidem
1593 508 1692 537 esse
1723 501 1871 550 potest

236 570 351 614 ratio
369 571 793 624 commissariorum3
813 571 870 614 de
892 585 948 613 eo
966 578 1119 616 tamen
1141 585 1328 627 genere,
1351 571 1473 626 quod
1495 570 1720 613 hactenus
1737 578 1806 614 est
1822 570 1870 613 in

236 648 468 692 Societate
490 648 720 700 vsitatum,
746 649 941 691 dicetur.

325 725 540 768 Officium
571 724 712 781 igitur
742 725 1038 768 commissarii
1074 725 1122 767 in
1157 727 1244 768 hoc
1281 723 1481 781 positum
1518 731 1610 776 est,
1651 726 1772 779 quod
1810 725 1868 767 ad

235 801 493 844 communia
514 801 692 854 attinet,
718 801 771 858 (si
793 801 1064 858 compendio
1086 801 1330 844 dicendum
1354 802 1438 858 est)
1456 809 1505 843 vt
1522 801 1869 857 superintendat

236 878 418 921 nomine
445 878 670 935 generalis
692 878 934 935 praepositi
963 878 1253 935 pro2uinciae
1281 879 1355 923 vel
1375 878 1624 935 prouinciis
1653 878 1716 920 illi
1746 893 1870 921 com-

237 954 386 998 missis
406 963 453 998 et
473 969 630 998 eorum
653 955 1006 1011 prouincialibus
1028 963 1074 1000 et
1096 955 1194 999 aliis
1221 955 1433 998 omnibus
1460 957 1534 998 vel
1561 956 1767 1012 personis
1798 956 1869 999 vel

236 1024 389 1084 rebus,
420 1038 466 1075 et
493 1032 618 1076 vniat
644 1035 758 1076 haec
780 1033 897 1076 inter
918 1047 984 1085 se,
1009 1040 1055 1076 et
1076 1047 1180 1075 cum
1202 1032 1406 1089 generali
1430 1033 1684 1089 praeposito
1708 1047 1760 1075 ac
1784 1034 1870 1077 So-

233 1108 412 1152 cietate:
438 1123 510 1152 res
532 1124 656 1164 vero,
683 1125 794 1166 quas
816 1109 878 1152 illi
901 1100 1232 1166 particulariter
1254 1110 1531 1154 commiserit
1549 1109 1793 1167 generalis,
1819 1117 1868 1152 vt

216 1176 217 1179 ¹
235 1191 397 1228 tractet
417 1185 672 1242 diligenter.

305 1261 554 1311 ,Diuiditur
575 1271 726 1306 autem
750 1263 1044 1307 commissarii
1066 1263 1264 1307 officium
1287 1263 1333 1306 in
1355 1265 1470 1307 duas
1490 1271 1660 1321 partes:
1686 1279 1777 1307 vna
1800 1272 1870 1309 est

233 1337 320 1382 sita
340 1338 388 1381 in
410 1338 682 1384 visitatione:
708 1340 793 1383 alia
815 1340 861 1383 in
889 1341 1236 1397 gubernatione.
1268 1340 1386 1384 Nam
1417 1348 1525 1384 sunt
1552 1341 1867 1393 commissarii,

233 1415 314 1470 qui
334 1422 385 1458 vt
407 1415 663 1459 visitatores
687 1417 945 1470 mittuntur,
974 1426 1035 1468 et,
1060 1417 1253 1461 visitatis
1274 1417 1540 1474 prouinciis,
1566 1418 1726 1460 nullibi
1756 1418 1868 1462 resi-

231 1493 358 1546 dent3
385 1494 465 1536 sed
487 1494 680 1538 redeunt
702 1495 759 1537 ad
782 1496 1059 1551 generalem.

321 1569 428 1623 Alii,
452 1570 646 1614 visitatis
667 1571 933 1628 prouinciis,
958 1587 1013 1615 ex
1036 1572 1144 1628 ipsis
1165 1587 1256 1615 non
1279 1573 1525 1617 decedunt.

321 1647 500 1704 Scripta
521 1655 628 1691 sunt
645 1650 762 1693 haec
779 1656 885 1692 ante
903 1650 1375 1706 2.³0·congregationis
1392 1665 1631 1704 canonem,
1653 1659 1698 1694 et
1715 1658 1867 1695 tamen

232 1723 346 1766 nihil
366 1732 575 1782 pugnant
597 1739 700 1768 curn
723 1726 800 1769 illo
829 1737 877 1781 15
902 1740 1078 1771 canone
1103 1728 1130 1770 ¹.
1159 1726 1208 1771 Si
1223 1727 1432 1772 videatur
1449 1729 1706 1784 praeposito
1724 1742 1867 1785 gene·
1929 1736 1935 1740 ’

232 1801 330 1854 rali,
355 1811 404 1844 vt
431 1810 533 1858 post
561 1802 862 1846 visitationem
892 1804 1228 1848 commissarius
1256 1804 1408 1860 aliquo
1435 1812 1640 1862 tempore
1671 1806 1867 1850 resideat

231 1877 277 1922 in
300 1878 549 1934 prouincia,
573 1887 619 1923 et
640 1879 703 1922 illi
731 1880 1091 1937 superintendat,
1125 1881 1163 1924 si
1190 1895 1282 1925 non
1310 1882 1499 1934 diutius,
1531 1883 1691 1927 saltem
1720 1884 1867 1927 donec

232 1970 302 2008 ea,
331 1969 449 2011 quae
479 1957 782 2013 praescripsit,
818 1957 969 2002 videat
1001 1973 1101 2002 esse
1133 1958 1391 2002 executioni
1428 1961 1666 2013 mandata;
1699 1960 1866 2004 etenim

172 2047 174 2049 ’
231 2033 310 2077 fiet
332 2033 361 2077 3
384 2034 473 2076 hoc
494 2048 586 2076 non
608 2034 706 2078 sine
727 2036 998 2080 necessitate
1019 2037 1092 2079 vel
1114 2037 1269 2093 magni
1288 2037 1505 2081 momenti
1526 2037 1737 2091 vtilitate;
1764 2037 1866 2093 qui-

231 2110 318 2153 bus
338 2110 600 2154 nominibus
621 2127 677 2156 ex
698 2113 857 2156 eodem
879 2127 1055 2158 canone
1076 2114 1243 2171 alioqui
1267 2114 1622 2168 commissarius,
1654 2115 1732 2170 qui
1756 2115 1865 2158 resi-

230 2187 351 2239 deat,
375 2186 550 2230 institui
573 2202 599 2231 a
620 2189 822 2244 generali
844 2197 1010 2246 potest,
1032 2190 1110 2246 q'ui
1131 2206 1214 2235 suo
1231 2191 1379 2235 officio
1401 2192 1759 2236 extraordinario
1782 2192 1866 2235 do-

169 2306 174 2313 ,
231 2277 316 2306 nec
335 2263 522 2307 arbitrio
543 2266 770 2321 generalis
792 2280 956 2310 causae
979 2267 1037 2311 sit
1058 2267 1340 2311 satisfactum
1363 2276 1549 2325 propter
1565 2283 1700 2324 quam
1718 2269 1866 2313 fuerat

230 2339 496 2397 designatus
527 2342 794 2401 [fungatur]

319 2408 627 2462 Commissarii
649 2419 846 2464 visitatio
868 2422 924 2464 ad
948 2423 1034 2464 hoc
1056 2429 1248 2478 spectat,
1269 2431 1333 2476 vt,
1354 2422 1479 2466 iuxta
1501 2422 1760 2465 institutum
1779 2423 1864 2466 So-

164 2536 173 2548 ,
230 2492 407 2539 cietatis
434 2502 480 2538 et
507 2496 733 2551 generalis
755 2498 998 2554 praepositi
1024 2498 1387 2552 instructionem,
1414 2499 1656 2555 intelligat,
1684 2507 1729 2541 et
1757 2512 1865 2554 pro—

193 2631 196 2633 *
229 2569 405 2626 spiciat,
430 2586 538 2615 num
561 2573 726 2626 omnia,
748 2589 865 2629 quae
886 2575 931 2618 in
956 2575 1191 2632 prouincia
1213 2578 1287 2621 vel
1309 2584 1410 2619 acta
1432 2584 1540 2618 sunt
1567 2577 1640 2620 vel
1663 2582 1866 2631 aguntur

230 2661 256 2690 a
287 2648 470 2703 nostris,
505 2657 630 2695 recte
659 2658 705 2694 et
726 2651 884 2696 ordine
905 2654 1120 2706 habeant,
1146 2661 1196 2696 vt
1218 2669 1334 2710 quae
1358 2655 1475 2698 bene
1497 2654 1667 2695 habent
1695 2652 1864 2694 confir-

229 2731 340 2779 met,
364 2732 410 2769 et
430 2727 608 2781 probet,
634 2734 771 2784 atque
798 2729 845 2771 in
869 2729 1029 2773 melius
1051 2732 1292 2786 prouehat3
1320 2745 1435 2785 quae
1459 2744 1607 2780 secus,
1639 2736 1688 2770 vt
1710 2742 1763 2770 ea
1792 2744 1863 2771 re-

229 2809 364 2844 uocet
391 2803 448 2845 ad
470 2805 656 2859 perfecti
684 2805 878 2848 instituti
902 2807 1256 2860 obseruantiam,
1285 2808 1434 2863 quoad
1456 2806 1554 2849 eius
1582 2805 1679 2848 fieri
1702 2804 1860 2861 possit.

316 2878 461 2934 Igitur
491 2887 735 2936 antequam
767 2883 920 2926 veniat
952 2884 1009 2926 ad
1041 2884 1237 2939 aliquam
1270 2883 1568 2940 prouinciam,
1607 2881 1774 2925 scribat
1806 2881 1864 2922 ad

302 2987 311 3005 ⁴
362 2986 407 3021 In
425 2986 597 3023 editione
614 2989 798 3024 Instituti
817 2990 1136 3036 Societatissesu
1156 2990 1408 3035 (Florentiae,
1431 2988 1648 3034 1892-1893)
1662 2988 1725 3023 hic
1739 2998 1863 3023 canon

227 3044 303 3079 sub
320 3055 359 3079 n.
379 3043 424 3089 35
442 3047 611 3091 positum
631 3053 705 3092 est3
726 3048 843 3093 unde,
863 3049 962 3084 forte
981 3061 1110 3084 errore
1128 3050 1286 3096 librarii,
1312 3058 1353 3094 15
1372 3060 1440 3095 pro
1459 3047 1503 3092 35
1523 3048 1708 3094 seriptum
1728 3053 1800 3083 est.
