<?xml version="1.0" encoding="UTF-8"?>
<!DOCTYPE html PUBLIC "-//W3C//DTD XHTML 1.0 Transitional//EN"
    "http://www.w3.org/TR/xhtml1/DTD/xhtml1-transitional.dtd">
<html xmlns="http://www.w3.org/1999/xhtml" xml:lang="en" lang="en">
 <head>
  <title>
</title>
<meta http-equiv="Content-Type" content="text/html;charset=utf-8" />
  <meta name='ocr-system' content='tesseract 3.04.00' />
  <meta name='ocr-capabilities' content='ocr_page ocr_carea ocr_par ocr_line ocrx_word'/>
</head>
<body>
  <div class='ocr_page' id='page_1' title='image "./epistolaephieron04nadauoft_0379.png"; bbox 0 0 2098 3470; ppageno 0'>
   <div class='ocr_carea' id='block_1_1' title="bbox 0 994 116 3470">
    <p class='ocr_par' dir='ltr' id='par_1_1' title="bbox 0 994 116 3470">
     <span class='ocr_line' id='line_1_1' title="bbox 0 994 116 3470; baseline 0 0"><span class='ocrx_word' id='word_1_1' title='bbox 0 994 116 3470; x_wconf 95' lang='lat' dir='ltr'><strong> </strong></span> 
     </span>
    </p>
   </div>
   <div class='ocr_carea' id='block_1_2' title="bbox 0 0 873 294">
    <p class='ocr_par' dir='ltr' id='par_1_2' title="bbox 0 0 873 294">
     <span class='ocr_line' id='line_1_2' title="bbox 0 0 873 294; baseline 0 0"><span class='ocrx_word' id='word_1_2' title='bbox 0 0 873 294; x_wconf 95' lang='lat' dir='ltr'><strong>  </strong></span> 
     </span>
    </p>
   </div>
   <div class='ocr_carea' id='block_1_3' title="bbox 535 222 1795 294">
    <p class='ocr_par' dir='ltr' id='par_1_3' title="bbox 535 222 1795 294">
     <span class='ocr_line' id='line_1_3' title="bbox 535 222 1795 294; baseline -0.004 -6"><span class='ocrx_word' id='word_1_3' title='bbox 535 251 812 288; x_wconf 70' lang='lat' dir='ltr'><strong>Mommn</strong></span> <span class='ocrx_word' id='word_1_4' title='bbox 837 257 1097 288; x_wconf 68' lang='lat' dir='ltr'><strong>rnovmcmss</strong></span> <span class='ocrx_word' id='word_1_5' title='bbox 1119 249 1414 286; x_wconf 65' lang='lat' dir='ltr'><strong>annnmz—</strong></span> <span class='ocrx_word' id='word_1_6' title='bbox 1418 256 1463 294; x_wconf 89' lang='lat'><strong>57</strong></span> <span class='ocrx_word' id='word_1_7' title='bbox 1724 222 1795 294; x_wconf 62' lang='lat'><strong>353</strong></span> 
     </span>
    </p>
   </div>
   <div class='ocr_carea' id='block_1_4' title="bbox 168 349 1840 3019">
    <p class='ocr_par' dir='ltr' id='par_1_4' title="bbox 203 349 1840 628">
     <span class='ocr_line' id='line_1_4' title="bbox 205 349 1839 406; baseline -0.003 -9"><span class='ocrx_word' id='word_1_8' title='bbox 205 353 437 406; x_wconf 77' lang='lat' dir='ltr'><strong>voletire,</strong></span> <span class='ocrx_word' id='word_1_9' title='bbox 469 367 554 398; x_wconf 89' lang='lat' dir='ltr'><strong>nec</strong></span> <span class='ocrx_word' id='word_1_10' title='bbox 581 366 667 396; x_wconf 87' lang='lat' dir='ltr'><strong>nos</strong></span> <span class='ocrx_word' id='word_1_11' title='bbox 692 351 991 397; x_wconf 85' lang='lat' dir='ltr'><strong>retinebimus</strong></span> <span class='ocrx_word' id='word_1_12' title='bbox 1018 365 1124 394; x_wconf 89' lang='lat' dir='ltr'><strong>eum</strong></span> <span class='ocrx_word' id='word_1_13' title='bbox 1151 350 1238 394; x_wconf 93' lang='lat' dir='ltr'><strong>sub</strong></span> <span class='ocrx_word' id='word_1_14' title='bbox 1267 365 1322 395; x_wconf 90' lang='lat' dir='ltr'><strong>ea</strong></span> <span class='ocrx_word' id='word_1_15' title='bbox 1349 349 1621 394; x_wconf 85' lang='lat' dir='ltr'><strong>conditione.</strong></span> <span class='ocrx_word' id='word_1_16' title='bbox 1651 351 1709 393; x_wconf 90' lang='lat' dir='ltr'><strong>Et</strong></span> <span class='ocrx_word' id='word_1_17' title='bbox 1740 350 1839 393; x_wconf 91' lang='lat' dir='ltr'><strong>fieri</strong></span> 
     </span>
     <span class='ocr_line' id='line_1_5' title="bbox 203 427 1840 488; baseline -0.002 -14"><span class='ocrx_word' id='word_1_18' title='bbox 203 437 372 488; x_wconf 90' lang='lat' dir='ltr'><strong>potest,</strong></span> <span class='ocrx_word' id='word_1_19' title='bbox 412 437 461 473; x_wconf 93' lang='lat' dir='ltr'><strong>vt</strong></span> <span class='ocrx_word' id='word_1_20' title='bbox 491 429 567 475; x_wconf 89' lang='lat' dir='ltr'><strong>ille</strong></span> <span class='ocrx_word' id='word_1_21' title='bbox 597 429 791 473; x_wconf 76' lang='lat' dir='ltr'><strong>decedat</strong></span> <span class='ocrx_word' id='word_1_22' title='bbox 817 429 875 472; x_wconf 91' lang='lat' dir='ltr'><strong>ad</strong></span> <span class='ocrx_word' id='word_1_23' title='bbox 901 428 1035 473; x_wconf 89' lang='lat' dir='ltr'><strong>aliam</strong></span> <span class='ocrx_word' id='word_1_24' title='bbox 1061 427 1356 485; x_wconf 86' lang='lat' dir='ltr'><strong>prouintiam,</strong></span> <span class='ocrx_word' id='word_1_25' title='bbox 1395 433 1484 470; x_wconf 89' lang='lat' dir='ltr'><strong>etc.</strong></span> <span class='ocrx_word' id='word_1_26' title='bbox 1526 427 1703 472; x_wconf 81' lang='lat' dir='ltr'><strong>Interea</strong></span> <span class='ocrx_word' id='word_1_27' title='bbox 1741 427 1840 471; x_wconf 90' lang='lat' dir='ltr'><strong>eius</strong></span> 
     </span>
     <span class='ocr_line' id='line_1_6' title="bbox 203 504 1840 563; baseline -0.002 -13"><span class='ocrx_word' id='word_1_28' title='bbox 203 507 426 550; x_wconf 88' lang='lat' dir='ltr'><strong>habeatur</strong></span> <span class='ocrx_word' id='word_1_29' title='bbox 452 521 577 559; x_wconf 91' lang='lat' dir='ltr'><strong>cura,</strong></span> <span class='ocrx_word' id='word_1_30' title='bbox 609 514 823 563; x_wconf 83' lang='lat' dir='ltr'><strong>tanquam</strong></span> <span class='ocrx_word' id='word_1_31' title='bbox 851 506 909 550; x_wconf 91' lang='lat' dir='ltr'><strong>de</strong></span> <span class='ocrx_word' id='word_1_32' title='bbox 937 505 1091 558; x_wconf 85' lang='lat' dir='ltr'><strong>fratre,</strong></span> <span class='ocrx_word' id='word_1_33' title='bbox 1121 511 1167 548; x_wconf 90' lang='lat' dir='ltr'><strong>et</strong></span> <span class='ocrx_word' id='word_1_34' title='bbox 1188 504 1477 561; x_wconf 83' lang='lat' dir='ltr'><strong>dispensetur</strong></span> <span class='ocrx_word' id='word_1_35' title='bbox 1508 518 1612 547; x_wconf 89' lang='lat' dir='ltr'><strong>cum</strong></span> <span class='ocrx_word' id='word_1_36' title='bbox 1641 505 1757 561; x_wconf 90' lang='lat' dir='ltr'><strong>ipso,</strong></span> <span class='ocrx_word' id='word_1_37' title='bbox 1791 510 1840 546; x_wconf 88' lang='lat' dir='ltr'><strong>vt</strong></span> 
     </span>
     <span class='ocr_line' id='line_1_7' title="bbox 203 582 790 628; baseline -0.003 -1"><span class='ocrx_word' id='word_1_38' title='bbox 203 584 413 628; x_wconf 86' lang='lat' dir='ltr'><strong>comedat</strong></span> <span class='ocrx_word' id='word_1_39' title='bbox 433 598 539 627; x_wconf 90' lang='lat' dir='ltr'><strong>cum</strong></span> <span class='ocrx_word' id='word_1_40' title='bbox 561 582 790 626; x_wconf 84' lang='lat' dir='ltr'><strong>fratribus.</strong></span> 
     </span>
    </p>

    <p class='ocr_par' dir='ltr' id='par_1_5' title="bbox 168 657 1837 870">
     <span class='ocr_line' id='line_1_8' title="bbox 294 657 1834 715; baseline -0.003 -11"><span class='ocrx_word' id='word_1_41' title='bbox 294 662 346 704; x_wconf 88' lang='lat' dir='ltr'><strong>P.</strong></span> <span class='ocrx_word' id='word_1_42' title='bbox 386 659 666 705; x_wconf 85' lang='lat' dir='ltr'><strong>Godefridus</strong></span> <span class='ocrx_word' id='word_1_43' title='bbox 701 658 969 703; x_wconf 87' lang='lat' dir='ltr'><strong>retinebitur</strong></span> <span class='ocrx_word' id='word_1_44' title='bbox 1001 658 1048 701; x_wconf 89' lang='lat' dir='ltr'><strong>in</strong></span> <span class='ocrx_word' id='word_1_45' title='bbox 1085 672 1140 701; x_wconf 91' lang='lat' dir='ltr'><strong>eo</strong></span> <span class='ocrx_word' id='word_1_46' title='bbox 1178 657 1362 715; x_wconf 92' lang='lat' dir='ltr'><strong>oppido,</strong></span> <span class='ocrx_word' id='word_1_47' title='bbox 1401 657 1478 700; x_wconf 90' lang='lat' dir='ltr'><strong>vbi</strong></span> <span class='ocrx_word' id='word_1_48' title='bbox 1516 658 1834 715; x_wconf 81' lang='lat' dir='ltr'><strong>concionatur,</strong></span> 
     </span>
     <span class='ocr_line' id='line_1_9' title="bbox 201 735 1833 794; baseline -0.001 -14"><span class='ocrx_word' id='word_1_49' title='bbox 201 738 349 782; x_wconf 90' lang='lat' dir='ltr'><strong>donec</strong></span> <span class='ocrx_word' id='word_1_50' title='bbox 369 753 451 794; x_wconf 89' lang='lat' dir='ltr'><strong>per</strong></span> <span class='ocrx_word' id='word_1_51' title='bbox 472 737 713 782; x_wconf 88' lang='lat' dir='ltr'><strong>sanitatem</strong></span> <span class='ocrx_word' id='word_1_52' title='bbox 734 736 935 793; x_wconf 85' lang='lat' dir='ltr'><strong>episcopi</strong></span> <span class='ocrx_word' id='word_1_53' title='bbox 955 735 1099 793; x_wconf 88' lang='lat' dir='ltr'><strong>possit</strong></span> <span class='ocrx_word' id='word_1_54' title='bbox 1120 736 1240 792; x_wconf 90' lang='lat' dir='ltr'><strong>apud</strong></span> <span class='ocrx_word' id='word_1_55' title='bbox 1267 735 1394 779; x_wconf 91' lang='lat' dir='ltr'><strong>illum</strong></span> <span class='ocrx_word' id='word_1_56' title='bbox 1415 735 1566 778; x_wconf 89' lang='lat' dir='ltr'><strong>curari</strong></span> <span class='ocrx_word' id='word_1_57' title='bbox 1589 742 1637 777; x_wconf 90' lang='lat' dir='ltr'><strong>ut</strong></span> <span class='ocrx_word' id='word_1_58' title='bbox 1661 736 1833 780; x_wconf 88' lang='lat' dir='ltr'><strong>redeat:</strong></span> 
     </span>
     <span class='ocr_line' id='line_1_10' title="bbox 168 812 1837 870; baseline -0.002 -12"><span class='ocrx_word' id='word_1_59' title='bbox 168 842 175 849; x_wconf 90' lang='lat'><strong>·</strong></span> <span class='ocrx_word' id='word_1_60' title='bbox 201 829 308 858; x_wconf 90' lang='lat' dir='ltr'><strong>cum</strong></span> <span class='ocrx_word' id='word_1_61' title='bbox 331 814 529 868; x_wconf 87' lang='lat' dir='ltr'><strong>redierit,</strong></span> <span class='ocrx_word' id='word_1_62' title='bbox 553 813 679 858; x_wconf 85' lang='lat' dir='ltr'><strong>dabit</strong></span> <span class='ocrx_word' id='word_1_63' title='bbox 698 819 879 870; x_wconf 87' lang='lat' dir='ltr'><strong>operam</strong></span> <span class='ocrx_word' id='word_1_64' title='bbox 903 812 1178 869; x_wconf 85' lang='lat' dir='ltr'><strong>theologiae.</strong></span> <span class='ocrx_word' id='word_1_65' title='bbox 1202 814 1378 856; x_wconf 88' lang='lat' dir='ltr'><strong>Interea</strong></span> <span class='ocrx_word' id='word_1_66' title='bbox 1399 813 1508 855; x_wconf 92' lang='lat' dir='ltr'><strong>dum</strong></span> <span class='ocrx_word' id='word_1_67' title='bbox 1531 812 1620 855; x_wconf 89' lang='lat' dir='ltr'><strong>illic</strong></span> <span class='ocrx_word' id='word_1_68' title='bbox 1644 821 1730 865; x_wconf 87' lang='lat' dir='ltr'><strong>est,</strong></span> <span class='ocrx_word' id='word_1_69' title='bbox 1754 814 1837 854; x_wconf 88' lang='lat' dir='ltr'><strong>ha-</strong></span> 
     </span>
    </p>

    <p class='ocr_par' dir='ltr' id='par_1_6' title="bbox 202 883 1838 1020">
     <span class='ocr_line' id='line_1_11' title="bbox 202 883 1838 951; baseline -0.002 -17"><span class='ocrx_word' id='word_1_70' title='bbox 202 892 309 936; x_wconf 88' lang='lat' dir='ltr'><strong>beat</strong></span> <span class='ocrx_word' id='word_1_71' title='bbox 329 883 603 948; x_wconf 80' lang='lat' dir='ltr'><strong>peculiarem</strong></span> <span class='ocrx_word' id='word_1_72' title='bbox 624 905 779 951; x_wconf 76' lang='lat' dir='ltr'><strong>curam</strong></span> <span class='ocrx_word' id='word_1_73' title='bbox 796 890 916 934; x_wconf 90' lang='lat' dir='ltr'><strong>illius</strong></span> <span class='ocrx_word' id='word_1_74' title='bbox 934 889 1232 947; x_wconf 89' lang='lat' dir='ltr'><strong>prouintialis‚</strong></span> <span class='ocrx_word' id='word_1_75' title='bbox 1252 898 1297 934; x_wconf 90' lang='lat' dir='ltr'><strong>et</strong></span> <span class='ocrx_word' id='word_1_76' title='bbox 1314 903 1419 932; x_wconf 91' lang='lat' dir='ltr'><strong>eum</strong></span> <span class='ocrx_word' id='word_1_77' title='bbox 1437 889 1691 933; x_wconf 88' lang='lat' dir='ltr'><strong>committat</strong></span> <span class='ocrx_word' id='word_1_78' title='bbox 1714 889 1838 932; x_wconf 89' lang='lat' dir='ltr'><strong>Patri</strong></span> 
     </span>
     <span class='ocr_line' id='line_1_12' title="bbox 202 966 992 1020; baseline -0.003 -8"><span class='ocrx_word' id='word_1_79' title='bbox 202 968 422 1020; x_wconf 87' lang='lat' dir='ltr'><strong>Henrieo,</strong></span> <span class='ocrx_word' id='word_1_80' title='bbox 447 968 486 1011; x_wconf 90' lang='lat' dir='ltr'><strong>si</strong></span> <span class='ocrx_word' id='word_1_81' title='bbox 506 968 633 1011; x_wconf 85' lang='lat' dir='ltr'><strong>iuxta</strong></span> <span class='ocrx_word' id='word_1_82' title='bbox 654 967 780 1016; x_wconf 87' lang='lat' dir='ltr'><strong>illum</strong></span> <span class='ocrx_word' id='word_1_83' title='bbox 803 966 992 1012; x_wconf 88' lang='lat' dir='ltr'><strong>habitet.</strong></span> 
     </span>
    </p>

    <p class='ocr_par' dir='ltr' id='par_1_7' title="bbox 201 1042 1835 1254">
     <span class='ocr_line' id='line_1_13' title="bbox 291 1042 1835 1100; baseline -0.003 -11"><span class='ocrx_word' id='word_1_84' title='bbox 291 1047 355 1089; x_wconf 89' lang='lat' dir='ltr'><strong>M.</strong></span> <span class='ocrx_word' id='word_1_85' title='bbox 387 1045 617 1089; x_wconf 90' lang='lat' dir='ltr'><strong>Henricus</strong></span> <span class='ocrx_word' id='word_1_86' title='bbox 647 1043 958 1088; x_wconf 88' lang='lat' dir='ltr'><strong>dionantensis</strong></span> <span class='ocrx_word' id='word_1_87' title='bbox 979 1044 1058 1088; x_wconf 90' lang='lat' dir='ltr'><strong>det</strong></span> <span class='ocrx_word' id='word_1_88' title='bbox 1085 1057 1267 1100; x_wconf 87' lang='lat' dir='ltr'><strong>operam</strong></span> <span class='ocrx_word' id='word_1_89' title='bbox 1298 1043 1571 1100; x_wconf 84' lang='lat' dir='ltr'><strong>theologiae:</strong></span> <span class='ocrx_word' id='word_1_90' title='bbox 1603 1043 1687 1087; x_wconf 92' lang='lat' dir='ltr'><strong>erit</strong></span> <span class='ocrx_word' id='word_1_91' title='bbox 1716 1042 1835 1085; x_wconf 82' lang='lat' dir='ltr'><strong>iudi-</strong></span> 
     </span>
     <span class='ocr_line' id='line_1_14' title="bbox 201 1119 1835 1179; baseline -0.002 -14"><span class='ocrx_word' id='word_1_92' title='bbox 201 1121 315 1165; x_wconf 89' lang='lat' dir='ltr'><strong>tium</strong></span> <span class='ocrx_word' id='word_1_93' title='bbox 334 1121 633 1179; x_wconf 86' lang='lat' dir='ltr'><strong>prouintialis,</strong></span> <span class='ocrx_word' id='word_1_94' title='bbox 658 1136 716 1165; x_wconf 92' lang='lat' dir='ltr'><strong>an</strong></span> <span class='ocrx_word' id='word_1_95' title='bbox 737 1120 834 1177; x_wconf 92' lang='lat' dir='ltr'><strong>ipse</strong></span> <span class='ocrx_word' id='word_1_96' title='bbox 854 1121 927 1164; x_wconf 90' lang='lat' dir='ltr'><strong>vel</strong></span> <span class='ocrx_word' id='word_1_97' title='bbox 949 1119 1207 1165; x_wconf 89' lang='lat' dir='ltr'><strong>Seruiensis</strong></span> <span class='ocrx_word' id='word_1_98' title='bbox 1228 1119 1422 1176; x_wconf 89' lang='lat' dir='ltr'><strong>praeerit</strong></span> <span class='ocrx_word' id='word_1_99' title='bbox 1449 1119 1835 1176; x_wconf 89' lang='lat' dir='ltr'><strong>disputationibus</strong></span> 
     </span>
     <span class='ocr_line' id='line_1_15' title="bbox 201 1183 1550 1254; baseline -0.001 -14"><span class='ocrx_word' id='word_1_100' title='bbox 201 1197 489 1254; x_wconf 88' lang='lat' dir='ltr'><strong>theologicis,</strong></span> <span class='ocrx_word' id='word_1_101' title='bbox 514 1204 560 1242; x_wconf 92' lang='lat' dir='ltr'><strong>et</strong></span> <span class='ocrx_word' id='word_1_102' title='bbox 580 1198 742 1241; x_wconf 88' lang='lat' dir='ltr'><strong>doceat</strong></span> <span class='ocrx_word' id='word_1_103' title='bbox 762 1183 1086 1241; x_wconf 90' lang='lat' dir='ltr'><strong>catechismum</strong></span> <span class='ocrx_word' id='word_1_104' title='bbox 1104 1197 1223 1253; x_wconf 90' lang='lat' dir='ltr'><strong>apud</strong></span> <span class='ocrx_word' id='word_1_105' title='bbox 1247 1195 1550 1240; x_wconf 90' lang='lat' dir='ltr'><strong>conuictores.</strong></span> 
     </span>
    </p>

    <p class='ocr_par' dir='ltr' id='par_1_8' title="bbox 291 1271 1836 1331">
     <span class='ocr_line' id='line_1_16' title="bbox 291 1271 1836 1331; baseline -0.003 -12"><span class='ocrx_word' id='word_1_106' title='bbox 291 1275 348 1319; x_wconf 90' lang='lat' dir='ltr'><strong>P.</strong></span> <span class='ocrx_word' id='word_1_107' title='bbox 372 1275 598 1331; x_wconf 86' lang='lat' dir='ltr'><strong>Rogerius</strong></span> <span class='ocrx_word' id='word_1_108' title='bbox 618 1274 666 1317; x_wconf 89' lang='lat' dir='ltr'><strong>in</strong></span> <span class='ocrx_word' id='word_1_109' title='bbox 687 1274 759 1317; x_wconf 91' lang='lat' dir='ltr'><strong>his</strong></span> <span class='ocrx_word' id='word_1_110' title='bbox 788 1275 924 1317; x_wconf 91' lang='lat' dir='ltr'><strong>rebus</strong></span> <span class='ocrx_word' id='word_1_111' title='bbox 951 1271 1275 1324; x_wconf 82' lang='lat' dir='ltr'><strong>continebitur,</strong></span> <span class='ocrx_word' id='word_1_112' title='bbox 1307 1287 1421 1327; x_wconf 90' lang='lat' dir='ltr'><strong>quas</strong></span> <span class='ocrx_word' id='word_1_113' title='bbox 1448 1280 1646 1326; x_wconf 83' lang='lat' dir='ltr'><strong>exercet;</strong></span> <span class='ocrx_word' id='word_1_114' title='bbox 1677 1272 1836 1316; x_wconf 91' lang='lat' dir='ltr'><strong>videli-</strong></span> 
     </span>
    </p>

    <p class='ocr_par' dir='ltr' id='par_1_9' title="bbox 179 1331 1837 1549">
     <span class='ocr_line' id='line_1_17' title="bbox 179 1331 1837 1406; baseline -0.004 -9"><span class='ocrx_word' id='word_1_115' title='bbox 179 1331 290 1404; x_wconf 57' lang='lat' dir='ltr'><strong>cet&#39;,</strong></span> <span class='ocrx_word' id='word_1_116' title='bbox 315 1351 362 1394; x_wconf 90' lang='lat' dir='ltr'><strong>in</strong></span> <span class='ocrx_word' id='word_1_117' title='bbox 385 1350 624 1396; x_wconf 92' lang='lat' dir='ltr'><strong>audiendis</strong></span> <span class='ocrx_word' id='word_1_118' title='bbox 646 1350 1008 1394; x_wconf 86' lang='lat' dir='ltr'><strong>confessionibus</strong></span> <span class='ocrx_word' id='word_1_119' title='bbox 1034 1349 1276 1406; x_wconf 89' lang='lat' dir='ltr'><strong>anglorum</strong></span> <span class='ocrx_word' id='word_1_120' title='bbox 1304 1356 1351 1394; x_wconf 92' lang='lat' dir='ltr'><strong>et</strong></span> <span class='ocrx_word' id='word_1_121' title='bbox 1371 1349 1602 1394; x_wconf 86' lang='lat' dir='ltr'><strong>exercitiis</strong></span> <span class='ocrx_word' id='word_1_122' title='bbox 1623 1349 1837 1393; x_wconf 89' lang='lat' dir='ltr'><strong>domesti-</strong></span> 
     </span>
     <span class='ocr_line' id='line_1_18' title="bbox 197 1426 1836 1484; baseline -0.002 -12"><span class='ocrx_word' id='word_1_123' title='bbox 197 1427 281 1481; x_wconf 86' lang='lat' dir='ltr'><strong>cis,</strong></span> <span class='ocrx_word' id='word_1_124' title='bbox 301 1435 347 1473; x_wconf 92' lang='lat' dir='ltr'><strong>et</strong></span> <span class='ocrx_word' id='word_1_125' title='bbox 364 1435 514 1484; x_wconf 88' lang='lat' dir='ltr'><strong>tamen</strong></span> <span class='ocrx_word' id='word_1_126' title='bbox 531 1435 732 1481; x_wconf 88' lang='lat' dir='ltr'><strong>curetur,</strong></span> <span class='ocrx_word' id='word_1_127' title='bbox 751 1434 802 1471; x_wconf 94' lang='lat' dir='ltr'><strong>ut</strong></span> <span class='ocrx_word' id='word_1_128' title='bbox 818 1427 981 1483; x_wconf 86' lang='lat' dir='ltr'><strong>aliquis</strong></span> <span class='ocrx_word' id='word_1_129' title='bbox 1001 1427 1128 1471; x_wconf 84' lang='lat' dir='ltr'><strong>illum</strong></span> <span class='ocrx_word' id='word_1_130' title='bbox 1145 1427 1322 1479; x_wconf 92' lang='lat' dir='ltr'><strong>doceat,</strong></span> <span class='ocrx_word' id='word_1_131' title='bbox 1341 1427 1416 1471; x_wconf 91' lang='lat' dir='ltr'><strong>vel</strong></span> <span class='ocrx_word' id='word_1_132' title='bbox 1432 1441 1537 1470; x_wconf 90' lang='lat' dir='ltr'><strong>cum</strong></span> <span class='ocrx_word' id='word_1_133' title='bbox 1554 1426 1631 1470; x_wconf 93' lang='lat' dir='ltr'><strong>illo</strong></span> <span class='ocrx_word' id='word_1_134' title='bbox 1652 1440 1836 1483; x_wconf 89' lang='lat' dir='ltr'><strong>percur-</strong></span> 
     </span>
     <span class='ocr_line' id='line_1_19' title="bbox 198 1504 982 1549; baseline -0.001 -1"><span class='ocrx_word' id='word_1_135' title='bbox 198 1511 271 1548; x_wconf 87' lang='lat' dir='ltr'><strong>rat</strong></span> <span class='ocrx_word' id='word_1_136' title='bbox 291 1505 583 1549; x_wconf 84' lang='lat' dir='ltr'><strong>directorium</strong></span> <span class='ocrx_word' id='word_1_137' title='bbox 607 1504 757 1548; x_wconf 90' lang='lat' dir='ltr'><strong>Patris</strong></span> <span class='ocrx_word' id='word_1_138' title='bbox 779 1504 982 1548; x_wconf 90' lang='lat' dir='ltr'><strong>Polanci.</strong></span> 
     </span>
    </p>

    <p class='ocr_par' dir='ltr' id='par_1_10' title="bbox 197 1581 1837 1789">
     <span class='ocr_line' id='line_1_20' title="bbox 288 1581 1836 1639; baseline -0.001 -13"><span class='ocrx_word' id='word_1_139' title='bbox 288 1583 342 1626; x_wconf 89' lang='lat' dir='ltr'><strong>P.</strong></span> <span class='ocrx_word' id='word_1_140' title='bbox 367 1582 553 1639; x_wconf 83' lang='lat' dir='ltr'><strong>Aegidii</strong></span> <span class='ocrx_word' id='word_1_141' title='bbox 564 1590 608 1637; x_wconf 76' lang='lat'><strong>·²,</strong></span> <span class='ocrx_word' id='word_1_142' title='bbox 627 1590 812 1639; x_wconf 89' lang='lat' dir='ltr'><strong>propter</strong></span> <span class='ocrx_word' id='word_1_143' title='bbox 828 1581 927 1626; x_wconf 90' lang='lat' dir='ltr'><strong>eius</strong></span> <span class='ocrx_word' id='word_1_144' title='bbox 941 1581 1235 1638; x_wconf 86' lang='lat' dir='ltr'><strong>praeteritum</strong></span> <span class='ocrx_word' id='word_1_145' title='bbox 1252 1583 1464 1625; x_wconf 92' lang='lat' dir='ltr'><strong>morbum</strong></span> <span class='ocrx_word' id='word_1_146' title='bbox 1486 1592 1532 1625; x_wconf 89' lang='lat' dir='ltr'><strong>et</strong></span> <span class='ocrx_word' id='word_1_147' title='bbox 1548 1589 1836 1638; x_wconf 76' lang='lat' dir='ltr'><strong>praesentem</strong></span> 
     </span>
     <span class='ocr_line' id='line_1_21' title="bbox 197 1657 1837 1715; baseline -0.001 -13"><span class='ocrx_word' id='word_1_148' title='bbox 197 1659 423 1703; x_wconf 88' lang='lat' dir='ltr'><strong>infirmam</strong></span> <span class='ocrx_word' id='word_1_149' title='bbox 459 1658 791 1710; x_wconf 90' lang='lat' dir='ltr'><strong>valetudinem,</strong></span> <span class='ocrx_word' id='word_1_150' title='bbox 824 1658 991 1703; x_wconf 89' lang='lat' dir='ltr'><strong>habeat</strong></span> <span class='ocrx_word' id='word_1_151' title='bbox 1026 1657 1301 1715; x_wconf 83' lang='lat' dir='ltr'><strong>peculiarem</strong></span> <span class='ocrx_word' id='word_1_152' title='bbox 1338 1673 1495 1702; x_wconf 90' lang='lat' dir='ltr'><strong>curam</strong></span> <span class='ocrx_word' id='word_1_153' title='bbox 1533 1666 1704 1712; x_wconf 90' lang='lat' dir='ltr'><strong>rector,</strong></span> <span class='ocrx_word' id='word_1_154' title='bbox 1744 1672 1837 1701; x_wconf 91' lang='lat' dir='ltr'><strong>non</strong></span> 
     </span>
     <span class='ocr_line' id='line_1_22' title="bbox 197 1733 1057 1789; baseline -0.002 -9"><span class='ocrx_word' id='word_1_155' title='bbox 197 1737 347 1780; x_wconf 90' lang='lat' dir='ltr'><strong>solum</strong></span> <span class='ocrx_word' id='word_1_156' title='bbox 368 1743 418 1780; x_wconf 92' lang='lat' dir='ltr'><strong>vt</strong></span> <span class='ocrx_word' id='word_1_157' title='bbox 440 1743 607 1789; x_wconf 89' lang='lat' dir='ltr'><strong>rector,</strong></span> <span class='ocrx_word' id='word_1_158' title='bbox 631 1737 712 1780; x_wconf 86' lang='lat' dir='ltr'><strong>sed</strong></span> <span class='ocrx_word' id='word_1_159' title='bbox 732 1742 783 1778; x_wconf 92' lang='lat' dir='ltr'><strong>vt</strong></span> <span class='ocrx_word' id='word_1_160' title='bbox 805 1735 1026 1779; x_wconf 89' lang='lat' dir='ltr'><strong>medicus.</strong></span> <span class='ocrx_word' id='word_1_161' title='bbox 1051 1733 1057 1741; x_wconf 82' lang='grc'><strong><em>’</em></strong></span> 
     </span>
    </p>

    <p class='ocr_par' dir='ltr' id='par_1_11' title="bbox 194 1812 1834 2024">
     <span class='ocr_line' id='line_1_23' title="bbox 288 1812 1834 1872; baseline -0.001 -15"><span class='ocrx_word' id='word_1_162' title='bbox 288 1815 342 1857; x_wconf 94' lang='grc' dir='ltr'><strong>Ρ.</strong></span> <span class='ocrx_word' id='word_1_163' title='bbox 360 1814 590 1872; x_wconf 88' lang='lat' dir='ltr'><strong>Jordanus</strong></span> <span class='ocrx_word' id='word_1_164' title='bbox 611 1812 924 1869; x_wconf 88' lang='lat' dir='ltr'><strong>occupabitur,</strong></span> <span class='ocrx_word' id='word_1_165' title='bbox 949 1819 999 1855; x_wconf 91' lang='lat' dir='ltr'><strong>vt</strong></span> <span class='ocrx_word' id='word_1_166' title='bbox 1020 1813 1152 1867; x_wconf 89' lang='lat' dir='ltr'><strong>solet,</strong></span> <span class='ocrx_word' id='word_1_167' title='bbox 1176 1820 1223 1856; x_wconf 89' lang='lat' dir='ltr'><strong>et</strong></span> <span class='ocrx_word' id='word_1_168' title='bbox 1245 1820 1397 1857; x_wconf 91' lang='lat' dir='ltr'><strong>tamen</strong></span> <span class='ocrx_word' id='word_1_169' title='bbox 1421 1814 1474 1856; x_wconf 90' lang='lat' dir='ltr'><strong>P.</strong></span> <span class='ocrx_word' id='word_1_170' title='bbox 1501 1813 1693 1866; x_wconf 89' lang='lat' dir='ltr'><strong>Natalis,</strong></span> <span class='ocrx_word' id='word_1_171' title='bbox 1729 1827 1834 1856; x_wconf 90' lang='lat' dir='ltr'><strong>cum</strong></span> 
     </span>
     <span class='ocr_line' id='line_1_24' title="bbox 194 1889 1831 1948; baseline -0.001 -14"><span class='ocrx_word' id='word_1_172' title='bbox 194 1890 391 1948; x_wconf 89' lang='lat' dir='ltr'><strong>primum</strong></span> <span class='ocrx_word' id='word_1_173' title='bbox 413 1889 550 1934; x_wconf 83' lang='lat' dir='ltr'><strong>fuerit</strong></span> <span class='ocrx_word' id='word_1_174' title='bbox 567 1889 791 1943; x_wconf 92' lang='lat' dir='ltr'><strong>Lutetiae,</strong></span> <span class='ocrx_word' id='word_1_175' title='bbox 812 1889 990 1932; x_wconf 89' lang='lat' dir='ltr'><strong>curabit</strong></span> <span class='ocrx_word' id='word_1_176' title='bbox 1006 1889 1132 1935; x_wconf 86' lang='lat' dir='ltr'><strong>illum</strong></span> <span class='ocrx_word' id='word_1_177' title='bbox 1150 1890 1453 1943; x_wconf 87' lang='lat' dir='ltr'><strong>euocandum,</strong></span> <span class='ocrx_word' id='word_1_178' title='bbox 1474 1890 1511 1933; x_wconf 88' lang='lat' dir='ltr'><strong>si</strong></span> <span class='ocrx_word' id='word_1_179' title='bbox 1528 1890 1681 1946; x_wconf 91' lang='lat' dir='ltr'><strong>aliquo</strong></span> <span class='ocrx_word' id='word_1_180' title='bbox 1697 1898 1831 1947; x_wconf 92' lang='lat' dir='ltr'><strong>pacto</strong></span> 
     </span>
     <span class='ocr_line' id='line_1_25' title="bbox 197 1967 359 2024; baseline -0.006 -12"><span class='ocrx_word' id='word_1_181' title='bbox 197 1967 359 2024; x_wconf 87' lang='lat' dir='ltr'><strong>possit.</strong></span> 
     </span>
    </p>

    <p class='ocr_par' dir='ltr' id='par_1_12' title="bbox 283 2043 1769 2102">
     <span class='ocr_line' id='line_1_26' title="bbox 283 2043 1769 2102; baseline 0 -14"><span class='ocrx_word' id='word_1_182' title='bbox 283 2045 355 2088; x_wconf 88' lang='lat' dir='ltr'><strong>De</strong></span> <span class='ocrx_word' id='word_1_183' title='bbox 374 2043 597 2102; x_wconf 84' lang='lat' dir='ltr'><strong>magistro</strong></span> <span class='ocrx_word' id='word_1_184' title='bbox 620 2043 909 2088; x_wconf 87' lang='lat' dir='ltr'><strong>Harlemensi</strong></span> <span class='ocrx_word' id='word_1_185' title='bbox 930 2043 1184 2089; x_wconf 85' lang='lat' dir='ltr'><strong>constituet</strong></span> <span class='ocrx_word' id='word_1_186' title='bbox 1206 2051 1355 2088; x_wconf 90' lang='lat' dir='ltr'><strong>rector</strong></span> <span class='ocrx_word' id='word_1_187' title='bbox 1372 2059 1429 2088; x_wconf 90' lang='lat' dir='ltr'><strong>an</strong></span> <span class='ocrx_word' id='word_1_188' title='bbox 1447 2044 1506 2088; x_wconf 90' lang='lat' dir='ltr'><strong>sit</strong></span> <span class='ocrx_word' id='word_1_189' title='bbox 1522 2044 1769 2088; x_wconf 90' lang='lat' dir='ltr'><strong>rediturus.</strong></span> 
     </span>
    </p>

    <p class='ocr_par' dir='ltr' id='par_1_13' title="bbox 188 2121 1834 2319">
     <span class='ocr_line' id='line_1_27' title="bbox 283 2121 1833 2178; baseline -0.001 -13"><span class='ocrx_word' id='word_1_190' title='bbox 283 2121 508 2167; x_wconf 89' lang='lat' dir='ltr'><strong>Pistorius</strong></span> <span class='ocrx_word' id='word_1_191' title='bbox 529 2128 831 2178; x_wconf 88' lang='lat' dir='ltr'><strong>prosequatur</strong></span> <span class='ocrx_word' id='word_1_192' title='bbox 853 2136 935 2165; x_wconf 90' lang='lat' dir='ltr'><strong>sua</strong></span> <span class='ocrx_word' id='word_1_193' title='bbox 951 2121 1119 2174; x_wconf 88' lang='lat' dir='ltr'><strong>studia,</strong></span> <span class='ocrx_word' id='word_1_194' title='bbox 1139 2130 1184 2164; x_wconf 91' lang='lat' dir='ltr'><strong>et</strong></span> <span class='ocrx_word' id='word_1_195' title='bbox 1202 2130 1543 2178; x_wconf 90' lang='lat' dir='ltr'><strong>promoueatur,</strong></span> <span class='ocrx_word' id='word_1_196' title='bbox 1569 2122 1833 2178; x_wconf 87' lang='lat' dir='ltr'><strong>praesertim</strong></span> 
     </span>
     <span class='ocr_line' id='line_1_28' title="bbox 193 2198 1834 2256; baseline 0.001 -15"><span class='ocrx_word' id='word_1_197' title='bbox 193 2211 300 2242; x_wconf 88' lang='lat' dir='ltr'><strong>cum</strong></span> <span class='ocrx_word' id='word_1_198' title='bbox 329 2199 495 2242; x_wconf 86' lang='lat' dir='ltr'><strong>habeat</strong></span> <span class='ocrx_word' id='word_1_199' title='bbox 523 2198 600 2254; x_wconf 93' lang='lat' dir='ltr'><strong>qui</strong></span> <span class='ocrx_word' id='word_1_200' title='bbox 636 2198 774 2242; x_wconf 90' lang='lat' dir='ltr'><strong>faciat</strong></span> <span class='ocrx_word' id='word_1_201' title='bbox 810 2213 1048 2255; x_wconf 86' lang='lat' dir='ltr'><strong>expensas,</strong></span> <span class='ocrx_word' id='word_1_202' title='bbox 1089 2206 1135 2244; x_wconf 88' lang='lat' dir='ltr'><strong>et</strong></span> <span class='ocrx_word' id='word_1_203' title='bbox 1170 2198 1414 2256; x_wconf 88' lang='lat' dir='ltr'><strong>diligenter</strong></span> <span class='ocrx_word' id='word_1_204' title='bbox 1452 2200 1698 2244; x_wconf 86' lang='lat' dir='ltr'><strong>foueantur</strong></span> <span class='ocrx_word' id='word_1_205' title='bbox 1735 2199 1834 2243; x_wconf 91' lang='lat' dir='ltr'><strong>eius</strong></span> 
     </span>
     <span class='ocr_line' id='line_1_29' title="bbox 188 2274 364 2319; baseline 0.006 -2"><span class='ocrx_word' id='word_1_206' title='bbox 188 2274 364 2319; x_wconf 84' lang='lat' dir='ltr'><strong>studia.</strong></span> 
     </span>
    </p>

    <p class='ocr_par' dir='ltr' id='par_1_14' title="bbox 282 2352 1052 2409">
     <span class='ocr_line' id='line_1_30' title="bbox 282 2352 1052 2409; baseline 0 -13"><span class='ocrx_word' id='word_1_207' title='bbox 282 2353 407 2397; x_wconf 88' lang='lat' dir='ltr'><strong>Idem</strong></span> <span class='ocrx_word' id='word_1_208' title='bbox 429 2353 487 2396; x_wconf 93' lang='lat' dir='ltr'><strong>de</strong></span> <span class='ocrx_word' id='word_1_209' title='bbox 503 2352 707 2409; x_wconf 87' lang='lat' dir='ltr'><strong>Aegidio</strong></span> <span class='ocrx_word' id='word_1_210' title='bbox 734 2359 780 2397; x_wconf 91' lang='lat' dir='ltr'><strong>et</strong></span> <span class='ocrx_word' id='word_1_211' title='bbox 803 2354 1052 2397; x_wconf 88' lang='lat' dir='ltr'><strong>Bernardo.</strong></span> 
     </span>
    </p>

    <p class='ocr_par' dir='ltr' id='par_1_15' title="bbox 172 2429 1826 2563">
     <span class='ocr_line' id='line_1_31' title="bbox 231 2429 1826 2487; baseline 0.001 -15"><span class='ocrx_word' id='word_1_212' title='bbox 231 2434 237 2439; x_wconf 76' lang='grc'>“</span> <span class='ocrx_word' id='word_1_213' title='bbox 281 2429 405 2474; x_wconf 88' lang='lat' dir='ltr'><strong>Idem</strong></span> <span class='ocrx_word' id='word_1_214' title='bbox 431 2430 490 2474; x_wconf 88' lang='lat' dir='ltr'><strong>de</strong></span> <span class='ocrx_word' id='word_1_215' title='bbox 518 2429 762 2473; x_wconf 89' lang='lat' dir='ltr'><strong>Malbodio:</strong></span> <span class='ocrx_word' id='word_1_216' title='bbox 798 2438 950 2474; x_wconf 90' lang='lat' dir='ltr'><strong>tamen</strong></span> <span class='ocrx_word' id='word_1_217' title='bbox 985 2430 1069 2475; x_wconf 90' lang='lat' dir='ltr'><strong>erit</strong></span> <span class='ocrx_word' id='word_1_218' title='bbox 1105 2430 1317 2475; x_wconf 90' lang='lat' dir='ltr'><strong>iuditium</strong></span> <span class='ocrx_word' id='word_1_219' title='bbox 1345 2431 1644 2487; x_wconf 88' lang='lat' dir='ltr'><strong>prouintialis‚</strong></span> <span class='ocrx_word' id='word_1_220' title='bbox 1672 2447 1729 2475; x_wconf 91' lang='lat' dir='ltr'><strong>an</strong></span> <span class='ocrx_word' id='word_1_221' title='bbox 1768 2432 1826 2475; x_wconf 91' lang='lat' dir='ltr'><strong>sit</strong></span> 
     </span>
     <span class='ocr_line' id='line_1_32' title="bbox 172 2507 550 2563; baseline 0.005 -15"><span class='ocrx_word' id='word_1_222' title='bbox 172 2507 173 2510; x_wconf 74' lang='grc'>’</span> <span class='ocrx_word' id='word_1_223' title='bbox 191 2507 550 2563; x_wconf 88' lang='lat' dir='ltr'><strong>promouendus.</strong></span> 
     </span>
    </p>

    <p class='ocr_par' dir='ltr' id='par_1_16' title="bbox 187 2583 1828 2712">
     <span class='ocr_line' id='line_1_33' title="bbox 281 2583 1828 2641; baseline 0.001 -16"><span class='ocrx_word' id='word_1_224' title='bbox 281 2583 353 2625; x_wconf 88' lang='lat' dir='ltr'><strong>De</strong></span> <span class='ocrx_word' id='word_1_225' title='bbox 381 2583 535 2635; x_wconf 90' lang='lat' dir='ltr'><strong>Senel,</strong></span> <span class='ocrx_word' id='word_1_226' title='bbox 561 2583 944 2639; x_wconf 88' lang='lat' dir='ltr'><strong>quemadmodum</strong></span> <span class='ocrx_word' id='word_1_227' title='bbox 977 2585 1034 2629; x_wconf 86' lang='lat' dir='ltr'><strong>de</strong></span> <span class='ocrx_word' id='word_1_228' title='bbox 1068 2597 1092 2639; x_wconf 86' lang='lat'>3</span> <span class='ocrx_word' id='word_1_229' title='bbox 1125 2584 1460 2640; x_wconf 86' lang='lat' dir='ltr'><strong>superioribus,</strong></span> <span class='ocrx_word' id='word_1_230' title='bbox 1493 2585 1537 2627; x_wconf 91' lang='lat' dir='ltr'><strong>id</strong></span> <span class='ocrx_word' id='word_1_231' title='bbox 1570 2594 1654 2636; x_wconf 85' lang='lat' dir='ltr'><strong>est,</strong></span> <span class='ocrx_word' id='word_1_232' title='bbox 1681 2585 1828 2641; x_wconf 83' lang='lat' dir='ltr'><strong>Aegi—</strong></span> 
     </span>
     <span class='ocr_line' id='line_1_34' title="bbox 187 2657 401 2712; baseline 0.009 -12"><span class='ocrx_word' id='word_1_233' title='bbox 187 2657 287 2712; x_wconf 90' lang='lat' dir='ltr'><strong>dio,</strong></span> <span class='ocrx_word' id='word_1_234' title='bbox 311 2666 401 2702; x_wconf 91' lang='lat' dir='ltr'><strong>etc.</strong></span> 
     </span>
    </p>

    <p class='ocr_par' dir='ltr' id='par_1_17' title="bbox 189 2737 1829 3019">
     <span class='ocr_line' id='line_1_35' title="bbox 275 2737 1829 2795; baseline 0.002 -17"><span class='ocrx_word' id='word_1_235' title='bbox 275 2737 478 2793; x_wconf 87' lang='lat' dir='ltr'><strong>Joannes</strong></span> <span class='ocrx_word' id='word_1_236' title='bbox 514 2738 752 2781; x_wconf 89' lang='lat' dir='ltr'><strong>Bredanus</strong></span> <span class='ocrx_word' id='word_1_237' title='bbox 780 2744 826 2782; x_wconf 87' lang='lat' dir='ltr'><strong>et</strong></span> <span class='ocrx_word' id='word_1_238' title='bbox 857 2739 1057 2795; x_wconf 90' lang='lat' dir='ltr'><strong>Joannes</strong></span> <span class='ocrx_word' id='word_1_239' title='bbox 1095 2739 1442 2790; x_wconf 86' lang='lat' dir='ltr'><strong>Rothnacensis,</strong></span> <span class='ocrx_word' id='word_1_240' title='bbox 1479 2738 1516 2780; x_wconf 88' lang='lat' dir='ltr'><strong>si</strong></span> <span class='ocrx_word' id='word_1_241' title='bbox 1545 2747 1738 2794; x_wconf 87' lang='lat' dir='ltr'><strong>possunt</strong></span> <span class='ocrx_word' id='word_1_242' title='bbox 1771 2738 1829 2781; x_wconf 87' lang='lat' dir='ltr'><strong>ali</strong></span> 
     </span>
     <span class='ocr_line' id='line_1_36' title="bbox 193 2812 1828 2872; baseline 0.001 -17"><span class='ocrx_word' id='word_1_243' title='bbox 193 2813 434 2857; x_wconf 88' lang='lat' dir='ltr'><strong>commode</strong></span> <span class='ocrx_word' id='word_1_244' title='bbox 454 2812 500 2855; x_wconf 86' lang='lat' dir='ltr'><strong>in</strong></span> <span class='ocrx_word' id='word_1_245' title='bbox 523 2813 749 2870; x_wconf 90' lang='lat' dir='ltr'><strong>prouintia</strong></span> <span class='ocrx_word' id='word_1_246' title='bbox 769 2813 817 2856; x_wconf 92' lang='lat' dir='ltr'><strong>in</strong></span> <span class='ocrx_word' id='word_1_247' title='bbox 839 2815 1035 2871; x_wconf 87' lang='lat' dir='ltr'><strong>collegio</strong></span> <span class='ocrx_word' id='word_1_248' title='bbox 1056 2815 1133 2858; x_wconf 92' lang='lat' dir='ltr'><strong>vbi</strong></span> <span class='ocrx_word' id='word_1_249' title='bbox 1164 2817 1325 2872; x_wconf 89' lang='lat' dir='ltr'><strong>legunt</strong></span> <span class='ocrx_word' id='word_1_250' title='bbox 1354 2815 1513 2866; x_wconf 85' lang='lat' dir='ltr'><strong>nostri,</strong></span> <span class='ocrx_word' id='word_1_251' title='bbox 1547 2815 1828 2858; x_wconf 89' lang='lat' dir='ltr'><strong>retineantur</strong></span> 
     </span>
     <span class='ocr_line' id='line_1_37' title="bbox 191 2887 1828 2948; baseline 0.002 -17"><span class='ocrx_word' id='word_1_252' title='bbox 191 2887 239 2931; x_wconf 90' lang='lat' dir='ltr'><strong>in</strong></span> <span class='ocrx_word' id='word_1_253' title='bbox 259 2889 502 2944; x_wconf 88' lang='lat' dir='ltr'><strong>prouintia:</strong></span> <span class='ocrx_word' id='word_1_254' title='bbox 527 2890 575 2933; x_wconf 92' lang='lat' dir='ltr'><strong>id</strong></span> <span class='ocrx_word' id='word_1_255' title='bbox 596 2891 634 2934; x_wconf 92' lang='lat' dir='ltr'><strong>si</strong></span> <span class='ocrx_word' id='word_1_256' title='bbox 650 2906 748 2934; x_wconf 89' lang='lat' dir='ltr'><strong>-non</strong></span> <span class='ocrx_word' id='word_1_257' title='bbox 768 2892 912 2948; x_wconf 85' lang='lat' dir='ltr'><strong>possit</strong></span> <span class='ocrx_word' id='word_1_258' title='bbox 933 2892 1046 2945; x_wconf 89' lang='lat' dir='ltr'><strong>fieri,</strong></span> <span class='ocrx_word' id='word_1_259' title='bbox 1072 2894 1229 2937; x_wconf 89' lang='lat' dir='ltr'><strong>saltem</strong></span> <span class='ocrx_word' id='word_1_260' title='bbox 1262 2893 1497 2936; x_wconf 87' lang='lat' dir='ltr'><strong>Bredanus</strong></span> <span class='ocrx_word' id='word_1_261' title='bbox 1530 2899 1679 2946; x_wconf 89' lang='lat' dir='ltr'><strong>potest</strong></span> <span class='ocrx_word' id='word_1_262' title='bbox 1708 2890 1828 2934; x_wconf 89' lang='lat' dir='ltr'><strong>mitti</strong></span> 
     </span>
     <span class='ocr_line' id='line_1_38' title="bbox 189 2965 1019 3019; baseline 0.006 -12"><span class='ocrx_word' id='word_1_263' title='bbox 189 2965 248 3008; x_wconf 84' lang='lat' dir='ltr'><strong>ad</strong></span> <span class='ocrx_word' id='word_1_264' title='bbox 272 2967 326 3008; x_wconf 90' lang='lat' dir='ltr'><strong>P.</strong></span> <span class='ocrx_word' id='word_1_265' title='bbox 353 2965 622 3019; x_wconf 90' lang='lat' dir='ltr'><strong>Antonium,</strong></span> <span class='ocrx_word' id='word_1_266' title='bbox 647 2967 725 3010; x_wconf 90' lang='lat' dir='ltr'><strong>illo</strong></span> <span class='ocrx_word' id='word_1_267' title='bbox 746 2967 1019 3012; x_wconf 89' lang='lat' dir='ltr'><strong>inconsulto.</strong></span> 
     </span>
    </p>
   </div>
   <div class='ocr_carea' id='block_1_5' title="bbox 206 3034 469 3041">
    <p class='ocr_par' dir='ltr' id='par_1_18' title="bbox 206 3034 469 3041">
     <span class='ocr_line' id='line_1_39' title="bbox 206 3034 469 3041; baseline 0 429"><span class='ocrx_word' id='word_1_268' title='bbox 206 3034 469 3041; x_wconf 95' lang='lat' dir='ltr'><strong> </strong></span> 
     </span>
    </p>
   </div>
   <div class='ocr_carea' id='block_1_6' title="bbox 261 3055 1645 3155">
    <p class='ocr_par' dir='ltr' id='par_1_19' title="bbox 261 3055 1645 3155">
     <span class='ocr_line' id='line_1_40' title="bbox 261 3055 629 3102; baseline 0.008 -13"><span class='ocrx_word' id='word_1_269' title='bbox 261 3063 280 3082; x_wconf 60' lang='grc' dir='ltr'><strong>ὃ</strong></span> <span class='ocrx_word' id='word_1_270' title='bbox 326 3055 537 3102; x_wconf 80' lang='lat' dir='ltr'><strong>Aegidius,</strong></span> <span class='ocrx_word' id='word_1_271' title='bbox 557 3067 629 3093; x_wconf 73' lang='grc' dir='ltr'><strong>ωε.</strong></span> 
     </span>
     <span class='ocr_line' id='line_1_41' title="bbox 367 3117 1645 3155; baseline 0.008 -9"><span class='ocrx_word' id='word_1_272' title='bbox 367 3117 481 3147; x_wconf 75' lang='lat' dir='ltr'><strong>Emsr.</strong></span> <span class='ocrx_word' id='word_1_273' title='bbox 501 3119 540 3148; x_wconf 87' lang='lat' dir='ltr'><strong>P.</strong></span> <span class='ocrx_word' id='word_1_274' title='bbox 561 3119 696 3155; x_wconf 69' lang='lat' dir='ltr'><strong>NADAL,</strong></span> <span class='ocrx_word' id='word_1_275' title='bbox 715 3127 793 3148; x_wconf 73' lang='lat' dir='ltr'><strong>&#39;rou-</strong></span> <span class='ocrx_word' id='word_1_276' title='bbox 812 3119 876 3150; x_wconf 85' lang='lat' dir='ltr'><strong>IV.</strong></span> <span class='ocrx_word' id='word_1_277' title='bbox 1610 3122 1645 3150; x_wconf 68' lang='lat'><strong>2*¹</strong></span> 
     </span>
    </p>
   </div>
  </div>
 </body>
</html>
