2098 3470
740 299 1015 336 Momm-A
1039 299 1213 336 ITALIAE
1223 320 1251 326 —
1261 309 1284 346 7
1712 311 1727 338 1
1739 310 1779 348 ¹9

287 403 446 454 Sexto,
469 401 577 452 dico
597 403 700 454 che,
726 402 924 446 nolendo
943 402 1188 446 obseruare
1215 403 1259 446 le
1280 410 1299 428 ²
1325 403 1641 447 constitutioni
1669 404 1715 447 in
1744 418 1828 448 suo

151 506 154 509 ⁴
198 479 342 536 rigor,
367 479 411 524 le
432 478 554 535 quali
575 479 684 535 pero
705 492 797 522 non
816 480 973 522 hanno
993 477 1013 504 ¹³
1038 478 1264 522 chiamato
1290 482 1352 524 M.
1380 479 1545 523 Pontio
1571 482 1581 502 ¹
1611 481 1696 524 alle
1717 495 1828 524 con-

125 555 138 561 ”
198 555 458 614 gregationi
479 563 513 609 ⁶,
537 570 564 599 a
583 556 627 600 le
647 555 769 612 quali
790 555 828 600 si
849 555 1183 599 chiamauanno
1202 556 1233 598 li
1262 557 1380 609 altri,
1405 557 1601 601 dicendo
1622 558 1720 601 loro
1742 560 1827 602 che

198 645 292 676 non
315 633 340 676 ἐ
362 634 566 689 professo
586 633 661 678 del
688 640 851 689 quarto
876 639 1003 686 uoto;
1033 632 1091 676 ne
1117 647 1279 676 manco
1310 635 1463 676 hanno
1498 633 1544 676 in
1573 635 1685 678 altre
1712 634 1828 691 parti

198 694 425 766 guardato
446 709 479 752 il
498 708 520 735 ‘²
534 709 699 767 rigore,
720 725 794 754 ma
813 710 893 766 piu
914 717 1067 767 presto
1087 712 1241 753 hanno
1261 712 1376 754 fatto
1392 711 1438 754 di
1454 711 1551 754 loro
1574 726 1705 768 capo;
1723 726 1828 768 per-

200 787 286 830 che
307 786 565 839 molti,'che
597 801 766 831 eranno
792 787 839 830 di
867 793 1032 842 quatro
1058 787 1171 839 uoti,
1195 801 1286 830 non
1315 789 1345 830 l’
1370 789 1525 831 hanno
1551 788 1763 831 chiamati
1785 789 1828 830 al

200 861 398 919 capitolo
419 864 648 920 generale3
673 864 718 906 di
740 864 876 907 modo
895 865 982 907 che
1002 865 1061 907 de
1082 863 1209 907 Italia
1229 879 1324 908 non
1347 879 1405 908 ne
1432 880 1510 909 era
1539 877 1708 908 senon
1736 879 1829 908 uno

200 946 247 984 et
267 939 313 983 di
333 941 372 983 F
373 955 509 984 ranza
529 954 593 983 un
613 940 745 991 altro,
769 955 861 983 non
888 941 1103 1001 obstante
1126 943 1213 984 che
1239 942 1283 984 13
1314 941 1502 998 ragione
1533 943 1695 986 uoleua
1722 943 1824 993 che,

200 1030 280 1072 per
298 1030 424 1061 esser
443 1016 580 1074 pochi
601 1016 791 1074 professi
812 1017 859 1060 di
881 1024 1063 1073 quattro
1079 1018 1177 1061 uoti
1193 1026 1210 1043 0
1232 1018 1277 1061 in
1294 1019 1338 1062 13
1354 1026 1506 1062 nostra
1525 1019 1824 1076 Compagnia,

199 1091 239 1135 si
259 1091 540 1138 chiamasero
562 1093 685 1146 tutti,
709 1095 903 1138 essendo
933 1103 1096 1150 questa
1124 1095 1169 1138 la
1196 1095 1339 1152 prima
1371 1096 1743 1153 congregatione,
1782 1104 1829 1139 et

199 1169 248 1212 in
268 1170 314 1214 la
333 1170 467 1226 quale
487 1170 525 1214 si
546 1171 790 1214 doueuano
811 1171 1017 1217 riuedere
1039 1179 1087 1216 et
1105 1172 1229 1215 finir'
1252 1180 1371 1217 tutte
1391 1174 1433 1216 le
1455 1172 1768 1216 constitutioni
1782 1182 1827 1216 et

198 1244 359 1290 ordine
379 1246 426 1289 di
447 1247 642 1291 eletione
662 1248 709 1291 di
728 1248 919 1292 membri
940 1249 986 1291 di
1007 1264 1126 1303 essa;
1150 1257 1198 1294 et
1229 1251 1286 1292 de
1314 1249 1391 1304 qui
1413 1264 1610 1293 nasceua
1630 1251 1734 1302 che,
1757 1250 1822 1292 sia

198 1335 281 1379 per
299 1337 424 1368 esser
445 1324 490 1367 la
510 1323 718 1381 maggior
739 1334 868 1382 parte
889 1325 994 1370 delli
1021 1326 1216 1382 professi
1243 1327 1470 1383 spagnoli,
1503 1325 1569 1370 sia
1601 1341 1680 1383 per
1717 1327 1824 1369 farsi

197 1398 245 1442 in
266 1400 469 1457 Spagna,
494 1415 627 1446 come
653 1402 750 1444 loro
770 1404 1113 1458 pretendeuano
1132 1402 1160 1456 f,
1183 1419 1242 1448 ne
1269 1403 1465 1460 seguiua
1491 1404 1592 1447 chel
1613 1405 1825 1460 generale

193 1483 247 1520 et
266 1477 644 1522 determinatione
663 1478 722 1523 de
742 1479 1068 1524 constitutione
1083 1480 1123 1524 si
1138 1482 1362 1525 sarebono
1380 1481 1492 1525 fatte
1508 1494 1535 1523 a
1550 1481 1648 1524 loro
1671 1481 1822 1532 modo,

198 1560 246 1596 et
265 1566 359 1597 non
379 1554 420 1597 si
444 1556 646 1599 harebbe
675 1563 857 1612 potutto
888 1557 1099 1602 rimediar
1130 1573 1157 1602 a
1191 1558 1256 1614 gli
1293 1558 1437 1612 affari,
1477 1556 1671 1602 essendo
1706 1564 1823 1600 stata

199 1637 320 1675 tutta
339 1631 384 1675 la
403 1632 756 1689 congregatione
777 1634 961 1678 lontana
981 1635 1100 1678 dalla
1120 1635 1227 1678 sede
1254 1634 1515 1692 apostolica,
1545 1634 1603 1676 da
1639 1635 1682 1678 13
1717 1635 1823 1690 qual

197 1720 307 1751 cosa
327 1707 378 1751 fu
398 1722 549 1752 mosso
569 1711 633 1754 M.
661 1710 827 1754 Pontio
849 1726 875 1754 a
895 1711 1068 1755 scriuer
1088 1727 1115 1754 a
1135 1713 1187 1757 S.
1210 1713 1260 1756 S.
1275 1712 1328 1755 ta.

287 1784 507 1840 Septimo,
520 1785 623 1829 dico
634 1788 735 1839 che,
746 1802 827 1844 per
839 1789 982 1832 hauer
991 1796 1251 1845 presentato
1261 1790 1386 1833 detta
1401 1789 1571 1845 polizza
1588 1797 1606 1821 s
1623 1791 1685 1833 Μ.
1702 1791 1824 1832 Pon-

200 1859 265 1903 tio
286 1875 313 1904 a
334 1861 384 1907 S.
408 1862 502 1906 83²
518 1895 529 1914 ,
553 1861 597 1905 lo
619 1863 772 1906 hanno
792 1863 982 1916 irritato,
1014 1875 1059 1909 et
1079 1879 1170 1908 eon
1198 1866 1351 1922 parole
1373 1873 1418 1910 et
1441 1864 1556 1919 fatti,
1581 1864 1626 1923 in
1656 1878 1759 1908 casa
1780 1873 1826 1906 et

199 1937 299 1981 fora
317 1937 366 1980 di
387 1951 507 1992 casa;
531 1946 578 1983 et
599 1955 692 2003 non
713 1941 740 1983 ὲ
761 1948 972 1984 mancato
993 1956 1073 1998 per
1093 1943 1192 1985 loro
1213 1943 1299 1986 che
1321 1956 1412 1984 non
1428 1942 1494 1984 sia
1510 1948 1718 1998 reputato
1736 1955 1827 1983 uno

201 2013 348 2067 tristo,
376 2022 423 2058 et
453 2022 573 2059 tutto
608 2025 771 2073 questo
806 2033 887 2074 per
923 2019 1100 2063 hauerli
1135 2018 1199 2061 lui
1231 2020 1344 2062 fatto
1383 2018 1577 2075 proibire
1614 2020 1698 2061 che
1734 2032 1824 2060 non

200 2091 370 2136 uadino
390 2092 439 2147 in
459 2094 663 2150 Spagna,
685 2094 718 2137 il
739 2097 823 2138 che
845 2097 953 2151 pero
974 2103 1106 2139 torna
1126 2111 1154 2139 a
1174 2111 1290 2152 gran
1299 2097 1356 2140 de
1380 2095 1525 2138 utilitil
1547 2096 1665 2139 della
1686 2097 1823 2139 Com-

199 2169 385 2226 pagnia,
414 2178 710 2227 quantunque
745 2173 844 2216 loro
882 2174 926 2215 lo
954 2173 1276 2229 perseguitano
1295 2172 1331 2225 ¹³,
1371 2188 1500 2217 come
1537 2174 1706 2215 huomo
1742 2174 1826 2216 che

200 2245 307 2289 habi
326 2247 440 2290 fatto
459 2261 568 2291 cosa
589 2248 988 2304 importantissirna
1016 2258 1176 2293 contra
1204 2251 1247 2293 la
1276 2249 1578 2306 Compagnia‚
1614 2257 1660 2293 et
1697 2263 1827 2293 come

43 2303 99 2365 ἶ
148 2369 154 2375 ,
201 2324 517 2378 perturbatore
537 2324 610 2367 del
634 2325 748 2368 bene
772 2324 1043 2370 uniuersale.

290 2400 482 2453 Ottauo,
506 2401 609 2444 dico
632 2404 718 2444 che
739 2403 836 2446 loro
858 2410 925 2447 tre
948 2404 1086 2446 fanno
1105 2411 1151 2447 et
1179 2403 1376 2446 diconno
1405 2404 1512 2460 ogni
1544 2418 1666 2455 cosa,
1702 2417 1829 2445 come

201 2490 253 2521 se
274 2476 398 2521 fusse
418 2484 538 2520 tutta
559 2479 601 2522 la
624 2478 923 2535 Compagnia,
948 2495 1037 2523 non
1070 2480 1340 2524 chiamando
1378 2481 1433 2524 ne
1458 2481 1649 2524 facendo
1671 2494 1828 2535 sapere

201 2554 245 2596 le
264 2567 371 2597 cose
391 2554 467 2597 alli
487 2554 618 2611 primi
635 2556 841 2611 professi,
861 2558 946 2600 che
963 2557 1040 2613 qui
1062 2556 1108 2599 ui
1125 2572 1287 2609 sonno,
1307 2558 1397 2599 imo
1415 2559 1472 2600 ne
1490 2557 1563 2599 alli
1582 2556 1712 2611 primi
1731 2558 1827 2598 fon-

201 2630 368 2684 datori3
393 2631 461 2674 fra
480 2632 523 2675 le
544 2631 667 2687 quali
689 2633 713 2675 ὲ
736 2641 854 2676 stato
875 2633 907 2676 il
927 2634 1176 2695 domandar
1196 2635 1254 2677 de
1286 2635 1452 2677 andare
1485 2634 1530 2675 in
1566 2633 1830 2687 Portugallo

50 2708 76 2759 ¹j
134 2721 146 2726 ‘
203 2721 231 2750 a
250 2707 346 2751 fare
373 2708 405 2750 il
431 2708 626 2764 capitolo
654 2711 884 2766 genera-le,
908 2710 1067 2766 poiche
1101 2711 1149 2754 S.
1185 2711 1276 2755 Sssa
1303 2711 1332 2752 li
1363 2712 1480 2765 nego
1511 2710 1546 2751 si
1581 2710 1750 2752 facesse
1784 2707 1828 2749 in

77 2777 87 2784 “
126 2788 127 2792 ’
203 2783 403 2842 Spagna.

273 2901 292 2918 a
339 2891 373 2927 li
395 2903 468 2927 ms.
518 2894 586 2920 —b
610 2893 746 2927 hanno
767 2894 903 2928 hanno
926 2904 998 2928 ms.
1048 2902 1112 2920 -c
1143 2893 1456 2940 congregatione
1485 2903 1555 2928 ms.
1606 2883 1677 2917 -d‘
1696 2890 1732 2925 el
1756 2901 1828 2924 ms.

204 2960 269 2977 -e
292 2951 379 2986 vosi
401 2956 470 2990 ms,
521 2952 584 2978 ——s
605 2952 939 2998 protendeuanno
962 2963 1034 2986 ms.
1087 2962 1152 2986 —g
1179 2951 1327 3003 policia
1362 2963 1431 2987 ms.
1464 2950 1523 2985 hic
1554 2956 1592 2984 et
1624 2949 1734 2986 infra.
1786 2969 1831 2974 -

171 3014 175 3021 ’
204 3009 223 3036 h
242 3010 536 3057 proseguisano
554 3021 626 3045 ms.

281 3108 292 3129 ¹
342 3082 613 3150 Cogordanus.
