2098 3470
545 230 825 295 Morinum-A
846 237 1106 268 ruovmcmn
1130 230 1472 275 munaus—59
1732 227 1800 266 361

143 330 158 332 *⁷
213 319 343 381 muni
371 336 513 380 bursa
541 341 867 388 mercatorum,
900 339 1082 390 praeter
1111 332 1176 385 id,
1199 332 1324 388 quod
1343 331 1429 375 erit
1456 332 1765 394 necessarium
1792 333 1851 376 ad

192 401 593 459 *sustentationem
614 417 819 468 quatuor.
837 424 1153 468 personarum,
1178 409 1306 453 iuxta
1326 409 1570 454 Societatis
1599 417 1848 455 consuetu·

211 489 383 536 dinem:
416 503 576 539 sumus
605 488 728 532 enim
763 487 969 532 contenti
1001 501 1056 530 ea
1085 485 1438 532 sustentatione.
1473 486 1522 531 Si
1555 486 1665 541 quid
1698 494 1849 531 tamen

213 574 342 612 extra
362 565 567 611 ordinem
589 565 822 610 videretur
842 563 1168 616 necessarium,
1192 563 1239 606 id
1261 570 1383 620 petet
1400 563 1679 608 familiariter
1695 566 1752 607 ab
1769 564 1850 609 ali-

210 657 307 700 quo
326 643 399 687 vel
421 642 651 699 aliquibus
671 642 844 696 amicis3
874 649 922 685 et
949 650 1101 686 tamen
1128 641 1281 684 oblata
1307 655 1499 685 munera
1527 654 1701 693 eorum,
1732 656 1850 697 quae

212 720 274 764 ad
292 719 465 764 victum
486 719 698 772 attinent,
726 719 868 762 libere
896 716 1107 774 accipiet.
1130 717 1441 777 Eleemosinas
1468 724 1703 774 praeterea
1724 719 1848 762 obla-

214 803 300 850 tas,
330 797 598 854 praesertim
625 796 704 840 vbi
725 795 976 855 necessitas
1003 794 1204 852 vrgebit,
1236 794 1404 851 poterit
1435 794 1659 851 accipere.
1695 796 1744 838 In
1778 795 1850 840 his

215 881 368 918 tamen
390 873 603 918 omnibus
624 873 835 930 respiciet
856 873 914 916 ad
934 871 1284 924 edificationem,
1308 878 1355 916 et
1382 886 1438 916 eo
1458 872 1723 929 praesertim
1746 887 1849 929 spe-

211 951 421 1004 ctabunt,
444 966 520 1004 ne,
545 965 649 1009 cum
671 949 948 1007 accipiamus
969 948 1226 994 necessaria
1246 948 1399 992 omnia
1419 964 1447 992 a
1462 949 1694 992 communi
1711 950 1849 993 bursa

217 1027 511 1084 hispanorum
526 1062 536 1082 ,
579 1025 815 1071 videamur
854 1014 1103 1083 importuni
1146 1027 1414 1070 collectores
1445 1026 1822 1071 eleemosinarum
1835 1061 1846 1080 ,

212 1105 288 1149 vel
307 1095 327 1131 ³¹
347 1104 517 1161 alioqui
538 1112 749 1149 notemur
770 1103 920 1160 aliqua
941 1103 1093 1160 specie
1114 1103 1346 1148 auaritiae.

304 1181 524 1238 Hospites
544 1195 570 1224 e
601 1166 814 1225 Patribus
841 1181 914 1224 vel
940 1180 1156 1224 fratribus
1183 1180 1352 1224 nostris
1383 1181 1507 1225 alent
1533 1196 1619 1224 sua
1644 1181 1850 1238 impensa

215 1258 276 1302 ad
306 1272 535 1302 summum
562 1273 703 1302 vnum
733 1258 854 1303 diem
885 1265 965 1301 aut
996 1258 1205 1310 alterum,
1239 1258 1367 1301 iuxta
1397 1258 1767 1304 constitutioneS.
1800 1259 1849 1304 Si

59 1321 90 1370 ι’
139 1347 143 1350 ’
210 1334 388 1380 diutius
407 1342 561 1380 essent
582 1335 784 1379 mansuri
806 1335 1075 1392 Antuerpie,
1095 1335 1352 1380 necessario
1367 1336 1490 1380 alent
1507 1335 1691 1391 quidem
1707 1337 1846 1393 ipsos,

49 1461 75 1470 ,⁴
210 1411 295 1457 sed
313 1411 565 1469 impensam
586 1419 823 1469 acceptam
845 1409 992 1458 ferent
1013 1412 1071 1465 ei,
1095 1412 1171 1456 cui
1191 1412 1278 1456 erit
1298 1413 1438 1465 bono,
1461 1420 1512 1455 vt
1532 1404 1737 1470 hospites
1757 1412 1849 1458 sint

141 1530 146 1534 .
213 1489 512 1546 Antuerpiae,
536 1497 584 1534 et
602 1490 893 1546 prouincialis
914 1489 1133 1534 iudicabit
1153 1496 1377 1546 quantum
1397 1490 1562 1534 soluet.

301 1567 516 1611 Habeant
537 1581 644 1610 suas
665 1566 972 1610 recreationes
992 1567 1298 1622 coadjutores,

301 1645 437 1700 Quae
467 1651 703 1700 exponunt
739 1658 821 1707 pro
852 1643 996 1688 literis
1021 1643 1320 1702 collegiorum
1354 1630 1429 1688 {rel
1455 1645 1749 1705 prouincialis
1776 1647 1850 1690 vel

55 1720 89 1771 ,³
211 1720 397 1765 omnino
412 1720 588 1774 alienis,
602 1729 789 1777 accepta
804 1719 823 1746 b
841 1723 1038 1764 referent
1054 1720 1125 1774 iis,
1144 1735 1227 1778 pro
1243 1721 1411 1778 quibus
1427 1731 1682 1779 exponunt,
1702 1731 1749 1767 et
1765 1737 1823 1767 cu
1844 1750 1849 1754 -

78 1792 94 1807 ²
210 1796 329 1842 rabit
349 1797 655 1854 prouincialis,
679 1806 730 1841 vt
757 1799 955 1841 soluant.

301 1874 518 1931 Hospites
540 1881 793 1918 tractentur
819 1875 867 1918 in
896 1890 1052 1920 mensa
1081 1876 1462 1931 quemadmodum
1492 1879 1654 1923 Patres
1682 1879 1846 1923 solent:

211 1953 300 1995 hoc
331 1958 484 1996 tamen
515 1953 631 1996 solet
661 1952 760 1995 fieri
780 1952 828 1994 in
856 1952 1081 2009 collegiis,
1113 1959 1163 1995 vt
1193 1952 1363 2009 aliquid
1392 1961 1628 2010 praeterea
1656 1956 1849 1999 addatur

214 2027 360 2084 primo
381 2029 572 2085 prandio
593 2038 673 2072 aut
694 2043 840 2074 coena
861 2037 989 2074 extra
1011 2029 1234 2075 ordinem.

215 2111 230 2114 ”’
302 2105 353 2151 Si
381 2106 499 2162 quis,
534 2106 671 2151 etiam
704 2106 1013 2163 prouincialis,
1037 2107 1116 2150 det
1147 2108 1385 2164 negotium
1418 2110 1634 2154 Patribus
1665 2119 1850 2156 antuer-

211 2181 464 2238 piensibus,
483 2190 534 2225 vt
553 2183 656 2226 libri
676 2169 903 2236 emantur,
923 2185 996 2227 vel
1017 2183 1141 2227 aliud
1159 2184 1406 2242 quippiam,
1426 2187 1483 2230 de
1504 2202 1558 2231 ea
1579 2202 1629 2230 re
1650 2188 1850 2231 scribant

212 2257 425 2315 primum,
451 2267 501 2302 vt
520 2259 779 2318 intelligant
800 2268 972 2316 quanto
993 2261 1148 2317 precio
1169 2261 1230 2304 sit
1257 2277 1329 2306 res
1357 2265 1564 2317 emenda,
1598 2273 1646 2308 vt
1668 2266 1850 2315 mittant

86 2382 126 2403 ⁷„
159 2329 162 2331 Δ
211 2335 443 2395 pecunias,
469 2336 635 2392 quibus
655 2337 878 2382 soluatur.

745 2471 927 2509 ALIQUA
959 2471 1072 2502 ALIA
1105 2473 1314 2504 ADIECTA

111 2631 113 2633 ·
300 2569 614 2613 Indifferenter
641 2578 974 2614 conuersentur
1002 2586 1107 2614 cum
1140 2560 1354 2616 omnibus
1380 2574 1598 2631 hispanis,
1634 2575 1731 2618 sine
1759 2576 1848 2617 vllo

212 2645 488 2698 discrimine,
513 2653 592 2690 aut
612 2662 907 2703 personarum
932 2656 1012 2692 aut
1034 2650 1394 2706 prouinciarum.

299 2723 419 2766 Cum
441 2723 602 2777 nostri,
628 2731 676 2766 vt
699 2725 828 2777 tales,
854 2726 911 2768 ab
929 2725 1130 2770 externis
1146 2727 1413 2771 confessarii
1431 2728 1687 2771 habeantur
1703 2736 1749 2772 et
1766 2729 1849 2772 eli-

212 2805 399 2855 gantur,
424 2799 591 2855 quibus
613 2807 714 2844 tuto
734 2801 887 2844 omnia
908 2802 988 2844 fidi
1015 2803 1208 2858 possint,
1240 2812 1308 2848 est
1337 2818 1614 2860 magnopere
1642 2806 1848 2848 animad-

127 2869 142 2878 ”
215 2877 505 2928 uertendum,
530 2892 588 2921 ne
610 2877 720 2932 quid
742 2892 915 2931 eorum,
941 2893 1059 2934 quae
1086 2879 1133 2922 in
1162 2881 1448 2925 confessione
1477 2888 1556 2924 aut
1585 2896 1640 2924 ex
1664 2884 1847 2926 confes-

284 3051 303 3068 α
350 3041 424 3078 Ms.
441 3041 479 3076 si
494 3041 568 3079 vel.
619 3043 688 3069 —b
713 3045 914 3089 acceptam
933 3054 1003 3079 ms.
