2098 3470
348 287 420 324 250
822 279 978 316 PA'rms
1004 281 1247 317 HmnoNYm
1274 281 1424 317 NADAL

295 379 435 432 horis,
472 380 552 423 sed
581 380 691 424 satis
719 380 804 424 erit
834 381 873 425 si
903 382 1082 426 duabus
1111 382 1183 425 vel
1215 381 1360 425 tribus
1386 382 1510 426 horis
1531 390 1814 437 exerceatur,
1839 399 1932 428 non

295 463 470 499 tantum
494 464 542 499 vt
565 457 774 513 proficiat
795 458 841 501 in
864 459 1081 511 oratione,
1113 460 1192 502 sed
1221 466 1270 501 vt
1298 459 1438 515 possit
1466 474 1566 504 esse
1594 460 1844 505 instructus
1874 463 1933 505 ad

291 533 491 576 dandum
516 534 614 578 aliis
631 534 862 581 exercitia.

378 611 420 653 6.
489 612 540 654 P.
575 611 680 655 Pisa
710 612 795 655 erit
826 615 1083 669 praefectus
1114 612 1368 655 studiorum
1405 613 1639 670 Vtriusque
1679 615 1928 668 facultatis,

290 688 577 744 theologicae
598 695 643 732 et
665 688 1019 745 philosophicae.

270 749 275 754 ²
381 775 425 818 7.
493 765 580 808 His
602 765 763 809 diebus
783 780 927 821 vsque
950 754 1010 809 ad
1027 764 1289 810 vacationes
1317 766 1493 809 curabit
1521 774 1671 811 rector
1698 782 1779 823 per
1805 782 1855 813 se
1883 776 1932 813 et

287 842 608 896 confessarios,
635 849 698 895 vt,
725 843 801 898 qui
823 858 955 886 vsum
979 843 1283 887 meditationis
1306 858 1395 886 non
1419 844 1606 896 habent,
1631 844 1678 886 in
1698 844 1775 888 illa
1796 860 1927 890 exer-

286 925 491 971 ceantur,
511 926 557 962 et
579 919 747 963 addant
769 920 962 964 mediam
987 922 1143 963 horam
1161 919 1393 973 orationis,
1418 919 1545 964 iuxta
1561 921 1795 965 decretum
1813 935 1926 966 con-

286 995 567 1051 gregationis
599 997 825 1053 generalis
862 999 888 1039 ¹.
926 998 1071 1039 Erunt
1102 996 1244 1053 igitur
1280 1011 1413 1041 mane
1449 997 1677 1040 orationes
1714 1013 1794 1054 per
1831 1005 1930 1043 tres

284 1073 578 1126 quadrantes,
613 1080 659 1118 et
690 1088 808 1117 Vnus
841 1075 1070 1130 quadrans
1098 1074 1280 1117 dabitur
1306 1074 1503 1117 examini
1531 1083 1636 1118 ante
1664 1075 1920 1131 prandium.

285 1149 528 1194 Praeterea
544 1165 662 1194 Vnus
680 1152 906 1207 quadrans
925 1150 1167 1195 habebitur
1185 1151 1402 1194 orationis
1418 1158 1524 1196 ante
1541 1166 1727 1195 coenam
1743 1159 1789 1196 et
1803 1167 1927 1196 vnus

285 1226 508 1269 examinis
529 1234 772 1284 antequam
796 1235 902 1271 eant
924 1228 1146 1271 cubitum.

369 1303 410 1345 8.
476 1304 674 1359 Quando
696 1304 848 1348 veniet
871 1312 1050 1361 tempus
1072 1305 1375 1358 vacationum,
1406 1306 1647 1362 catalogus
1674 1306 1922 1350 mortifica-

279 1379 454 1422 tionum
497 1388 796 1436 proponetur,
842 1389 887 1424 et
929 1382 1062 1438 plene
1104 1382 1285 1437 quidem
1328 1382 1699 1426 exercitabuntur
1739 1381 1793 1435 ii,
1840 1383 1918 1438 qui

279 1456 464 1500 omnino
486 1459 731 1511 vacabunt,
757 1458 831 1502 alii
854 1473 975 1511 vero,
1002 1459 1152 1514 quoad
1174 1460 1287 1502 feret
1307 1472 1464 1502 eorum
1487 1459 1746 1515 occupatio.

317 1540 319 1542 '
367 1549 410 1591 9.
479 1535 679 1590 Quando
702 1542 829 1579 extra
851 1535 1054 1580 ordinem
1075 1536 1211 1579 vellet
1233 1535 1402 1591 aliquid
1423 1535 1594 1580 dictare
1623 1536 1843 1580 Peltanus
1870 1536 1921 1580 in

276 1611 449 1664 schola,
476 1612 683 1654 consulat
705 1627 758 1656 ea
785 1613 840 1656 de
869 1622 916 1655 re
945 1611 1282 1668 provincialem.
1314 1613 1417 1656 Non
1447 1619 1515 1657 est
1545 1611 1676 1655 facile
1704 1612 1916 1655 introdu-

270 1788 355 1829 dal,
374 1789 427 1834 11,
444 1788 528 1838 5893
547 1788 720 1836 quicum
743 1795 909 1836 quatuor
932 1801 1054 1825 annos
1074 1789 1155 1835 jam
1179 1789 1218 1825 in
1244 1789 1443 1825 Societate
1467 1789 1720 1836 explevisset,
1742 1790 1916 1826 nondum

272 1847 460 1883 exercitia
479 1847 696 1895 spiritualia
714 1848 873 1885 fecerat.

346 1908 355 1927 ¹
408 1908 546 1943 Sermo
565 1913 626 1943 est
643 1907 692 1943 de
711 1907 871 1943 decreto
890 1917 934 1954 29
948 1907 1263 1954 congregationis
1284 1907 1480 1954 generalis
1504 1907 1715 1954 secundae,
1733 1907 1837 1955 quod
1855 1907 1913 1943 ita

272 1967 407 2002 habet:
425 1967 593 2002 «Actum
608 1965 696 2013 fuit,
714 1972 754 2002 et
768 1979 837 2014 per
851 1968 999 2014 aliquot
1012 1967 1097 2003 dies
1111 1967 1366 2014 disputatum,
1380 1966 1429 2002 de
1443 1966 1624 2012 augendo
1638 1971 1814 2013 tempore
1828 1978 1912 2002 ora-

274 2024 410 2071 tionis,
425 2025 528 2072 quod
547 2025 587 2061 in
604 2025 976 2072 Constitutionibus,
998 2026 1051 2061 IV
1065 2031 1180 2073 part„
1199 2037 1283 2072 cap.
1303 2035 1337 2071 4,
1359 2025 1600 2071 praefigitur3
1616 2030 1657 2060 et
1666 2025 1812 2071 placuit
1830 2030 1912 2061 tan·

271 2083 362 2119 dem
381 2084 701 2131 Congregationi:
722 2090 766 2120 ut
784 2085 826 2120 P.
847 2085 1098 2132 Praepositus
1116 2085 1323 2121 Generalis
1341 2096 1409 2130 pro
1423 2096 1492 2120 sua
1510 2084 1717 2131 prudentia
1730 2084 1854 2131 possit
1868 2084 1912 2120 id

272 2156 434 2191 augere,
461 2150 576 2192 prout
603 2144 788 2192 expedire
807 2144 846 2179 in
865 2144 1034 2180 Domino
1051 2144 1297 2190 iudicaverit,
1319 2144 1451 2179 habita
1469 2144 1619 2179 ratione
1637 2156 1906 2191 personarum,

269 2203 487 2250 regionum,
518 2209 620 2239 etc.»
647 2204 705 2239 Ex
732 2203 920 2239 Instituto
952 2203 1163 2239 Societatis
1183 2203 1284 2250 Jesu
1315 2203 1572 2249 (Florentiae,
1600 2202 1830 2249 1892-1893),
1852 2204 1909 2250 ΙΙ,

268 2271 355 2309 201,
375 2272 458 2298 202.
481 2265 694 2299 Decretum
712 2268 843 2298 autem
862 2263 1042 2309 Bmgiae,
1060 2274 1136 2310 quo
1151 2268 1305 2310 tempus
1323 2262 1510 2298 orationis
1533 2264 1573 2298 in
1597 2268 1679 2298 tota
1703 2263 1904 2302 Societate

270 2329 428 2358 auctum
448 2323 537 2370 fuit,
557 2328 619 2359 est
632 2322 869 2370 hujusmodi:
886 2322 1102 2358 «Hauendo
1119 2323 1155 2358 la
1172 2321 1478 2368 congregatione
1494 2323 1680 2368 generale
1699 2322 1865 2359 rimesso
1879 2334 1906 2358 a

269 2382 318 2419 N.
340 2382 464 2418 Padre
483 2382 681 2429 preposito
697 2383 771 2418 che
797 2383 1007 2428 allargasse
1026 2382 1052 2417 il
1071 2388 1203 2428 tempo
1227 2381 1321 2417 dell'
1347 2381 1535 2426 oratione,
1553 2393 1664 2417 corne
1690 2381 1718 2417 li
1742 2393 1906 2428 paresse

269 2442 458 2486 conuenir
476 2442 515 2477 in
545 2441 728 2488 Domino,
747 2441 796 2476 ha
822 2441 1082 2477 determinato
1111 2442 1184 2477 che
1211 2442 1247 2477 la
1277 2441 1440 2477 mattina
1463 2440 1497 2476 si
1520 2440 1671 2476 saccino
1693 2446 1753 2476 tre
1770 2440 1900 2488 quarti

265 2500 499 2547 d’orafione,
515 2512 634 2536 senza
654 2500 682 2536 li
700 2499 792 2536 duoi
809 2498 935 2547 quarti
954 2500 1088 2535 d’hora
1105 2499 1198 2536 delli
1217 2499 1372 2543 essami,
1392 2500 1464 2535 che
1488 2499 1523 2535 si
1553 2499 1670 2535 fanno
1699 2498 1831 2535 auanti
1856 2499 1897 2534 di

263 2560 407 2596 andare
426 2573 447 2596 a
465 2571 609 2607 pranzo
627 2564 668 2595 et
685 2571 707 2594 a
724 2558 893 2595 dormire
912 2561 949 2594 la
967 2571 1066 2594 sera.
1086 2560 1136 2594 Et
1153 2571 1175 2594 a
1191 2564 1331 2606 questo
1348 2558 1486 2594 ultimo
1504 2570 1670 2603 essame‚
1700 2558 1833 2594 auanti
1858 2557 1901 2594 di

264 2619 409 2655 andare
423 2631 445 2654 a
459 2618 643 2665 dormire,
661 2619 711 2654 ha
727 2617 967 2653 accresciuto
987 2630 1038 2653 un
1057 2619 1156 2654 altro
1171 2622 1323 2667 quarto3
1343 2617 1383 2653 in
1399 2617 1572 2653 maniera
1590 2618 1663 2653 che
1686 2617 1743 2653 sia
1762 2628 1897 2653 mezza

263 2680 358 2714 hora
375 2679 448 2714 che
466 2690 581 2714 serua
598 2690 668 2725 per
684 2689 837 2713 essame
855 2682 895 2713 et
914 2678 1087 2713 oratione
1106 2678 1290 2720 mentale,
1312 2688 1336 2712 0
1361 2678 1508 2721 vocale,
1534 2676 1704 2712 secondo
1722 2678 1759 2712 la
1783 2687 1900 2723 capa·

262 2738 341 2774 cita
359 2738 408 2773 de
432 2737 615 2784 ogn‘iuno,
638 2738 672 2772 al
691 2735 804 2784 parer
820 2735 883 2771 del
908 2737 1122 2783 superiore.
1142 2738 1191 2772 Et
1215 2747 1289 2772 con
1311 2741 1463 2783 questo,
1486 2735 1552 2771 alli
1575 2735 1767 2782 superiori
1791 2735 1824 2771 si
1848 2735 1901 2771 da

260 2796 404 2832 facolta
422 2796 471 2831 de
489 2796 717 2843 dispensare
733 2806 807 2831 con
826 2795 1045 2841 particolari
1060 2807 1083 2830 0
1100 2807 1175 2831 con
1192 2795 1292 2840 altri,
1314 2794 1484 2830 secondo
1504 2795 1576 2830 che
1595 2794 1622 2830 li
1646 2794 1781 2840 patera
1806 2805 1899 2830 con·

259 2850 384 2894 uenir.
406 2857 455 2891 Et
472 2855 555 2891 cosi
573 2855 621 2890 V.
642 2855 689 2893 R.
709 2853 865 2890 l'ordini
890 2855 984 2889 nelli
999 2855 1085 2890 suoi
1107 2854 1266 2900 collegii
1283 2865 1351 2901 per
1369 2859 1478 2901 parte
1502 2853 1551 2889 de
1566 2853 1614 2890 N.
1636 2853 1760 2888 Padre
1773 2864 1896 2899 gene-

255 2917 353 2951 rale.
375 2915 428 2960 (A
443 2914 600 2961 Spagna
618 2912 712 2961 pero
731 2914 764 2949 s'
783 2914 804 2949 ὲ
823 2913 960 2949 scritto
978 2915 1050 2949 che
1069 2913 1221 2949 faecino
1240 2914 1305 2949 un'
1326 2914 1419 2948 hora
1437 2914 1473 2948 la
1492 2912 1669 2959 mattina,
1689 2912 1730 2948 in
1754 2913 1899 2948 luocho

254 2974 294 3010 di
313 2980 371 3010 tre
390 2974 516 3022 quarti
534 2974 607 3009 che
626 2973 659 3009 si
676 2973 794 3009 fanno
812 2973 852 3008 in
871 2973 959 3009 altri
980 2973 1168 3019 luoghi.)»
1187 2974 1245 3008 Ex
1263 2978 1421 3019 regesto
1447 2973 1698 3019 epistolarum
1723 2983 1898 3008 eommu-

254 3034 376 3080 nium,
396 3033 459 3069 cui
479 3033 629 3070 titulus:
653 3031 800 3079 «Epist.
820 3043 1059 3069 communes.
1084 3032 1340 3079 1565-1657.»‚
1359 3043 1447 3079 pag.
1468 3040 1504 3076 7.
1524 3031 1567 3067 In
1586 3030 1777 3077 margine:
1796 3030 1899 3067 «Co-

257 3104 374 3128 mune
398 3104 468 3139 per
488 3097 590 3128 tutte
614 3093 650 3127 le
671 3090 810 3139 parti.»

2091 1650 2098 1735 εξ

2092 1738 2098 1811 ἱ
