2098 3470
325 307 396 344 420
796 302 950 339 PATms
977 303 1218 339 Humonvm
1244 303 1394 340 NADAL

279 401 512 445 daemonis
534 408 580 444 et
607 417 664 445 ex
691 402 868 463 infernp
895 404 1101 456 liberent,
1132 412 1178 448 et
1206 406 1262 448 ad
1290 406 1481 450 salutem
1509 413 1555 450 et
1583 408 1904 463 perfectionem

278 478 526 532 adducant,
552 479 738 522 Christo
760 480 974 537 propicio.
1002 483 1133 536 Quae
1154 495 1262 524 vero
1284 489 1353 526 est
1374 484 1657 526 consuetudo
1680 484 1725 525 in
1747 483 1905 529 Socie—

279 562 372 598 tate
405 563 453 597 vt
481 570 556 608 ea,
589 570 705 611 quae
732 567 966 602 remanent
999 572 1053 600 ex
1087 558 1275 614 prandio
1307 566 1353 603 et
1381 573 1522 603 coena
1554 560 1757 613 fratrum,
1792 575 1906 616 quae

278 630 379 673 vsui
409 645 508 675 esse
536 646 626 675 non
657 642 846 688 possunt
883 634 1099 690 collegio,
1134 635 1229 678 dari
1261 634 1306 677 in
1345 635 1674 692 eleemosynam
1715 637 1904 692 possint,

278 722 370 751 non
392 708 454 751 ita
484 708 821 765 interpretanda
843 720 911 755 est
940 711 1105 764 ieiune,
1138 719 1186 754 vt
1214 712 1327 754 nihil
1355 712 1497 756 videri
1530 713 1686 768 possit,
1721 728 1811 768 quo
1841 715 1908 757 vti

278 785 522 842 collegium
546 794 758 841 nequeat;
783 802 900 843 quae
923 787 1041 832 enim
1065 788 1278 831 dicuntur
1302 789 1401 831 vsui
1423 788 1523 833 e‘sse
1546 804 1635 832 non
1658 804 1792 845 posse
1815 789 1903 843 135,
1946 829 1950 836 .

278 877 332 906 ea
369 862 738 919 intelliguuntur,
779 879 894 920 quae
932 866 1168 910 commode
1204 865 1306 908 vsui
1343 881 1442 910 esse
1479 881 1570 909 non
1607 875 1817 922 possunt,
1858 874 1908 910 vt

278 939 364 993 ius,
405 942 528 996 quod
564 941 681 985 solet
715 956 815 987 esse
843 942 888 984 in
917 942 1003 985 illis
1039 943 1291 996 residuum,
1327 943 1433 987 item
1472 944 1592 999 quod
1629 943 1675 986 in
1707 944 1906 988 scutellis

278 1018 468 1060 fratrum
507 1025 724 1072 remanet,
763 1034 880 1074 quae
909 1020 1102 1062 frustula
1133 1028 1151 1045 a
1187 1020 1390 1063 carnium
1428 1021 1499 1063 vel
1534 1019 1724 1076 piscium
1762 1021 1909 1064 solent

276 1094 532 1150 relinquere
576 1096 753 1149 fratres,
794 1098 927 1139 modo
963 1096 1212 1141 maiuscula
1248 1112 1339 1140 non
1377 1096 1482 1140 sint.
1523 1098 1735 1140 Frustula
1771 1097 1906 1142 etiam

275 1172 422 1228 panis,
454 1187 572 1227 quae
609 1187 701 1215 non
735 1173 826 1216 sint
862 1174 996 1229 paulo
1033 1173 1216 1217 maiora.
1248 1168 1425 1217 Horum
1458 1174 1658 1217 omnium
1691 1173 1905 1218 iudicium

276 1249 362 1294 erit
392 1249 655 1305 superioris,
687 1250 764 1306 qui
796 1265 849 1294 eo
887 1250 1038 1306 potius
1066 1251 1304 1306 spectabit,
1335 1265 1393 1294 ne
1421 1250 1586 1294 aridior
1613 1251 1660 1294 in
1687 1264 1908 1307 pauperes

275 1325 504 1369 videatur.
1737 1335 1739 1338 “

294 1415 297 1418 ⁴
359 1405 461 1460 Jam
501 1403 611 1447 alias
647 1403 817 1448 dictum
856 1412 924 1448 est
962 1412 1026 1456 vt,
1066 1404 1143 1447 vbi
1179 1404 1461 1460 recipiuntur
1493 1405 1663 1456 literae,
1698 1418 1813 1459 quae
1851 1405 1907 1447 ad

275 1479 473 1535 aliquem
504 1480 762 1526 inferiorem
795 1482 1053 1535 mittuntur,
1083 1489 1134 1524 vt
1171 1497 1247 1526 eas
1275 1482 1479 1538 superior
1515 1496 1605 1524 non
1644 1481 1834 1537 aperiat,
1869 1482 1907 1524 si

274 1557 389 1601 sciat
423 1572 524 1602 esse
553 1558 714 1601 missas
742 1560 798 1601 ab
836 1559 939 1611 alio,
972 1559 1049 1614 qui
1076 1559 1315 1614 vtriusque
1346 1559 1404 1602 sit
1435 1557 1654 1614 superior.
1695 1558 1832 1613 Quod
1868 1558 1906 1600 si

274 1642 506 1688 vereatur,
532 1634 610 1690 qui
632 1635 807 1687 scribit,
832 1651 889 1678 ne
912 1650 1003 1678 non
1027 1643 1302 1692 agnoscatur
1325 1636 1455 1678 cuius
1477 1635 1566 1678 sint
1587 1634 1744 1678 literae
1771 1635 1907 1691 (quod

277 1712 372 1755 fere
395 1726 628 1767 nunquam
648 1712 763 1767 erit),
783 1727 936 1756 earum
957 1713 1329 1769 superscriptioni
1351 1708 1577 1768 apponere
1593 1719 1722 1754 curet
1742 1725 1906 1754 nomen

275 1788 415 1831 officii
445 1788 531 1841 sui,
565 1790 639 1832 vel
666 1789 846 1845 signum
886 1789 1084 1845 aliquod,
1125 1804 1182 1832 ne
1219 1797 1391 1834 temere
1427 1788 1702 1845 aperiantur,
1742 1789 1822 1832 sed
1857 1796 1906 1830 vt

275 1865 547 1931 obsignatae
570 1867 734 1910 dentur
755 1866 826 1918 iis,
852 1867 908 1908 ad
931 1880 1045 1921 quos
1068 1866 1309 1908 mittuntur
1327 1864 1418 1910 138.
1445 1867 1574 1908 Haec
1593 1879 1698 1908 cuni
1715 1865 1776 1907 ita
1798 1864 1904 1916 sint,

275 1942 458 1987 videtur
487 1944 622 1986 simul
654 1945 922 1994 curandum,
960 1951 1008 1985 vt
1045 1943 1157 1986 nihil
1194 1943 1419 1986 scribatur
1456 1942 1590 1986 alicui
1629 1941 1903 1998 particulari,

275 2021 398 2075 quod
421 2035 513 2062 non
535 2021 650 2063 sciat
671 2020 874 2076 superior
896 2020 1184 2064 immediatus
1200 2020 1336 2074 illius,
1353 2028 1419 2072 vt,
1439 2027 1658 2075 quantum
1682 2018 1780 2061 fieri
1802 2026 1902 2074 pot-

276 2097 378 2149 erit,
404 2097 571 2149 omnia,
597 2112 713 2152 quae
733 2097 996 2141 scribuntur
1023 2097 1158 2141 etiam
1187 2098 1243 2140 ad
1275 2097 1587 2153 particulares,
1612 2095 1703 2139 sint
1734 2095 1904 2139 directa

275 2180 321 2216 et
353 2175 610 2230 gubernata
638 2175 694 2217 ab
722 2174 881 2218 iisdem
918 2175 1187 2218 immediatis
1224 2174 1548 2230 superioribus;
1587 2180 1633 2217 et
1671 2174 1754 2215 hoc
1794 2171 1905 2215 tanti

277 2251 433 2304 refert,
459 2251 619 2306 quanti
645 2252 814 2295 referre
842 2252 956 2295 solet
982 2265 1073 2294 non
1105 2252 1251 2295 facere
1273 2250 1585 2306 exemptiones
1612 2257 1690 2292 aut
1718 2247 1904 2292 diuisio-

273 2342 356 2372 nes
382 2328 427 2370 in
453 2328 675 2385 collegiis,
701 2335 746 2373 et
773 2343 861 2371 non
893 2328 1186 2372 constristare
1207 2327 1478 2384 superiores.
1505 2326 1725 2370 Iudicabit
1756 2333 1904 2369 tamen

277 2404 357 2460 qui
381 2405 557 2457 scribit,
583 2405 809 2460 siquando
833 2406 921 2448 hoc
942 2405 1038 2448 fieri
1060 2420 1152 2448 non
1175 2404 1355 2461 poterit,
1380 2405 1452 2447 vel
1474 2403 1583 2448 vtile
1604 2417 1694 2446 non
1716 2401 1814 2446 erit.

365 2483 415 2525 In
444 2482 666 2538 collegiis,
697 2482 774 2524 vbi
801 2482 885 2524 erit
918 2482 1314 2538 superintendens,
1338 2480 1653 2538 poenitentias,
1679 2494 1794 2535 quae
1825 2493 1907 2535 pro

276 2560 415 2603 rebus
438 2559 619 2623 maioris
651 2559 864 2602 momenti
898 2568 1004 2602 sunt
1036 2559 1351 2615 imponendae,
1388 2558 1538 2601 nullus
1571 2557 1772 2613 imponat
1807 2555 1905 2598 sine

277 2649 508 2679 consensu
553 2635 984 2692 superintendentis.
1033 2635 1297 2679 Ordinarias
1339 2649 1449 2677 vero
1493 2633 1619 2677 dabit
1660 2641 1808 2675 rector
1849 2646 1904 2675 ex

281 2713 529 2756 officiove]
552 2711 868 2755 commissione
890 2712 1130 2766 ordinaria,
1155 2712 1254 2755 sine
1274 2726 1328 2755 eo
1351 2712 1471 2766 quod
1493 2710 1613 2754 dicat
1639 2709 1807 2765 aliquid
1826 2723 1905 2751 su·-

275 2789 627 2846 perintendenti,
640 2797 686 2833 et
703 2804 759 2833 ex
775 2788 861 2831 illis
880 2785 950 2833 137
962 2789 1088 2833 leues
1106 2789 1278 2844 aliquas
1295 2787 1499 2830 ministro
1515 2787 1688 2830 dandas
1704 2784 1904 2828 commit-

277 2873 362 2911 tet.
387 2866 692 2910 Subminister
715 2866 865 2908 nullus
888 2867 964 2910 det
987 2865 1307 2921 poenitentias,
1330 2879 1413 2908 nec
1442 2865 1606 2908 habeat
1630 2861 1903 2906 commissio-

280 2957 385 2986 nem
408 2942 679 2987 ordinariam
704 2942 1004 2999 poenitentias
1034 2942 1186 2985 dandi.
1213 2942 1320 2994 Hic,
1346 2941 1382 2984 si
1411 2940 1573 2985 viderit
1605 2940 1753 2995 aliqua
1774 2938 1905 2981 inde-

349 3122 366 3138 a
407 3111 622 3158 frustrula
642 3122 716 3146 ms.
734 3110 796 3145 hic
811 3115 854 3144 et
881 3108 1009 3148 infra..
