2098 3470
350 297 422 334 332
823 299 979 336 Pan-ms
1005 300 1248 337 HissRONYm
1274 299 1425 334 NADAL

395 399 489 456 Qui
511 407 619 443 sunt
641 400 790 445 idonei
811 402 869 446 ad
892 401 1151 454 conciones,
1177 408 1475 446 exerceantur
1498 401 1543 443 in
1566 400 1668 444 illis.

396 478 515 521 Cum
537 492 618 533 per
639 478 930 523 Germaniam
949 485 1017 523 est
1035 478 1295 522 faciendum
1314 477 1415 531 iter,
1435 478 1472 521 si
1489 478 1586 522 fieri
1604 477 1761 534 possit,
1789 478 1937 523 ferant

304 554 548 598 interulam
570 561 815 608 sottanam,
842 569 977 611 quam
999 563 1166 598 vocant
1188 554 1461 608 breuiorem,
1481 562 1526 599 et
1542 555 1822 598 mantellum.
1843 555 1937 610 Qui

303 630 353 673 in
379 645 499 686 equo
521 631 607 674 iter
629 630 818 685 faciunt,
844 647 935 675 non
974 633 1119 675 ferent
1141 646 1278 675 arma:
1321 630 1548 688 peditibus
1576 638 1726 688 potest
1747 631 1937 675 concedi

306 722 500 764 paruum
524 707 687 753 hastile
708 716 788 752 aut
809 708 979 764 aliquid
1001 708 1159 752 simile.
1348 709 1350 713 ’

399 784 449 830 Si
466 784 755 842 contingeret
772 785 941 841 aliquid
957 786 1055 828 fieri
1072 785 1117 827 in
1129 786 1338 842 collegio,
1350 785 1471 842 quod
1491 792 1611 829 esset
1623 784 1938 829 emendatione

305 861 521 918 dignum,
546 868 593 906 et
614 868 765 907 tamen
787 862 1039 906 nesciretur
1061 863 1242 915 author,
1269 862 1469 905 adhibita
1491 861 1613 905 omni
1630 860 1881 918 diligentia,
1901 861 1938 904 si

307 953 384 983 res
407 953 500 982 non
522 938 753 983 videretur
789 939 1128 991 dissimulanda,
1161 946 1400 995 postquam
1430 938 1534 982 sciri
1571 953 1668 981 non
1689 945 1839 994 potest
1855 952 1938 981 au-

305 1018 427 1068 thor,
452 1016 612 1059 saltem
634 1016 934 1061 contendatur
951 1017 1007 1059 ad
1030 1015 1410 1060 emendationem:
1435 1015 1557 1070 quod
1574 1016 1652 1059 fiet
1673 1014 1712 1058 si
1729 1014 1940 1058 omnibus

306 1091 596 1137 confessariis
618 1092 967 1149 praescribatur,
992 1100 1040 1134 vt
1063 1092 1109 1135 in
1131 1092 1417 1135 confessione
1438 1092 1722 1149 interrogent
1750 1106 1859 1135 suos
1881 1091 1939 1134 de

307 1184 361 1213 ea
382 1184 447 1222 re,
472 1177 519 1212 et
541 1170 836 1213 absoluantur
858 1169 1038 1224 quidem
1063 1168 1140 1224 qui
1171 1170 1392 1222 fecerunt3
1433 1170 1512 1212 sed
1536 1176 1687 1213 tamen
1710 1168 1748 1211 si
1771 1168 1936 1211 iterum

304 1246 515 1290 inciderit
531 1246 577 1289 in
597 1245 733 1300 idem,
756 1246 841 1289 erit
862 1246 1097 1289 arbitrium
1116 1245 1382 1289 confessarii
1404 1262 1461 1289 an
1478 1245 1642 1290 iterum
1660 1259 1766 1289 eum
1788 1245 1937 1288 absol-

306 1331 401 1372 uat:
426 1338 585 1366 verum
608 1323 645 1366 si
668 1323 800 1366 tertio
837 1323 1060 1375 inciderit,
1086 1338 1177 1366 non
1206 1323 1291 1366 erit
1319 1323 1642 1375 absoluendus,
1679 1322 1759 1366 sed
1781 1321 1951 1366 remit-¹

309 1401 474 1444 tendus
496 1401 552 1443 ad
576 1399 870 1456 superiorem,
904 1414 998 1442 non
1021 1401 1142 1455 quod
1167 1400 1225 1443 sit
1246 1414 1379 1443 casus
1402 1407 1676 1451 reseruatus,
1708 1399 1790 1443 sed
1817 1399 1939 1454 quod

309 1477 348 1520 is
369 1492 462 1520 non
482 1476 690 1520 videatur
711 1477 831 1533 apud
853 1477 979 1519 illum
1003 1477 1329 1534 confessarium
1353 1477 1586 1533 proficere,
1611 1491 1718 1519 nam
1744 1475 1782 1518 si
1805 1489 1938 1518 casus

310 1560 431 1599 esset
454 1560 733 1607 reseruatus,
758 1554 845 1596 iam
868 1555 924 1596 ab
947 1553 1074 1596 initio
1096 1553 1221 1596 illum
1244 1554 1481 1597 absoluere
1510 1567 1602 1595 non
1625 1552 1864 1609 potuisset.

399 1633 624 1674 Poterunt
660 1629 843 1686 quidem
876 1630 1058 1673 inuitari
1091 1630 1293 1686 hospites
1321 1630 1580 1686 aliquando,
1612 1630 1687 1673 vel
1715 1630 1773 1672 ad
1804 1643 1935 1686 pran-

249 1734 252 1736 >
302 1708 448 1762 dium,
473 1708 547 1751 vel
569 1708 627 1750 ad
660 1722 836 1759 cenam,
862 1707 934 1751 vel
964 1708 1020 1749 ad
1042 1707 1335 1760 ientaculum3
1367 1721 1456 1749 non
1487 1714 1636 1750 tamen
1658 1707 1843 1749 domum
1867 1721 1940 1749 re-

302 1785 399 1841 cipi
417 1785 490 1828 vel
511 1783 784 1841 pernoctari3
810 1784 886 1840 qui
910 1770 1061 1828 autem
1084 1784 1285 1840 hospites
1306 1791 1595 1837 censeantur,
1621 1783 1760 1839 quiue
1781 1798 1837 1826 ex
1854 1782 1941 1825 illis

304 1862 439 1918 digni
461 1862 702 1905 videantur
722 1862 811 1904 hoc
834 1861 999 1914 officio,
1024 1861 1067 1903 id
1093 1861 1311 1904 iudicabit
1333 1861 1555 1917 superior,
1586 1868 1632 1905 et
1655 1868 1805 1904 tamen
1833 1873 1941 1917 pro—

310 1939 535 1991 uincialis,
556 1953 662 1981 cum
679 1945 749 1981 est
765 1938 811 1980 in
829 1938 1087 1982 visitatione
1102 1945 1182 1982 aut
1197 1938 1242 1980 in
1260 1920 1480 1994 collegiis,
1500 1938 1699 1993 alioquin
1716 1937 1941 1994 intelliget
2000 1927 2004 1930 ’

305 2031 446 2071 quam
470 2015 606 2060 fuerit
627 2018 788 2059 horum
810 2015 1038 2071 hospitum
1061 2014 1271 2058 inuitatio
1294 2016 1524 2070 frequens.

399 2095 532 2148 Quae
549 2093 783 2149 leguntur,
809 2093 881 2135 vel
905 2093 1106 2148 regulae,
1133 2093 1204 2136 vel
1226 2092 1459 2147 epistolae,
1485 2092 1531 2134 in
1565 2091 1822 2145 refectorio,
1848 2093 1941 2134 fra-

306 2170 456 2213 ·tribus
493 2170 709 2226 legantur
745 2183 801 2211 ex
839 2169 1087 2224 exemplari
1110 2168 1305 2225 collegii,
1347 2184 1437 2211 non
1460 2184 1516 2212 ex
1538 2168 1727 2225 priuatis
1751 2167 1938 2212 fratrum

306 2246 551 2303 exemplis.

399 2322 576 2379 Capitia
598 2330 821 2366 nocturna
843 2323 1007 2366 dentur
1038 2322 1231 2378 singulis
1260 2321 1473 2365 fratribus
1501 2329 1546 2367 et
1574 2322 1823 2378 strophiola
1845 2322 1943 2365 sin-

306 2401 432 2458 gulis
449 2398 871 2444 hebdomadibus..
1720 2397 1723 2399 ’

402 2477 691 2533 Intelligatur
713 2491 771 2518 an
789 2491 945 2520 omnes
968 2479 1128 2520 fratres
1149 2478 1347 2521 habeant
1369 2477 1553 2530 rosaria,
1579 2483 1634 2525 et,
1647 2476 1724 2533 qui
1746 2491 1838 2520 non
1860 2478 1941 2519 ha-

310 2557 440 2607 bent,
459 2554 547 2597 illis
568 2554 752 2606 dentur,
776 2560 822 2596 et
845 2553 881 2596 si
904 2553 1089 2598 meliora
1116 2568 1209 2596 non
1233 2554 1406 2610 possint
1434 2553 1608 2606 haberi,
1640 2554 1805 2596 dentur
1828 2568 1943 2609 quae

312 2632 388 2675 hic
410 2630 724 2684 inueniuntur;
750 2644 835 2673 nec
859 2631 1241 2686 praetermittatur
1263 2640 1312 2673 vt
1334 2632 1533 2674 habeant
1550 2629 1719 2687 singuli
1741 2630 1943 2674 libellum

310 2723 500 2765 precum
522 2709 655 2752 beate
677 2706 864 2758 Mariae,
889 2708 962 2749 vel
989 2708 1237 2750 Hortalum
1261 2708 1445 2750 animae
1479 2709 1507 2760 ¹,
1531 2707 1578 2749 in
1601 2721 1692 2762 quo
1715 2706 1851 2750 etiam
1875 2714 1945 2752 est

307 2784 424 2827 illud
447 2784 664 2829 officium.

399 2863 575 2905 Curent
596 2868 647 2904 vt
665 2861 917 2913 lanam-um,
942 2861 990 2904 in
1011 2875 1103 2916 quo
1126 2862 1281 2905 lauent
1310 2868 1608 2909 manusante
1636 2860 1874 2917 prandium
1899 2868 1945 2905 et
1994 2848 1998 2853 ³

306 2952 504 2983 coenam
527 2939 703 2991 fratres,
736 2937 853 2980 intra
875 2938 1060 2982 domum
1089 2939 1184 2990 fiat,
1217 2938 1292 2980 vbi
1322 2945 1536 2994 poterunt
1564 2937 1942 2981 commodissime.

384 3106 394 3127 ²
447 3104 548 3141 Vide
569 3116 686 3152 supra
704 3116 798 3152 pag.
822 3103 907 3151 234,
926 3110 1063 3142 annot.
1092 3114 1121 3141 1.
