2098 3470
726 287 1002 324 Monmnmn
1027 285 1297 322 [ramas—18
1716 295 1784 334 179

189 389 318 434 orbis
345 388 486 434 totius
513 388 736 446 partibus,
765 386 1016 432 ministeria
1047 386 1289 432 Societatis
1326 389 1619 442 conferendo,
1658 391 1716 433 ad
1750 405 1832 434 eos

192 465 437 520 iuuandos,
461 465 539 522 qui
560 462 781 522 spirituali
803 464 972 508 auxilio
993 463 1085 507 sint
1105 462 1329 517 destituti,
1359 464 1457 508 siue
1486 465 1530 508 in
1560 465 1828 523 regionibus

189 542 520 587 catholicorum
535 574 547 595 ,
585 542 684 586 siue
718 540 1070 594 haereticorum,
1109 539 1208 584 siue
1243 542 1686 595 mahumetanorum,
1726 543 1827 587 siue

190 618 447 677 gentilium.
480 618 571 663 Hic
598 633 708 663 uero
743 617 848 662 finis
882 616 1125 663 Societatis
1161 624 1232 662 est
1266 617 1650 673 preciosissimus,
1689 627 1827 676 atque

189 695 517 753 optatissimus,
543 702 595 739 ut
614 709 669 740 eo
695 701 936 740 accurrant
956 694 1105 749 nostri,
1121 693 1405 738 adiuuandas
1425 694 1614 748 animas,
1640 696 1718 739 ubi
1739 698 1826 741 hae

186 772 248 818 de
264 779 454 818 >aeterna
474 774 623 818 salute
640 771 972 830 periclitantur.
996 771 1119 815 Vsus
1140 770 1407 815 missionum
1434 779 1521 824 est,
1548 781 1598 815 ut
1620 773 1826 818 mittatur

187 863 308 893 vnus
328 850 577 906 professus,
600 849 679 906 qui
701 848 999 893 concionetur
1019 856 1065 892 et
1086 846 1307 893 lectiones
1327 862 1479 892 sacras
1501 850 1683 903 habeat,
1708 851 1825 894 alius

186 925 439 980 coadiutor,
463 925 542 982 qui
563 924 719 969 audiat
739 925 1066 978 confessiones,
1090 931 1283 980 uterque
1299 924 1552 968 'ministeria
1579 926 1824 970 Societatis

186 1002 438 1061 spiritualia
463 1003 616 1048 obeat.
645 1003 746 1046 Has
771 1001 1011 1047 missiones
1038 1001 1173 1046 faciet
1199 1016 1406 1045 summus
1433 1002 1653 1058 pontifex,
1688 1003 1824 1047 faciet

185 1079 322 1124 etiam
349 1078 578 1137 generalis
605 1078 906 1136 praepositus;
936 1079 1100 1121 harum
1127 1076 1298 1136 incepit
1323 1093 1425 1123 esse
1462 1094 1571 1122 usus
1608 1082 1823 1135 frequens

135 1183 141 1186 -
184 1155 257 1200 his
275 1154 416 1202 initiis
436 1154 695 1209 Societatis,
711 1169 795 1212 pro
811 1162 1073 1198 nostrorum
1094 1155 1340 1212 paucitate.

270 1231 343 1295 Ex
361 1233 447 1276 hac
468 1239 599 1289 parte
618 1231 831 1285 instituti,
857 1247 974 1288 quae
995 1233 1053 1276 ad
1072 1232 1313 1276 missiones
1328 1217 1507 1285 attinet,
1534 1234 1705 1277 factum
1729 1242 1816 1286 est,

182 1317 236 1353 ut
254 1309 446 1366 professi
467 1309 611 1353 nostri
641 1309 700 1353 ad
725 1309 810 1352 tria
836 1318 946 1352 uota
975 1309 1210 1362 solemnia,
1241 1324 1359 1365 quae
1395 1310 1654 1354 communia
1689 1319 1814 1363 sunt,

178 1386 401 1431 adderent
421 1394 650 1442 quartum,
669 1386 955 1431 obedientiae
975 1401 1154 1430 summo
1175 1387 1380 1443 pontifici
1402 1387 1459 1430 ad
1481 1387 1736 1441 missiones,
1761 1388 1819 1431 ad

179 1462 397 1508 maiorem
417 1477 531 1520 erga
551 1463 854 1508 obedientiam
876 1463 998 1508 sedis
1019 1463 1296 1520 apostolicae
1317 1463 1624 1516 deuotionem,
1644 1465 1702 1507 ad
1723 1479 1818 1508 ma-

177 1538 319 1584 iorem
340 1531 535 1583 suarumv
553 1541 841 1583 voluntatum
871 1539 1241 1597 abnegationem,
1272 1547 1319 1585 et
1349 1540 1586 1584 certiorem
1618 1540 1817 1597 Spiritus

176 1615 323 1660 sancti
342 1615 656 1670 directionem;
680 1624 750 1660 est
771 1616 892 1661 enim
908 1618 1024 1661 haec
1040 1632 1145 1673 pars
1160 1617 1403 1673 praecipua
1418 1625 1465 1660 et
1483 1617 1639 1660 ultima
1661 1618 1816 1662 Socie-

177 1690 300 1746 tatis,
339 1707 476 1749 quam
514 1707 750 1750 speramus
786 1694 884 1738 sore
919 1693 1328 1738 fructuosissimam
1365 1702 1411 1737 et
1454 1694 1815 1740 celeberrimam.

173 1769 308 1815 Ratio
327 1784 440 1814 uero
459 1777 506 1813 et
526 1771 747 1828 obligatio
767 1771 864 1815 uoti
886 1773 1001 1815 haec
1021 1780 1108 1824 est,
1129 1779 1179 1814 vt
1194 1772 1392 1815 habetur
1407 1771 1451 1814 in
1471 1772 1663 1814 formula
1681 1771 1815 1815 insti·

174 1846 278 1890 tuti:
301 1853 351 1890 vt
371 1846 591 1903 quicquid
610 1848 855 1892 modernus
877 1855 923 1892 et
944 1848 1017 1892 alii
1039 1848 1216 1891 romani
1238 1848 1477 1904 pontifices
1498 1863 1579 1904 pro
1609 1856 1813 1905 tempore

171 1922 420 1969 existentes
440 1923 672 1978 iusserint,
698 1925 756 1968 ad
782 1926 1036 1982 profectum
1066 1925 1337 1977 animarum,
1377 1933 1423 1968 et
1454 1925 1559 1969 fidei
1592 1940 1813 1982 propaga-

174 1996 342 2045 tionem
378 2000 635 2056 pertinens,
674 2010 722 2044 et
742 2003 817 2046 .ad
853 2016 1166 2058 quascumque
1202 2002 1461 2058 prouincias
1504 2017 1588 2045 nos
1630 2001 1811 2047 mittere

172 2076 421 2130 voluerint,
465 2077 565 2122 sine
606 2079 699 2122 ulla
747 2079 1127 2136 tergiuersatione
1175 2087 1255 2123 aut
1297 2079 1616 2130 excusatione,
1668 2078 1809 2132 illico,

56 2207 74 2212 φ
160 2161 394 2209 ,quantum
414 2153 463 2198 in
483 2155 615 2199 nobis
637 2155 790 2210 fuerit,
815 2156 913 2199 siue
935 2171 1019 2199 nos
1040 2157 1098 2200 ad
1121 2164 1290 2209 turcas,
1310 2156 1408 2200 siue
1425 2157 1482 2199 ad
1499 2170 1811 2212 quoscumque

123 2252 128 2256 ·
170 2229 286 2277 alios
305 2231 527 2284 infideles,
552 2233 688 2277 etiam
711 2234 758 2276 in
779 2241 947 2290 parteS,
973 2248 1087 2290 quas
1104 2234 1255 2277 Indias
1271 2241 1456 2285 uocant,
1477 2233 1575 2277 siue
1593 2233 1650 2275 ad
1672 2247 1808 2287 quos-

54 2294 114 2366 ³
170 2319 367 2364 cumque
408 2309 685 2362 haereticos,
723 2310 1058 2363 schismaticos,
1099 2325 1181 2354 seu
1212 2310 1347 2354 etiam
1387 2310 1444 2352 ad
1492 2323 1808 2364 quoscumque

144 2373 327 2445 '‘fideles
346 2385 592 2430 mittendos
613 2387 892 2439 censuerint,
917 2387 1081 2442 exequi
1100 2394 1352 2431 teneamur.

71 2515 105 2531 ,
152 2520 158 2523 ἠ
255 2461 317 2507 49
343 2461 465 2520 (166)
506 2463 625 2506 Cum
663 2470 817 2507 autem
853 2470 899 2508 et
936 2470 1032 2507 tota
1069 2462 1298 2516 Societas,
1338 2471 1383 2506 et
1415 2465 1526 2505 haec
1560 2461 1803 2518 praecipua

75 2535 121 2596 ζζῇ
167 2548 274 2594 pars
291 2537 556 2588 missionum
579 2539 819 2584 animabus
838 2540 1051 2583 iuuandis
1078 2541 1156 2584 det
1178 2554 1378 2596 operam,
1403 2554 1520 2594 quae
1543 2547 1683 2594 egent
1711 2538 1804 2593 spi-

71 2600 117 2678 Ξ
139 2649 142 2651 Α
169 2612 320 2658 rituali
341 2615 524 2668 auxilio,
550 2617 626 2660 uel
647 2617 770 2672 quod
791 2616 1031 2673 episcopos
1054 2631 1147 2660 non
1168 2616 1383 2669 habeant,
1409 2616 1481 2659 vel
1504 2615 1627 2670 quod
1649 2613 1695 2656 hi
1718 2614 1803 2670 ipsi

167 2689 365 2748 episcopi
385 2692 588 2736 subsidio
609 2701 750 2750 egent
771 2694 829 2736 ad
850 2694 1043 2736 salutem
1067 2693 1318 2736 animarum
1343 2692 1689 2747 procurandam,
1715 2704 1800 2732 nec

94 2771 133 2822 'j't
166 2765 279 2829 illud
298 2776 490 2824 possunt
509 2770 693 2813 aliunde
713 2770 952 2825 consequi,
983 2770 1051 2823 fit,
1082 2776 1133 2813 ut
1161 2769 1232 2812 his
1270 2768 1616 2812 necessitatibus
1647 2767 1800 2822 proui-

156 2838 276 2893 ,dere
294 2845 459 2888 summi
482 2846 709 2902 pontificis
730 2847 1042 2903 prouidentiae
1064 2845 1323 2896 vniuersali,
1345 2855 1389 2887 et
1406 2858 1542 2886 curae
1558 2851 1603 2887 et
1626 2842 1798 2898 episco-

97 2918 292 2977 {patui
310 2921 561 2966 incumbat.
588 2924 746 2978 Quare
767 2923 1083 2976 existimarunt
1103 2921 1334 2978 praeteriti
1367 2919 1528 2962 summi
1559 2918 1798 2974 pontifices

106 2999 146 3051 ss
163 2994 331 3042 habere
350 3011 400 3042 se
421 2998 696 3043 Societatem
718 3014 800 3055 pro
821 2999 1067 3043 Vniuersali
1089 2997 1210 3041 sedis
1233 2996 1507 3053 apostolicae
1535 2994 1792 3045 seminario,

95 3060 272 3138 2t2<qu0‚
296 3075 354 3118 ad
381 3075 676 3120 necessitates
703 3075 926 3120 ecclesiae
953 3076 1207 3120 catholicae
1234 3072 1554 3118 subleuandas,
1590 3078 1793 3112 utantur⁴
