2098 3470
754 268 1099 306 SUPPLRMENTUM
1107 277 1193 314 -25
1674 270 1745 317 849

154 372 244 416 lem
261 371 450 416 donauit
471 369 690 416 Societati
705 369 917 414 coelestis
933 383 987 413 ac
1004 369 1384 414 clementissimus
1404 373 1539 415 Pater
1556 371 1672 416 inter
1689 372 1789 415 infi-

156 450 298 504 deles,
329 448 599 500 haereticos,
633 455 772 503 atque
802 447 960 491 fideles
992 460 1150 490 omnes
1178 445 1343 503 vbique
1375 448 1597 503 gentium.
1635 450 1790 504 Atque

157 527 289 580 ade0,
322 525 360 570 si
381 539 527 570 meam
549 524 620 568 vis
651 523 809 569 audire
845 522 1137 576 sententiam,
1163 537 1252 579 ego
1285 524 1347 568 ita
1374 539 1554 569 censeo:
1587 527 1644 568 ad
1681 526 1792 570 istos

155 603 294 649 etiam
308 617 468 646 omnes
480 615 614 658 posse
629 600 846 645 exercitia
861 607 1018 643 nostra
1035 601 1382 653 accommodari,
1399 602 1455 644 ad
1471 602 1675 647 infideles
1690 603 1791 658 qui-

155 682 277 732 dem,
295 680 335 724 si
354 680 532 736 exlege
552 685 744 723 naturae
760 684 1003 722 sumantur
1020 676 1243 733 principia
1265 691 1321 720 ex
1339 679 1545 722 doctrina
1565 680 1710 732 Pauli,
1736 681 1792 724 ad

155 759 287 802 Rom.
312 758 401 814 p.⁰‚
425 766 471 800 et
491 755 714 799 Actorum
743 753 883 809 17‚*in
905 753 1130 798 concione
1146 754 1203 797 ad
1221 755 1521 811 areopagitas;
1543 755 1579 799 si
1598 756 1790 812 primum

154 835 519 891 persuadeantur
539 832 735 890 positiue
758 839 935 875 tantum
963 831 1021 874 ad
1047 832 1199 874 Deum
1224 831 1346 883 ferri,
1373 847 1461 875 non
1486 832 1621 877 etiam
1650 848 1794 890 nega-

157 911 269 964 tiue,
293 917 344 954 vt
378 910 553 954 scilicet
580 911 731 953 Deum
758 909 995 962 inuocent,
1021 923 1162 951 vnum
1199 923 1292 951 non
1320 917 1491 964 negent
1522 909 1706 962 trinum,
1731 910 1794 952 illi

155 987 236 1031 vni
255 989 358 1032 Deo
378 1002 428 1032 se
449 987 789 1040 commendent,
813 986 878 1028 illi
898 1001 949 1030 se
978 985 1260 1042 permittant,
1288 992 1334 1029 et
1363 985 1543 1041 quidem
1578 986 1663 1031 206
1692 987 1794 1030 vni-

156 1079 340 1109 uersum
362 1063 685 1109 exercitiorum
708 1064 1053 1106 fundamentum
1077 1062 1133 1106 ad
1156 1064 1275 1105 hanc
1298 1062 1519 1107 rationem
1538 1063 1669 1106 facile
1691 1071 1794 1120 pot-

155 1148 227 1186 est
253 1140 604 1186 accommodari.
635 1142 754 1184 Tum
791 1139 964 1196 primae
999 1139 1312 1184 hebdomadae
1345 1140 1676 1183 meditationes:
1702 1156 1793 1185 non

154 1217 242 1263 erit
262 1225 414 1261 autem
437 1217 788 1274 praescribenda
818 1231 903 1260 nec
935 1215 1178 1269 confessio,
1204 1230 1289 1260 nec
1322 1217 1599 1270 communio,
1625 1219 1704 1261 sed
1737 1219 1794 1260 ad

155 1309 256 1339 eam
287 1294 607 1338 contritionem
635 1294 904 1346 sistendum,
937 1309 1054 1350 quae
1082 1294 1338 1338 necessaria
1366 1294 1502 1338 etiam
1541 1302 1646 1338 ante
1684 1295 1790 1351 Xpi.

157 1371 450 1429 euangelium
473 1371 559 1414 fuit
586 1372 819 1429 gentibus.
852 1370 974 1414 Hinc
1003 1371 1322 1415 meditationes
1351 1372 1585 1416 addendae
1608 1388 1664 1416 ex
1690 1373 1794 1429 lege

158 1455 349 1494 naturae
370 1457 415 1492 et
443 1464 500 1494 ex
527 1448 750 1494 confessis
777 1450 834 1492 ab
861 1447 1039 1492 'infideli
1072 1447 1341 1492 veritatibus
1370 1449 1621 1501 catholicis,
1647 1449 1792 1492 sicubi

155 1539 262 1569 cum
281 1527 532 1570 orthodoxa
553 1527 644 1570 fide
664 1526 752 1569 illis
773 1527 890 1570 bene
910 1525 1146 1579 conuenit,
1170 1525 1269 1569 siue
1298 1525 1383 1568 illis
1406 1526 1583 1581 aliquae
1605 1541 1792 1583 persua—

154 1602 252 1646 deri
274 1602 464 1659 possint.
490 1603 613 1647 Nihil
644 1603 702 1646 de
734 1603 957 1648 Trinitate
988 1602 1076 1646 iam
1109 1602 1321 1659 primum,
1346 1603 1460 1645 nihil
1488 1603 1545 1646 de
1569 1605 1691 1659 Xpo.
1723 1611 1793 1647 est

156 1679 245 1722 illis
275 1681 638 1736 proponendum:
670 1681 917 1725 tradendae
944 1680 1181 1724 commode
1217 1695 1327 1723 vero
1349 1695 1432 1723 suo
1457 1691 1672 1736 tempore,
1703 1681 1710 1736 Ι
1737 1681 1793 1723 ad

154 1755 494 1800 similitudinem
516 1756 860 1800 meditationum
884 1757 1006 1819 regis
1029 1757 1288 1814 temporalis
1309 1766 1355 1800 et
1377 1757 1659 1809 vexillorum,
1684 1772 1794 1801 suae

154 1832 486 1886 meditationes,
511 1841 558 1877 et
574 1826 631 1878 ad
654 1848 794 1876 vnum
811 1835 961 1878 Deum
980 1835 1262 1878 referendae.
1290 1836 1530 1878 Postremo
1546 1835 1793 1879 electiones

153 1902 243 1954 illis
262 1909 667 1955 communicandae
689 1918 990 1967 attemperate
1012 1912 1070 1954 ad
1091 1926 1248 1955 eorum
1273 1919 1456 1968 captum
1485 1919 1531 1954 et
1553 1911 1790 1963 rationem,

154 1986 192 2029 si
213 2001 332 2043 quae
352 1986 551 2031 diximus
572 1987 787 2032 exercitia
815 1987 900 2032 rite
929 1987 1208 2044 peregerint,
1234 1987 1270 2031 si
1299 1990 1400 2031 Deo
1430 2003 1481 2032 se
1510 1987 1789 2044 permittant,

153 2062 266 2106 nihil
285 2078 443 2107 eorum
474 2071 715 2119 negantes,
741 2078 858 2119 quae
896 2063 1075 2119 xpiana.
1109 2065 1221 2108 fides
1250 2065 1511 2116 confitetur,
1538 2073 1583 2107 et
1615 2064 1791 2120 praedi—

151 2147 242 2193 cat,
267 2141 389 2196 quod
410 2140 597 2185 difficile
619 2155 711 2184 non
730 2141 910 2184 videtur
932 2141 1263 2185 mahometanis
1287 2141 1547 2198 persuaderi
1572 2156 1721 2197 posse,
1744 2150 1790 2182 vt

153 2216 231 2272 qui
251 2217 553 2274 profiteantur
574 2226 622 2261 et
642 2225 845 2261 nostram
868 2219 1018 2274 legem
1040 2226 1086 2262 et
1107 2233 1242 2261 suum
1266 2219 1561 2261 alchoranum
1594 2219 1649 2261 ad
1673 2219 1791 2260 salu—

153 2300 245 2337 tem
267 2295 532 2350 perducere.
553 2294 797 2339 Caeterum
821 2293 969 2338 cuiuis
986 2294 1173 2347 infideli,
1192 2299 1276 2341 207
1295 2295 1430 2337 modo
1451 2294 1611 2337 rationi
1630 2309 1789 2338 neces-

152 2363 298 2415 sariae
326 2363 746 2423 consentire'velit,
786 2371 872 2414 erit
909 2371 1042 2414 facile
1078 2387 1345 2427 persuasum
1384 2380 1431 2413 vt
1463 2371 1507 2413 in
1539 2371 1608 2413 his
1646 2372 1789 2413 solum

151 2447 373 2490 consistat
393 2461 448 2490 ac
469 2454 694 2501 versetur,
714 2462 830 2503 quae
855 2449 925 2492 vel
947 2449 1050 2505 lege
1072 2457 1261 2492 naturae
1283 2457 1328 2492 et
1352 2449 1526 2491 ratione
1550 2448 1788 2491 manifesta

152 2530 278 2577 sunt,
301 2524 374 2567 vel
395 2523 471 2567 ille
493 2523 727 2580 speciatim
750 2533 768 2550 ²
790 2540 846 2569 ex
863 2539 946 2568 sua
963 2526 1066 2582 lege
1084 2526 1346 2578 confitetur3
1373 2525 1551 2568 veritati
1568 2524 1687 2567 enim
1712 2524 1785 2565 vni

153 2613 357 2644 summae
385 2599 424 2644 si
452 2600 555 2656 quis
582 2615 632 2645 se
660 2601 929 2655 committat,
959 2616 1067 2646 vere
1096 2602 1134 2645 is
1171 2603 1263 2646 falli
1302 2618 1393 2645 non
1423 2610 1585 2658 potest.
1616 2600 1787 2643 Electio

151 2690 262 2720 vero
283 2678 577 2734 proponenda
603 2676 649 2720 in
673 2691 844 2734 genere
866 2679 1079 2734 quodam,
1105 2693 1196 2722 non
1220 2680 1297 2735 qui
1321 2679 1557 2722 iubeamus
1580 2677 1788 2719 dubitare

152 2753 212 2798 de
233 2767 344 2798 suae
365 2753 482 2811 legis
509 2754 803 2810 persuasione
833 2755 905 2799 vel
933 2755 1046 2807 fide,
1078 2756 1160 2798 sed
1188 2770 1267 2811 per
1297 2754 1646 2798 abstractionem
1671 2753 1788 2808 legis

151 2828 359 2873 cuiusuis
383 2832 533 2875 Deum
554 2830 771 2875 inuocent
793 2846 846 2892 ac
868 2833 1126 2884 consulant,
1148 2840 1197 2874 vt
1213 2832 1451 2876 veritatem
1471 2830 1578 2886 ipsis
1596 2829 1781 2885 aperiat.

151 2905 203 2951 Si
230 2913 386 2952 tamen
406 2907 571 2951 adduci
592 2915 785 2964 possunt
809 2909 867 2952 ad
897 2922 922 2964 3
950 2909 1078 2965 leges
1104 2908 1111 2966 Ι
1140 2909 1471 2966 proponendas,
1501 2907 1783 2956 iudaeorum,

223 3083 242 3101 a
290 3072 422 3109 Dubia
439 3073 571 3110 lectio.

329 3135 446 3165 Ensr.
467 3136 511 3166 P.
533 3137 666 3171 ΝΑυΑι,
688 3145 767 3166 rou.
790 3137 852 3166 IV.
1573 3134 1607 3160 55
