2098 3470
0 1056 9 1084 „

0 1166 10 1217 't

0 0 134 63 {grum
150 0 205 33 121
300 7 302 9 >

27 37 62 57 Ηῖ.
118 35 138 47 ‘¹
211 34 242 37 ”

0 64 22 83 *2
54 67 109 82 ¹⁴‹
224 61 229 72 ¹

0 85 33 113 ἒ.
56 91 77 115 ’.

0 107 22 137 e*

24 141 37 154 Ι

0 166 26 186 ,μ’

509 195 774 234 'ructu-us
798 203 856 231 na
880 201 1209 231 rammonmus
1235 193 1585 231 socinum—63
1749 196 1821 241 619

317 299 389 354 38.
454 297 651 355 Spiritus
673 296 916 343 Societatis
936 297 1071 353 plena
1087 295 1338 352 resignatio
1356 296 1401 339 in
1420 296 1663 341 viuacitate
1680 297 1868 354 spiritus

225 383 272 419 et
294 374 461 418 vnione
483 375 627 432 ipsius
647 375 693 419 in
715 377 864 418 Deum
886 388 993 418 cum
1012 372 1212 417 Christo.
1234 373 1393 428 Itaque
1410 362 1680 418 nihilhabet
1698 374 1867 430 proprii

226 466 405 506 sensus,
437 452 515 508 qui
544 467 653 496 uere
682 451 797 495 uiuit
823 452 870 494 in
898 450 1144 502 Societate‚
1179 450 1253 493 uel
1282 450 1419 494 etiam
1458 450 1768 494 inclinationis
1799 452 1871 494 vel

227 530 363 576 sentit
382 530 452 572 vel
472 531 693 585 sequitur,
715 528 802 572 nisi
824 542 915 585 quo
942 527 1082 571 sentit
1109 527 1317 570 inclinari
1344 527 1640 584 superiorem;
1672 527 1717 570 id
1747 528 1867 572 enim
1914 525 1920 529 ’

226 605 267 650 si
287 605 470 659 sentiat,
494 605 571 649 illo
595 613 691 649 toto
711 605 863 649 animo
884 607 1029 649 fertur
1049 618 1154 648 cum
1182 605 1321 660 plena
1339 604 1564 657 libertate;
1596 619 1787 647 rursum
1811 606 1869 649 ad

226 683 351 729 aliud
386 683 600 739 quoduis,
639 684 681 726 si
713 683 828 726 illud
863 681 1093 739 significet
1130 696 1288 725 rursus
1319 681 1541 739 superior.
1577 683 1694 725 Turn
1733 682 1868 726 etiam

228 760 402 803 nullum
431 768 552 803 amat
579 767 806 804 secretum
834 761 1020 812 habere,
1050 773 1136 803 nec
1164 759 1212 801 in
1240 773 1324 802 sua
1361 758 1657 811 conscientia,
1699 774 1782 802 nec
1821 759 1867 802 in

227 836 504 890 actionibus,
535 852 621 881 nec
647 845 786 891 amat,
815 837 1020 894 accipere
1048 844 1293 888 secretum,
1325 843 1641 893 praeterquam
1673 836 1719 879 in
1754 851 1867 880 con—

230 913 444 968 foesione,
469 915 595 971 quod
618 928 710 957 non
732 914 876 971 possit
896 913 1118 971 superiori
1139 913 1383 969 explicare.

319 1005 391 1048 39.
456 991 789 1036 Fortitudinem
813 992 952 1035 habet
972 1005 1188 1047 magnam
1206 989 1415 1035 Societas
1429 990 1476 1033 in
1492 990 1589 1034 suis
1605 990 1867 1035 ministeriis

226 1082 283 1111 ac
311 1068 449 1112 rebus
476 1068 692 1125 gerendis
718 1068 791 1111 sui
820 1067 1016 1112 instituti
1043 1069 1101 1111 ad
1128 1067 1353 1111 iuuandas
1381 1067 1572 1119 animas,
1605 1075 1651 1112 et
1687 1069 1804 1111 hanc
1843 1083 1869 1111 a

228 1145 338 1198 fine,
364 1145 443 1201 qui
463 1145 791 1201 perfectionem
813 1145 1133 1202 complectitur
1153 1144 1387 1189 charitatis
1408 1145 1455 1188 in
1477 1144 1680 1189 Christo.

318 1234 392 1275 40.
458 1223 614 1266 Habet
629 1222 884 1267 libertatern
902 1223 1129 1279 quandam
1146 1221 1334 1279 spiritus
1350 1221 1646 1278 superiorem,
1670 1229 1719 1264 ut
1738 1223 1869 1266 facile

230 1298 291 1342 sit
311 1300 461 1343 Deum
483 1298 708 1352 inuenire,
734 1300 824 1342 hoc
844 1306 932 1353 est,
955 1298 1246 1344 deuotionem
1276 1306 1414 1354 atque
1434 1298 1572 1343 animi
1594 1299 1793 1354 quietem
1823 1300 1868 1342 in

230 1377 347 1428 Deo,
372 1382 470 1419 tum
491 1375 628 1420 etiam
650 1364 1077 1441 contemplationem
1099 1376 1147 1419 in
1168 1376 1307 1420 rebus
1329 1376 1543 1421 omnibus
1564 1384 1598 1419 ³.

319 1466 393 1507 41.
459 1454 613 1498 Habet
635 1452 886 1497 claritatem
910 1453 956 1496 in
977 1454 1130 1506 rebus,
1157 1461 1207 1496 ut
1228 1453 1340 1496 nihil
1362 1453 1574 1498 uideatur
1594 1468 1696 1498 esse
1719 1453 1869 1510 magis

229 1531 289 1574 ab
311 1530 538 1587 scrupulis
558 1530 772 1574 alienum.
1136 1530 1138 1533 ’

322 1620 396 1661 42.
460 1607 679 1663 Sequitur
714 1622 825 1652 uero
867 1607 914 1650 in
955 1607 1051 1651 suis
1092 1607 1376 1660 actionibus,
1415 1615 1461 1653 et
1503 1608 1743 1665 coniungit
1788 1608 1871 1651 tria

231 1684 468 1742 principia:
492 1683 719 1736 diuinum,
744 1684 1121 1739 ecclesiasticum,
1145 1686 1332 1739 morale;
1351 1685 1429 1741 jus
1451 1685 1627 1730 scilicet
1643 1685 1867 1736 diuinum,
1928 1724 1934 1728 .

229 1748 591 1806 ecclesiasticum
614 1770 661 1805 et
681 1762 868 1815 morale,
894 1776 1011 1818 quae
1032 1762 1290 1807 necessario
1309 1771 1418 1806 sunt
1439 1762 1704 1807 coniuncta.

305 1839 463 1884 VTiene
494 1840 629 1882 modo
656 1840 715 1883 de
740 1838 899 1882 hablar
930 1840 988 1884 de
1017 1840 1084 1883 las
1110 1854 1241 1884 cosas
1277 1839 1536 1896 spirituales
1568 1854 1597 1896 y
1628 1840 1686 1884 de
1720 1840 1868 1891 todas,

229 1919 415 1970 eomi'in,
438 1924 528 1960 etc.
554 1915 588 1959 ¹².
949 1964 952 1967 ,

1006 1993 1088 2037 83

681 2073 734 2114 P.
762 2072 1115 2115 HIERONYMI
1138 2071 1412 2116 NATALIS

355 2172 638 2203 TRACTATUS
673 2173 734 2203 DE
766 2173 1148 2203 TRADITIONIBUS
1181 2172 1242 2203 ΕΤ
1273 2173 1734 2204 CONSUETUDINIBUS

823 2250 1109 2281 socrssTArls
1127 2250 1244 2290 JESU
1266 2241 1273 2258 ¹

320 2330 493 2387 Multus
514 2338 586 2375 est
606 2330 990 2374 consuetudinum
1012 2330 1189 2374 utilium
1211 2339 1258 2375 et
1275 2332 1571 2375 traditionum
1590 2347 1700 2375 usus
1718 2331 1763 2373 in
1783 2332 1870 2375 So·

228 2406 413 2460 cietate,
435 2414 486 2450 ut
502 2407 546 2450 in
565 2407 760 2452 ecclesia
775 2407 861 2451 Dei
883 2415 952 2451 est
968 2415 1014 2452 et
1036 2415 1054 2434 ‘²
1074 2408 1121 2451 in
1144 2408 1358 2453 omnibus
1381 2409 1600 2452 institutis
1625 2407 1863 2464 religiosis.

634 2523 698 2553 DE
719 2523 1101 2554 TRADITIONIBUS
1132 2523 1418 2554 SOCIETATIS
1441 2509 1461 2535 d

318 2609 525 2653 Traditio
561 2609 807 2654 Societatis
842 2609 931 2653 dici
968 2618 1118 2667 potest
1156 2612 1278 2666 quod
1311 2611 1636 2668 praescriptum
1676 2624 1699 2651 a
1731 2610 1868 2651 Patre

299 2722 322 2749 a'
365 2721 476 2757 Haec
490 2722 753 2768 paragraphus
766 2721 976 2758 obliterata
994 2728 1069 2758 est.
1119 2742 1158 2750 ο
1169 2725 1187 2750 b
1205 2724 1314 2758 Haec
1329 2723 1464 2758 ultima
1484 2722 1745 2767 paragraphus
1760 2719 1866 2754 addi·

230 2787 269 2815 ta
293 2785 356 2816 est
378 2781 588 2827 posterius,
615 2780 791 2827 ejusdem
810 2781 854 2816 P.
879 2782 1058 2828 Jimenez
1077 2793 1211 2818 manu.
1267 2792 1330 2809 —c
1358 2782 1443 2816 Hoc
1462 2782 1572 2816 verb.
1601 2779 1751 2815 addidit
1771 2779 1862 2815 Nat.

237 2859 263 2865 -
277 2840 299 2867 d
326 2839 414 2875 Hoc
432 2840 545 2876 verb.
562 2839 712 2876 addidit
730 2840 820 2878 Nat.

312 2940 321 2960 ¹
373 2939 432 2975 Ex
456 2940 684 2987 archetyp0,
703 2952 725 2976 a
743 2941 874 2977 Natali
904 2942 1057 2989 propria
1088 2953 1203 2978 manu
1229 2941 1449 2983 emendato,
1478 2940 1517 2974 in
1552 2939 1646 2976 Cod.
1680 2940 1803 2974 Vatic.
1831 2938 1875 2980 6,

230 2999 300 3036 fol.
320 2997 491 3044 333-337.
