2098 3470
303 313 369 350 140
772 306 926 344 PATms
951 309 1196 345 Huznoxvm
1222 310 1373 347 NADAL

337 409 574 473 Psostrerno
596 409 745 450 miror
767 423 852 466 ego
873 410 983 465 quid
1011 411 1226 453 acciderit
1249 413 1350 464 Bo.,
1379 426 1518 467 quum
1546 426 1680 454 suum
1713 413 1886 456 dederit

248 484 539 542 suffragium
575 486 716 527 Patri
750 486 950 529 Polanco
979 488 1029 529 in
1062 488 1268 530 electione
1293 489 1460 530 vicarii
1483 490 1734 546 generalis,
1757 490 1887 532 cuius

247 562 485 618 suffragio
506 565 547 604 et
567 562 765 605 aliorum
787 567 851 606 est
873 564 1033 606 electus
1054 565 1273 617 vicarius,
1296 579 1382 621 quo
1398 579 1478 607 ore
1494 566 1638 622 possit
1659 567 1784 610 illius
1800 580 1885 609 au-

247 639 444 680 ctoritati
466 639 708 696 derogare.
742 641 836 683 Tua
860 642 1139 695 auctoritate,
1162 645 1239 683 tua
1256 643 1480 684 sententia
1497 656 1549 684 ac
1565 643 1804 700 suffragio
1823 648 1887 687 est

246 715 405 758 electus
423 717 481 758 P.
510 717 693 772 Laynez
713 717 917 760 vicarius
939 718 1171 760 Societatis
1189 719 1444 775 generalis:
1463 733 1555 761 non
1565 724 1691 774 potes
1708 734 1885 777 negare

247 793 349 835 Βο..·
367 797 444 835 tua
463 797 502 835 te
518 807 696 845 manus,
717 797 794 836 tua
811 794 1080 849 subscriptio
1096 798 1136 837 te
1153 796 1273 852 cogit
1289 810 1341 837 ac
1359 782 1616 852 redarguit,
1627 797 1669 839 si
1686 811 1826 854 neges
1841 805 1858 823 ¹³

337 871 472 925 Quod
502 877 664 925 quarto
691 871 794 913 loco
824 871 948 923 citat,
981 886 1064 914 nos
1096 871 1225 915 aliter
1253 872 1449 929 legimus
1470 872 1517 914 in
1550 873 1872 930 chirographo,

247 947 369 1001 quod
396 954 442 990 et
470 961 552 990 nos
581 948 817 1001 habemuS,
848 955 893 992 et
923 949 1103 991 Patrem
1135 950 1217 992 Bo.
1242 948 1436 993 arbitror
1464 951 1556 993 non
1591 949 1775 997 uidisse:
1819 950 1885 994 sic

247 1023 386 1079 igitur
408 1023 664 1068 scribimus:
689 1025 986 1068 «Aduertimo
1002 1028 1111 1081 pero
1129 1040 1155 1068 a
1173 1027 1274 1070 VV.
1297 1025 1382 1071 SS.
1404 1028 1510 1070 ΗΡΘ
1527 1028 1613 1070 che
1630 1028 1756 1072 dette
1773 1041 1886 1070 con-

247 1100 470 1143 stitutioni
493 1115 584 1144 non
607 1115 719 1144 sono
742 1109 928 1154 serrate,
955 1102 1011 1145 ne
1034 1103 1188 1145 hanno
1209 1103 1239 1145 l'
1265 1102 1423 1146 ultima
1444 1118 1578 1146 mano
1595 1103 1652 1148 de
1675 1104 1718 1147 la
1739 1104 1879 1148 Com—

250 1177 416 1234 pagnia
444 1181 499 1220 ¹.»
527 1180 655 1223 Haec
677 1193 788 1221 uero
811 1179 872 1222 ita
895 1179 1202 1223 intelleximus
1234 1186 1279 1223 et
1311 1180 1677 1236 interpretamur,
1703 1195 1795 1224 non
1822 1180 1886 1224 ita

250 1269 349 1298 esse
384 1256 622 1299 conclusas
645 1243 1008 1307 constitutiones,
1041 1271 1133 1299 non
1161 1257 1225 1299 ita
1251 1258 1419 1301 habere
1443 1257 1647 1300 ultimam
1677 1263 1877 1311 manum,

248 1331 356 1386 quin
373 1332 460 1386 illis
477 1332 522 1375 in
543 1333 902 1389 congregatione
920 1333 1122 1389 generali
1136 1348 1216 1389 per
1227 1334 1534 1390 praepositum
1550 1341 1596 1377 et
1608 1334 1885 1379 Societatem

246 1409 349 1452 addi
371 1409 541 1464 aliquid
569 1410 725 1466 possit3
757 1412 843 1453 hoc
875 1419 1027 1454 tamen
1056 1410 1167 1453 nihil
1195 1419 1348 1456 mouet
1376 1425 1531 1455 earum
1561 1411 1884 1456 authoritatem

245 1486 392 1529 donec
413 1486 525 1529 illud
547 1487 642 1540 fiat3
668 1489 754 1529 hoc
777 1496 929 1530 autem
952 1501 1035 1530 nos
1057 1488 1120 1529 ita
1149 1487 1426 1531 intellexisse
1453 1495 1648 1541 constat,
1674 1489 1879 1544 quando-

244 1562 424 1617 quidem
447 1563 510 1606 ita
531 1563 642 1606 dixit
665 1579 842 1619 semper
867 1566 919 1606 P.
946 1563 1167 1620 Ignatius,
1199 1563 1261 1607 ita
1291 1565 1604 1621 promulgatae
1631 1571 1740 1607 sunt
1770 1579 1881 1608 con·

243 1639 518 1692 stitutiones,
545 1648 595 1683 ut
616 1641 795 1696 plenam
819 1640 1141 1685 authoritatem
1165 1642 1402 1693 haberent,
1428 1642 1508 1685 sed
1530 1642 1698 1685 scirent
1721 1656 1882 1685 omnes

243 1716 330 1760 illis
350 1716 455 1759 addi
478 1731 626 1773 posse,
652 1732 742 1760 non
765 1718 910 1760 solum
928 1733 954 1760 a
973 1718 1126 1760 futura
1143 1718 1518 1775 congregatione,
1539 1717 1576 1761 si
1595 1718 1704 1774 quid
1722 1732 1778 1761 ex
1797 1733 1884 1762 usu

243 1807 393 1836 rerum
417 1794 742 1849 comperiretur
765 1795 1039 1842 addendum,
1066 1795 1145 1838 sed
1164 1810 1190 1837 a
1208 1796 1344 1839 Patre
1361 1794 1497 1839 etiam
1517 1795 1713 1851 Ignatio,
1734 1796 1880 1838 donec
1904 1794 1913 1803 ”

246 1870 437 1922 uiueret,
463 1885 564 1913 cum
587 1871 772 1913 consilio
795 1873 1012 1916 Patrum.
1038 1873 1134 1915 Nec
1147 1871 1319 1914 mirum
1341 1871 1379 1915 si
1407 1871 1470 1915 ita
1500 1871 1743 1915 habuerint
1772 1886 1885 1914 con-

245 1947 503 1991 stitutiones
525 1954 722 2000 nostrae,
749 1949 1129 2003 quemadmodum
1153 1950 1240 1991 hoc
1266 1955 1467 2004 tempore
1484 1949 1623 1993 habet
1639 1948 1883 1992 concilium
1907 2004 1909 2006 Ι

245 2024 558 2077 tridentinum,
590 2032 636 2068 et
665 2025 924 2069 reformatio
952 2025 1187 2079 ecclesiae,
1218 2027 1432 2068 inchoata
1460 2041 1540 2082 per
1566 2026 1698 2070 SJmm
1725 2025 1883 2069 Domi-

245 2116 354 2144 num
377 2109 600 2154 nostrum,
626 2116 743 2158 quae
765 2102 939 2146 etiamsi
963 2103 1166 2146 vltimam
1189 2094 1377 2145 manum
1398 2116 1491 2146 non
1521 2088 1732 2155 habeant,
1765 2102 1883 2145 obti-

245 2186 356 2221 nent
378 2185 527 2222 tamen
552 2194 621 2231 ea,
647 2193 763 2234 quae
785 2181 1008 2222 hactenus
1025 2179 1174 2222 aedita
1196 2187 1319 2232 sunt,
1344 2180 1522 2235 plenam
1540 2179 1881 2232 authoritatem,

247 2270 337 2310 qua
359 2255 636 2308 huiusmodi,
662 2256 748 2299 sub
770 2256 955 2299 arbitrio
978 2263 1126 2300 tamen
1150 2270 1259 2299 suae
1280 2251 1550 2299 sanctitatis.
1581 2256 1721 2312 Quod
1743 2256 1885 2312 igitur
1905 2255 1907 2257 ’

244 2332 354 2376 citat
378 2335 429 2376 P.
466 2335 552 2376 Bo.
591 2340 638 2376 et
667 2347 756 2376 non
785 2333 982 2376 diximus
1011 2348 1109 2386 nos,
1142 2341 1187 2378 et
1217 2334 1338 2389 quod
1370 2333 1565 2376 diximus
1595 2347 1754 2377 uerum
1783 2346 1885 2376 esse

245 2404 546 2454 ostendimus.
573 2410 711 2465 Quod
734 2424 844 2454 uero
867 2410 991 2453 addit
1012 2426 1102 2453 non
1132 2425 1232 2455 esse
1259 2410 1306 2452 in
1337 2410 1630 2454 obseruantia
1658 2409 1877 2453 constitu-

245 2486 406 2539 tiones,
432 2501 490 2529 ne
511 2487 565 2529 id.
580 2487 763 2542 quidem
784 2486 997 2539 diximus,
1023 2489 1103 2531 sed
1122 2489 1217 2530 hoc
1238 2494 1372 2543 pacto
1395 2494 1464 2531 est
1485 2486 1532 2529 in
1555 2486 1878 2543 chirographo:

248 2581 264 2601 (ι
277 2565 331 2605 Et
352 2563 487 2607 insin’
513 2564 674 2606 adesso
694 2563 771 2620 piu
794 2572 946 2619 presto
969 2563 1006 2606 si
1029 2578 1155 2606 semo
1177 2563 1416 2620 gouernati
1446 2577 1525 2619 per
1552 2563 1594 2606 la
1619 2562 1810 2606 formula
1836 2562 1882 2604 di

244 2647 399 2683 nostro
428 2640 654 2692 instituto,
685 2646 933 2683 contenuto
962 2641 1080 2685 nelle
1108 2641 1242 2692 bolle,
1274 2647 1318 2684 et
1340 2654 1420 2695 per
1443 2641 1472 2682 l’
1497 2638 1754 2684 obedientia
1775 2638 1882 2683 delli

246 2717 483 2772 superiori,
508 2725 554 2759 et
577 2717 739 2760 alcune
761 2718 916 2773 regole
938 2719 1026 2760 che
1043 2717 1121 2773 qui
1140 2732 1293 2760 uanno
1310 2716 1357 2759 in
1380 2716 1610 2760 italiano.»
1631 2715 1752 2759 Hinc
1770 2714 1883 2758 nihil

243 2793 367 2836 aliud
388 2793 542 2850 colligi
564 2800 730 2849 potest,
756 2807 891 2849 quam
910 2795 1031 2848 quod
1048 2795 1168 2837 bona
1185 2809 1241 2838 ex
1257 2801 1384 2850 parte
1401 2808 1457 2836 ex
1475 2791 1882 2854 constitutionibus

315 2916 332 2933 a
382 2906 483 2941 Tota
501 2907 596 2941 haec
616 2906 893 2952 paragraphus,
914 2906 1064 2941 Natalis
1084 2917 1200 2941 manu
1218 2906 1257 2941 in
1276 2905 1450 2952 margine
1474 2904 1604 2940 addita
1623 2909 1697 2940 est.
1718 2904 1764 2939 In
1789 2914 1879 2950 apo-

241 2965 390 3010 grapho
411 2970 502 2999 ante
527 2965 827 3011 praecedentem
851 2966 1135 3011 paragraphum
1159 2964 1286 3011 posita
1312 2970 1386 3005 est,
1407 2975 1484 2999 non
1507 2963 1665 3010 quidem
1690 2968 1820 3007 recte,
1847 2962 1881 2997 si

242 3023 341 3058 ratio
358 3023 538 3059 habenda
554 3024 605 3059 sit
623 3029 754 3070 notae,
773 3035 873 3070 quae
893 3024 1043 3059 Natalis
1064 3035 1179 3059 manu
1196 3024 1235 3059 in
1252 3024 1466 3070 archetypo
1484 3022 1629 3068 scripta
1645 3022 1825 3057 habetur.

316 3118 322 3138 ¹
376 3119 484 3153 Haec
504 3119 624 3153 verba
643 3130 692 3154 ex
713 3123 962 3153 monumento
980 3119 1053 3153 sub
1072 3129 1111 3153 n.
1136 3126 1178 3152 10
1197 3116 1373 3152 exhibito
1391 3116 1620 3163 deprompta
1638 3121 1743 3151 sunt.
