<?xml version="1.0" encoding="UTF-8"?>
<!DOCTYPE html PUBLIC "-//W3C//DTD XHTML 1.0 Transitional//EN"
    "http://www.w3.org/TR/xhtml1/DTD/xhtml1-transitional.dtd">
<html xmlns="http://www.w3.org/1999/xhtml" xml:lang="en" lang="en">
 <head>
  <title>
</title>
<meta http-equiv="Content-Type" content="text/html;charset=utf-8" />
  <meta name='ocr-system' content='tesseract 3.04.00' />
  <meta name='ocr-capabilities' content='ocr_page ocr_carea ocr_par ocr_line ocrx_word'/>
</head>
<body>
  <div class='ocr_page' id='page_1' title='image "./epistolaephieron04nadauoft_0561.png"; bbox 0 0 2098 3470; ppageno 0'>
   <div class='ocr_carea' id='block_1_1' title="bbox 0 0 198 203">
    <p class='ocr_par' dir='ltr' id='par_1_1' title="bbox 0 0 198 203">
     <span class='ocr_line' id='line_1_1' title="bbox 0 0 198 203; baseline 0 3267"><span class='ocrx_word' id='word_1_1' title='bbox 0 0 198 203; x_wconf 95' lang='lat' dir='ltr'> </span> 
     </span>
    </p>
   </div>
   <div class='ocr_carea' id='block_1_2' title="bbox 0 828 115 3470">
    <p class='ocr_par' dir='ltr' id='par_1_2' title="bbox 0 828 115 3470">
     <span class='ocr_line' id='line_1_2' title="bbox 0 828 115 3470; baseline 0 0"><span class='ocrx_word' id='word_1_2' title='bbox 0 828 115 3470; x_wconf 95' lang='lat' dir='ltr'> </span> 
     </span>
    </p>
   </div>
   <div class='ocr_carea' id='block_1_3' title="bbox 843 232 1833 281">
    <p class='ocr_par' dir='ltr' id='par_1_3' title="bbox 843 232 1833 281">
     <span class='ocr_line' id='line_1_3' title="bbox 843 232 1833 281; baseline -0.007 -9"><span class='ocrx_word' id='word_1_3' title='bbox 843 232 1277 272; x_wconf 61' lang='lat' dir='ltr'>liis-rnucnoims-m</span> <span class='ocrx_word' id='word_1_4' title='bbox 1765 234 1833 281; x_wconf 85' lang='lat'>535</span> 
     </span>
    </p>
   </div>
   <div class='ocr_carea' id='block_1_4' title="bbox 244 334 1935 1778">
    <p class='ocr_par' dir='ltr' id='par_1_4' title="bbox 248 334 1882 464">
     <span class='ocr_line' id='line_1_4' title="bbox 248 334 1882 393; baseline 0 -13"><span class='ocrx_word' id='word_1_5' title='bbox 248 336 382 380; x_wconf 88' lang='lat' dir='ltr'>etiam</span> <span class='ocrx_word' id='word_1_6' title='bbox 406 343 619 393; x_wconf 89' lang='lat' dir='ltr'>poterunt</span> <span class='ocrx_word' id='word_1_7' title='bbox 639 335 745 380; x_wconf 87' lang='lat' dir='ltr'>illic:</span> <span class='ocrx_word' id='word_1_8' title='bbox 765 350 923 381; x_wconf 89' lang='lat' dir='ltr'>verum</span> <span class='ocrx_word' id='word_1_9' title='bbox 945 335 1150 380; x_wconf 88' lang='lat' dir='ltr'>securius</span> <span class='ocrx_word' id='word_1_10' title='bbox 1171 335 1256 379; x_wconf 88' lang='lat' dir='ltr'>erit</span> <span class='ocrx_word' id='word_1_11' title='bbox 1273 334 1311 378; x_wconf 91' lang='lat' dir='ltr'>si</span> <span class='ocrx_word' id='word_1_12' title='bbox 1333 349 1388 380; x_wconf 91' lang='lat' dir='ltr'>eo</span> <span class='ocrx_word' id='word_1_13' title='bbox 1408 335 1482 379; x_wconf 90' lang='lat' dir='ltr'>die</span> <span class='ocrx_word' id='word_1_14' title='bbox 1504 351 1536 378; x_wconf 84' lang='lat' dir='ltr'>a.</span> <span class='ocrx_word' id='word_1_15' title='bbox 1547 337 1735 392; x_wconf 86' lang='lat' dir='ltr'>prandio</span> <span class='ocrx_word' id='word_1_16' title='bbox 1758 337 1882 380; x_wconf 90' lang='lat' dir='ltr'>domi</span> 
     </span>
     <span class='ocr_line' id='line_1_5' title="bbox 248 413 959 464; baseline -0.001 -8"><span class='ocrx_word' id='word_1_17' title='bbox 248 413 423 464; x_wconf 90' lang='lat' dir='ltr'>ludant,</span> <span class='ocrx_word' id='word_1_18' title='bbox 449 427 533 458; x_wconf 88' lang='lat' dir='ltr'>nec</span> <span class='ocrx_word' id='word_1_19' title='bbox 554 420 660 457; x_wconf 87' lang='lat' dir='ltr'>eant</span> <span class='ocrx_word' id='word_1_20' title='bbox 682 414 740 456; x_wconf 89' lang='lat' dir='ltr'>ad</span> <span class='ocrx_word' id='word_1_21' title='bbox 760 413 959 456; x_wconf 90' lang='lat' dir='ltr'>hortum.</span> 
     </span>
    </p>

    <p class='ocr_par' dir='ltr' id='par_1_5' title="bbox 246 491 1882 932">
     <span class='ocr_line' id='line_1_6' title="bbox 337 491 1879 548; baseline 0.002 -15"><span class='ocrx_word' id='word_1_22' title='bbox 337 491 476 546; x_wconf 79' lang='lat' dir='ltr'>Quod</span> <span class='ocrx_word' id='word_1_23' title='bbox 497 491 663 534; x_wconf 89' lang='lat' dir='ltr'>dicitur</span> <span class='ocrx_word' id='word_1_24' title='bbox 683 506 742 536; x_wconf 91' lang='lat' dir='ltr'>ne</span> <span class='ocrx_word' id='word_1_25' title='bbox 762 491 923 536; x_wconf 90' lang='lat' dir='ltr'>nouitii</span> <span class='ocrx_word' id='word_1_26' title='bbox 942 498 1224 548; x_wconf 87' lang='lat' dir='ltr'>occupentur</span> <span class='ocrx_word' id='word_1_27' title='bbox 1251 491 1299 534; x_wconf 91' lang='lat' dir='ltr'>in</span> <span class='ocrx_word' id='word_1_28' title='bbox 1326 492 1486 535; x_wconf 89' lang='lat' dir='ltr'>officiis</span> <span class='ocrx_word' id='word_1_29' title='bbox 1515 493 1791 545; x_wconf 82' lang='lat' dir='ltr'>domesticis,</span> <span class='ocrx_word' id='word_1_30' title='bbox 1817 492 1879 536; x_wconf 87' lang='lat' dir='ltr'>ita</span> 
     </span>
     <span class='ocr_line' id='line_1_7' title="bbox 247 566 1880 625; baseline 0.002 -16"><span class='ocrx_word' id='word_1_31' title='bbox 247 566 534 624; x_wconf 86' lang='lat' dir='ltr'>intelligitur,</span> <span class='ocrx_word' id='word_1_32' title='bbox 559 583 616 612; x_wconf 90' lang='lat' dir='ltr'>ne</span> <span class='ocrx_word' id='word_1_33' title='bbox 637 569 754 612; x_wconf 87' lang='lat' dir='ltr'>vltra</span> <span class='ocrx_word' id='word_1_34' title='bbox 775 576 969 625; x_wconf 90' lang='lat' dir='ltr'>tempus,</span> <span class='ocrx_word' id='word_1_35' title='bbox 994 570 1117 624; x_wconf 88' lang='lat' dir='ltr'>quod</span> <span class='ocrx_word' id='word_1_36' title='bbox 1138 570 1308 613; x_wconf 86' lang='lat' dir='ltr'>debent</span> <span class='ocrx_word' id='word_1_37' title='bbox 1329 569 1416 612; x_wconf 91' lang='lat' dir='ltr'>illis</span> <span class='ocrx_word' id='word_1_38' title='bbox 1438 569 1597 612; x_wconf 88' lang='lat' dir='ltr'>officiis</span> <span class='ocrx_word' id='word_1_39' title='bbox 1625 571 1732 614; x_wconf 87' lang='lat' dir='ltr'>dare</span> <span class='ocrx_word' id='word_1_40' title='bbox 1754 585 1880 613; x_wconf 89' lang='lat' dir='ltr'>com-</span> 
     </span>
     <span class='ocr_line' id='line_1_8' title="bbox 247 643 1881 702; baseline 0.001 -14"><span class='ocrx_word' id='word_1_41' title='bbox 247 643 460 697; x_wconf 89' lang='lat' dir='ltr'>muniter,</span> <span class='ocrx_word' id='word_1_42' title='bbox 486 653 782 702; x_wconf 84' lang='lat' dir='ltr'>occupentur,</span> <span class='ocrx_word' id='word_1_43' title='bbox 807 645 1071 702; x_wconf 83' lang='lat' dir='ltr'>praesertim</span> <span class='ocrx_word' id='word_1_44' title='bbox 1093 646 1131 689; x_wconf 89' lang='lat' dir='ltr'>si</span> <span class='ocrx_word' id='word_1_45' title='bbox 1161 645 1219 689; x_wconf 90' lang='lat' dir='ltr'>sit</span> <span class='ocrx_word' id='word_1_46' title='bbox 1249 647 1529 691; x_wconf 84' lang='lat' dir='ltr'>conueniens</span> <span class='ocrx_word' id='word_1_47' title='bbox 1558 661 1774 691; x_wconf 89' lang='lat' dir='ltr'>numerus</span> <span class='ocrx_word' id='word_1_48' title='bbox 1802 661 1881 690; x_wconf 92' lang='lat' dir='ltr'>co-</span> 
     </span>
     <span class='ocr_line' id='line_1_9' title="bbox 246 721 1882 784; baseline 0.002 -20"><span class='ocrx_word' id='word_1_49' title='bbox 246 721 504 765; x_wconf 89' lang='lat' dir='ltr'>adiutorum</span> <span class='ocrx_word' id='word_1_50' title='bbox 542 722 855 779; x_wconf 82' lang='lat' dir='ltr'>temporalium</span> <span class='ocrx_word' id='word_1_51' title='bbox 893 723 950 766; x_wconf 89' lang='lat' dir='ltr'>ad</span> <span class='ocrx_word' id='word_1_52' title='bbox 986 723 1207 784; x_wconf 83' lang='lat' dir='ltr'>obsequia</span> <span class='ocrx_word' id='word_1_53' title='bbox 1235 724 1422 776; x_wconf 89' lang='lat' dir='ltr'>domus;</span> <span class='ocrx_word' id='word_1_54' title='bbox 1455 738 1588 767; x_wconf 88' lang='lat' dir='ltr'>secus</span> <span class='ocrx_word' id='word_1_55' title='bbox 1622 723 1742 768; x_wconf 91' lang='lat' dir='ltr'>enim</span> <span class='ocrx_word' id='word_1_56' title='bbox 1771 739 1882 780; x_wconf 87' lang='lat' dir='ltr'>sup-</span> 
     </span>
     <span class='ocr_line' id='line_1_10' title="bbox 248 798 1882 856; baseline 0.001 -15"><span class='ocrx_word' id='word_1_57' title='bbox 248 799 371 854; x_wconf 85' lang='lat' dir='ltr'>plere</span> <span class='ocrx_word' id='word_1_58' title='bbox 392 798 477 855; x_wconf 91' lang='lat' dir='ltr'>ipsi</span> <span class='ocrx_word' id='word_1_59' title='bbox 500 806 730 855; x_wconf 89' lang='lat' dir='ltr'>poterunt;</span> <span class='ocrx_word' id='word_1_60' title='bbox 755 800 836 844; x_wconf 89' lang='lat' dir='ltr'>sed</span> <span class='ocrx_word' id='word_1_61' title='bbox 857 800 1108 842; x_wconf 89' lang='lat' dir='ltr'>curandum</span> <span class='ocrx_word' id='word_1_62' title='bbox 1138 808 1207 844; x_wconf 83' lang='lat' dir='ltr'>est</span> <span class='ocrx_word' id='word_1_63' title='bbox 1235 815 1294 844; x_wconf 90' lang='lat' dir='ltr'>ne</span> <span class='ocrx_word' id='word_1_64' title='bbox 1322 800 1385 843; x_wconf 89' lang='lat' dir='ltr'>ita</span> <span class='ocrx_word' id='word_1_65' title='bbox 1416 808 1715 856; x_wconf 84' lang='lat' dir='ltr'>occupentur,</span> <span class='ocrx_word' id='word_1_66' title='bbox 1750 808 1799 843; x_wconf 91' lang='lat' dir='ltr'>vt</span> <span class='ocrx_word' id='word_1_67' title='bbox 1835 800 1882 843; x_wconf 89' lang='lat' dir='ltr'>in</span> 
     </span>
     <span class='ocr_line' id='line_1_11' title="bbox 248 875 1041 932; baseline 0 -14"><span class='ocrx_word' id='word_1_68' title='bbox 248 875 474 919; x_wconf 87' lang='lat' dir='ltr'>nouitiatu</span> <span class='ocrx_word' id='word_1_69' title='bbox 492 876 716 932; x_wconf 76' lang='lat' dir='ltr'>proficere</span> <span class='ocrx_word' id='word_1_70' title='bbox 738 890 830 919; x_wconf 91' lang='lat' dir='ltr'>non</span> <span class='ocrx_word' id='word_1_71' title='bbox 853 875 1041 932; x_wconf 84' lang='lat' dir='ltr'>possint.</span> 
     </span>
    </p>

    <p class='ocr_par' dir='ltr' id='par_1_6' title="bbox 244 952 1935 1778">
     <span class='ocr_line' id='line_1_12' title="bbox 244 952 1881 1011; baseline 0.001 -16"><span class='ocrx_word' id='word_1_72' title='bbox 244 1008 248 1011; x_wconf 14' lang='grc' dir='ltr'><strong><em>γ</em></strong></span> <span class='ocrx_word' id='word_1_73' title='bbox 337 953 475 1009; x_wconf 79' lang='lat' dir='ltr'>Quod</span> <span class='ocrx_word' id='word_1_74' title='bbox 496 953 554 995; x_wconf 90' lang='lat' dir='ltr'>ad</span> <span class='ocrx_word' id='word_1_75' title='bbox 577 960 755 1009; x_wconf 92' lang='lat' dir='ltr'>tempus</span> <span class='ocrx_word' id='word_1_76' title='bbox 775 952 953 1006; x_wconf 86' lang='lat' dir='ltr'>attinet,</span> <span class='ocrx_word' id='word_1_77' title='bbox 979 952 1130 1008; x_wconf 89' lang='lat' dir='ltr'>quoin</span> <span class='ocrx_word' id='word_1_78' title='bbox 1148 953 1414 1009; x_wconf 86' lang='lat' dir='ltr'>probatione</span> <span class='ocrx_word' id='word_1_79' title='bbox 1430 953 1572 996; x_wconf 87' lang='lat' dir='ltr'>futuri</span> <span class='ocrx_word' id='word_1_80' title='bbox 1589 962 1696 996; x_wconf 89' lang='lat' dir='ltr'>sunt</span> <span class='ocrx_word' id='word_1_81' title='bbox 1718 953 1881 996; x_wconf 90' lang='lat' dir='ltr'>nouitii</span> 
     </span>
     <span class='ocr_line' id='line_1_13' title="bbox 248 1029 1877 1086; baseline 0.001 -14"><span class='ocrx_word' id='word_1_82' title='bbox 248 1037 492 1085; x_wconf 88' lang='lat' dir='ltr'>antequam</span> <span class='ocrx_word' id='word_1_83' title='bbox 515 1030 573 1072; x_wconf 94' lang='lat' dir='ltr'>ad</span> <span class='ocrx_word' id='word_1_84' title='bbox 594 1029 744 1072; x_wconf 90' lang='lat' dir='ltr'>studia</span> <span class='ocrx_word' id='word_1_85' title='bbox 764 1030 1017 1083; x_wconf 86' lang='lat' dir='ltr'>mittantur,</span> <span class='ocrx_word' id='word_1_86' title='bbox 1042 1030 1136 1073; x_wconf 93' lang='lat' dir='ltr'>duo</span> <span class='ocrx_word' id='word_1_87' title='bbox 1158 1037 1282 1082; x_wconf 89' lang='lat' dir='ltr'>sunt,</span> <span class='ocrx_word' id='word_1_88' title='bbox 1307 1045 1424 1086; x_wconf 88' lang='lat' dir='ltr'>quae</span> <span class='ocrx_word' id='word_1_89' title='bbox 1447 1030 1677 1086; x_wconf 83' lang='lat' dir='ltr'>prouideri</span> <span class='ocrx_word' id='word_1_90' title='bbox 1694 1031 1877 1074; x_wconf 89' lang='lat' dir='ltr'>debent:</span> 
     </span>
     <span class='ocr_line' id='line_1_14' title="bbox 246 1106 1880 1164; baseline 0.001 -15"><span class='ocrx_word' id='word_1_91' title='bbox 246 1106 459 1163; x_wconf 88' lang='lat' dir='ltr'>primum,</span> <span class='ocrx_word' id='word_1_92' title='bbox 479 1114 529 1149; x_wconf 90' lang='lat' dir='ltr'>vt</span> <span class='ocrx_word' id='word_1_93' title='bbox 545 1106 824 1150; x_wconf 85' lang='lat' dir='ltr'>satisfaciant</span> <span class='ocrx_word' id='word_1_94' title='bbox 836 1106 1094 1159; x_wconf 88' lang='lat' dir='ltr'>deuotione,</span> <span class='ocrx_word' id='word_1_95' title='bbox 1114 1107 1385 1160; x_wconf 90' lang='lat' dir='ltr'>humilitate,</span> <span class='ocrx_word' id='word_1_96' title='bbox 1405 1107 1639 1164; x_wconf 87' lang='lat' dir='ltr'>patientia,</span> <span class='ocrx_word' id='word_1_97' title='bbox 1661 1107 1880 1152; x_wconf 90' lang='lat' dir='ltr'>obedien-</span> 
     </span>
     <span class='ocr_line' id='line_1_15' title="bbox 247 1182 1880 1240; baseline 0.001 -14"><span class='ocrx_word' id='word_1_98' title='bbox 247 1183 325 1235; x_wconf 87' lang='lat' dir='ltr'>tia,</span> <span class='ocrx_word' id='word_1_99' title='bbox 349 1182 566 1237; x_wconf 87' lang='lat' dir='ltr'>firmitate</span> <span class='ocrx_word' id='word_1_100' title='bbox 586 1183 836 1232; x_wconf 91' lang='lat' dir='ltr'>vocationis</span> <span class='ocrx_word' id='word_1_101' title='bbox 863 1191 910 1227; x_wconf 93' lang='lat' dir='ltr'>et</span> <span class='ocrx_word' id='word_1_102' title='bbox 936 1183 1059 1226; x_wconf 89' lang='lat' dir='ltr'>omni</span> <span class='ocrx_word' id='word_1_103' title='bbox 1086 1183 1436 1228; x_wconf 86' lang='lat' dir='ltr'>conuersatione</span> <span class='ocrx_word' id='word_1_104' title='bbox 1463 1183 1676 1240; x_wconf 84' lang='lat' dir='ltr'>religiosa</span> <span class='ocrx_word' id='word_1_105' title='bbox 1708 1183 1766 1236; x_wconf 90' lang='lat' dir='ltr'>ei,</span> <span class='ocrx_word' id='word_1_106' title='bbox 1802 1185 1880 1239; x_wconf 89' lang='lat' dir='ltr'>qui</span> 
     </span>
     <span class='ocr_line' id='line_1_16' title="bbox 245 1251 1882 1318; baseline 0 -15"><span class='ocrx_word' id='word_1_107' title='bbox 245 1259 440 1316; x_wconf 85' lang='lat' dir='ltr'>collegio</span> <span class='ocrx_word' id='word_1_108' title='bbox 467 1251 676 1316; x_wconf 88' lang='lat' dir='ltr'>praeerit,</span> <span class='ocrx_word' id='word_1_109' title='bbox 702 1260 779 1315; x_wconf 91' lang='lat' dir='ltr'>qui</span> <span class='ocrx_word' id='word_1_110' title='bbox 808 1273 862 1303; x_wconf 90' lang='lat' dir='ltr'>ea</span> <span class='ocrx_word' id='word_1_111' title='bbox 882 1260 940 1304; x_wconf 84' lang='lat' dir='ltr'>de</span> <span class='ocrx_word' id='word_1_112' title='bbox 966 1275 1016 1305; x_wconf 90' lang='lat' dir='ltr'>re</span> <span class='ocrx_word' id='word_1_113' title='bbox 1036 1265 1123 1307; x_wconf 78' lang='lat'>46⁰</span> <span class='ocrx_word' id='word_1_114' title='bbox 1145 1262 1350 1306; x_wconf 89' lang='lat' dir='ltr'>conferet</span> <span class='ocrx_word' id='word_1_115' title='bbox 1370 1275 1474 1304; x_wconf 91' lang='lat' dir='ltr'>cum</span> <span class='ocrx_word' id='word_1_116' title='bbox 1497 1262 1719 1318; x_wconf 84' lang='lat' dir='ltr'>magistro</span> <span class='ocrx_word' id='word_1_117' title='bbox 1748 1261 1857 1304; x_wconf 92' lang='lat' dir='ltr'>noui</span> <span class='ocrx_word' id='word_1_118' title='bbox 1871 1287 1882 1292; x_wconf 91' lang='lat'>-</span> 
     </span>
     <span class='ocr_line' id='line_1_17' title="bbox 246 1336 1883 1389; baseline 0 -9"><span class='ocrx_word' id='word_1_119' title='bbox 246 1336 412 1380; x_wconf 88' lang='lat' dir='ltr'>tiorum</span> <span class='ocrx_word' id='word_1_120' title='bbox 454 1344 501 1380; x_wconf 84' lang='lat' dir='ltr'>et</span> <span class='ocrx_word' id='word_1_121' title='bbox 540 1336 901 1389; x_wconf 89' lang='lat' dir='ltr'>consultoribus,</span> <span class='ocrx_word' id='word_1_122' title='bbox 945 1345 995 1380; x_wconf 88' lang='lat' dir='ltr'>vt</span> <span class='ocrx_word' id='word_1_123' title='bbox 1035 1337 1205 1382; x_wconf 91' lang='lat' dir='ltr'>iudicet</span> <span class='ocrx_word' id='word_1_124' title='bbox 1242 1338 1360 1382; x_wconf 87' lang='lat' dir='ltr'>sitne</span> <span class='ocrx_word' id='word_1_125' title='bbox 1396 1337 1681 1382; x_wconf 89' lang='lat' dir='ltr'>adhibendus</span> <span class='ocrx_word' id='word_1_126' title='bbox 1719 1338 1883 1381; x_wconf 90' lang='lat' dir='ltr'>studiis</span> 
     </span>
     <span class='ocr_line' id='line_1_18' title="bbox 245 1413 1882 1470; baseline 0.001 -14"><span class='ocrx_word' id='word_1_127' title='bbox 245 1427 407 1467; x_wconf 89' lang='lat' dir='ltr'>necne;</span> <span class='ocrx_word' id='word_1_128' title='bbox 434 1428 527 1457; x_wconf 89' lang='lat' dir='ltr'>rem</span> <span class='ocrx_word' id='word_1_129' title='bbox 549 1413 685 1457; x_wconf 89' lang='lat' dir='ltr'>etiam</span> <span class='ocrx_word' id='word_1_130' title='bbox 707 1415 910 1457; x_wconf 90' lang='lat' dir='ltr'>conferet</span> <span class='ocrx_word' id='word_1_131' title='bbox 931 1414 988 1458; x_wconf 89' lang='lat' dir='ltr'>ad</span> <span class='ocrx_word' id='word_1_132' title='bbox 1011 1414 1350 1470; x_wconf 87' lang='lat' dir='ltr'>prouincialem,</span> <span class='ocrx_word' id='word_1_133' title='bbox 1376 1415 1414 1458; x_wconf 91' lang='lat' dir='ltr'>si</span> <span class='ocrx_word' id='word_1_134' title='bbox 1437 1416 1493 1458; x_wconf 89' lang='lat' dir='ltr'>ab</span> <span class='ocrx_word' id='word_1_135' title='bbox 1511 1429 1565 1459; x_wconf 89' lang='lat' dir='ltr'>eo</span> <span class='ocrx_word' id='word_1_136' title='bbox 1583 1416 1640 1457; x_wconf 92' lang='lat' dir='ltr'>ad</span> <span class='ocrx_word' id='word_1_137' title='bbox 1662 1429 1761 1457; x_wconf 90' lang='lat' dir='ltr'>eam</span> <span class='ocrx_word' id='word_1_138' title='bbox 1787 1429 1882 1458; x_wconf 90' lang='lat' dir='ltr'>rem</span> 
     </span>
     <span class='ocr_line' id='line_1_19' title="bbox 244 1489 1880 1546; baseline 0.001 -13"><span class='ocrx_word' id='word_1_139' title='bbox 244 1489 612 1533; x_wconf 86' lang='lat' dir='ltr'>commissionem</span> <span class='ocrx_word' id='word_1_140' title='bbox 641 1504 734 1533; x_wconf 91' lang='lat' dir='ltr'>non</span> <span class='ocrx_word' id='word_1_141' title='bbox 761 1490 1002 1546; x_wconf 87' lang='lat' dir='ltr'>acceperit.</span> <span class='ocrx_word' id='word_1_142' title='bbox 1034 1490 1228 1535; x_wconf 87' lang='lat' dir='ltr'>Videtur</span> <span class='ocrx_word' id='word_1_143' title='bbox 1258 1501 1411 1536; x_wconf 90' lang='lat' dir='ltr'>autem</span> <span class='ocrx_word' id='word_1_144' title='bbox 1439 1506 1562 1535; x_wconf 90' lang='lat' dir='ltr'>nunc</span> <span class='ocrx_word' id='word_1_145' title='bbox 1593 1506 1682 1534; x_wconf 92' lang='lat' dir='ltr'>non</span> <span class='ocrx_word' id='word_1_146' title='bbox 1713 1493 1880 1536; x_wconf 89' lang='lat' dir='ltr'>debere</span> 
     </span>
     <span class='ocr_line' id='line_1_20' title="bbox 244 1566 1878 1623; baseline 0.001 -13"><span class='ocrx_word' id='word_1_147' title='bbox 244 1566 452 1623; x_wconf 85' lang='lat' dir='ltr'>probatio</span> <span class='ocrx_word' id='word_1_148' title='bbox 476 1567 623 1610; x_wconf 91' lang='lat' dir='ltr'>minor</span> <span class='ocrx_word' id='word_1_149' title='bbox 645 1581 746 1612; x_wconf 84' lang='lat' dir='ltr'>esse</span> <span class='ocrx_word' id='word_1_150' title='bbox 773 1581 908 1622; x_wconf 87' lang='lat' dir='ltr'>quam</span> <span class='ocrx_word' id='word_1_151' title='bbox 937 1581 1018 1610; x_wconf 88' lang='lat' dir='ltr'>sex</span> <span class='ocrx_word' id='word_1_152' title='bbox 1046 1567 1271 1611; x_wconf 90' lang='lat' dir='ltr'>mensium</span> <span class='ocrx_word' id='word_1_153' title='bbox 1304 1570 1376 1613; x_wconf 88' lang='lat' dir='ltr'>vel</span> <span class='ocrx_word' id='word_1_154' title='bbox 1409 1569 1545 1612; x_wconf 89' lang='lat' dir='ltr'>etiarn</span> <span class='ocrx_word' id='word_1_155' title='bbox 1583 1568 1718 1610; x_wconf 91' lang='lat' dir='ltr'>vnius</span> <span class='ocrx_word' id='word_1_156' title='bbox 1755 1569 1878 1612; x_wconf 88' lang='lat' dir='ltr'>anni.</span> 
     </span>
     <span class='ocr_line' id='line_1_21' title="bbox 244 1643 1883 1703; baseline 0.002 -15"><span class='ocrx_word' id='word_1_157' title='bbox 244 1645 348 1688; x_wconf 90' lang='lat' dir='ltr'>Hac</span> <span class='ocrx_word' id='word_1_158' title='bbox 370 1651 522 1689; x_wconf 91' lang='lat' dir='ltr'>tamen</span> <span class='ocrx_word' id='word_1_159' title='bbox 538 1645 596 1688; x_wconf 90' lang='lat' dir='ltr'>de</span> <span class='ocrx_word' id='word_1_160' title='bbox 619 1643 697 1702; x_wconf 89' lang='lat' dir='ltr'>[re]</span> <span class='ocrx_word' id='word_1_161' title='bbox 722 1653 740 1670; x_wconf 77' lang='lat'><em>²</em></span> <span class='ocrx_word' id='word_1_162' title='bbox 755 1654 912 1702; x_wconf 91' lang='lat' dir='ltr'>postea</span> <span class='ocrx_word' id='word_1_163' title='bbox 929 1646 1162 1690; x_wconf 86' lang='lat' dir='ltr'>decretum</span> <span class='ocrx_word' id='word_1_164' title='bbox 1183 1653 1253 1689; x_wconf 90' lang='lat' dir='ltr'>est</span> <span class='ocrx_word' id='word_1_165' title='bbox 1274 1646 1446 1689; x_wconf 87' lang='lat' dir='ltr'>editum</span> <span class='ocrx_word' id='word_1_166' title='bbox 1469 1646 1516 1689; x_wconf 91' lang='lat' dir='ltr'>in</span> <span class='ocrx_word' id='word_1_167' title='bbox 1535 1645 1605 1689; x_wconf 76' lang='lat'>2.²²</span> <span class='ocrx_word' id='word_1_168' title='bbox 1623 1660 1883 1703; x_wconf 84' lang='lat' dir='ltr'>congrega-</span> 
     </span>
     <span class='ocr_line' id='line_1_22' title="bbox 246 1716 1935 1778; baseline 0.002 -14"><span class='ocrx_word' id='word_1_169' title='bbox 246 1720 371 1766; x_wconf 90' lang='lat' dir='ltr'>tione</span> <span class='ocrx_word' id='word_1_170' title='bbox 393 1721 596 1778; x_wconf 85' lang='lat' dir='ltr'>generali</span> <span class='ocrx_word' id='word_1_171' title='bbox 627 1724 655 1765; x_wconf 93' lang='lat'>¹.</span> <span class='ocrx_word' id='word_1_172' title='bbox 689 1721 1029 1765; x_wconf 79' lang='lat' dir='ltr'>prouidendum</span> <span class='ocrx_word' id='word_1_173' title='bbox 1061 1737 1170 1767; x_wconf 91' lang='lat' dir='ltr'>vero</span> <span class='ocrx_word' id='word_1_174' title='bbox 1197 1723 1283 1766; x_wconf 88' lang='lat' dir='ltr'>erit</span> <span class='ocrx_word' id='word_1_175' title='bbox 1315 1724 1524 1776; x_wconf 88' lang='lat' dir='ltr'>alterum,</span> <span class='ocrx_word' id='word_1_176' title='bbox 1557 1731 1605 1765; x_wconf 85' lang='lat' dir='ltr'>vt</span> <span class='ocrx_word' id='word_1_177' title='bbox 1642 1716 1796 1766; x_wconf 81' lang='lat' dir='ltr'>nullus</span> <span class='ocrx_word' id='word_1_178' title='bbox 1827 1725 1884 1767; x_wconf 90' lang='lat' dir='ltr'>ad</span> <span class='ocrx_word' id='word_1_179' title='bbox 1929 1729 1935 1733; x_wconf 83' lang='grc'><em>’</em></span> 
     </span>
    </p>
   </div>
   <div class='ocr_carea' id='block_1_5' title="bbox 213 1797 1883 1859">
    <p class='ocr_par' dir='ltr' id='par_1_7' title="bbox 213 1797 1883 1859">
     <span class='ocr_line' id='line_1_23' title="bbox 213 1797 1883 1859; baseline 0.001 -16"><span class='ocrx_word' id='word_1_180' title='bbox 213 1818 218 1823; x_wconf 94' lang='grc'>·</span> <span class='ocrx_word' id='word_1_181' title='bbox 243 1797 395 1843; x_wconf 86' lang='lat' dir='ltr'>studia</span> <span class='ocrx_word' id='word_1_182' title='bbox 417 1799 604 1842; x_wconf 88' lang='lat' dir='ltr'>accedat</span> <span class='ocrx_word' id='word_1_183' title='bbox 621 1798 707 1841; x_wconf 91' lang='lat' dir='ltr'>nisi</span> <span class='ocrx_word' id='word_1_184' title='bbox 725 1806 830 1842; x_wconf 92' lang='lat' dir='ltr'>vota</span> <span class='ocrx_word' id='word_1_185' title='bbox 848 1798 1058 1853; x_wconf 81' lang='lat' dir='ltr'>ediderit3</span> <span class='ocrx_word' id='word_1_186' title='bbox 1071 1800 1333 1859; x_wconf 33' lang='lat' dir='ltr'>,voluntarie</span> <span class='ocrx_word' id='word_1_187' title='bbox 1351 1800 1553 1857; x_wconf 90' lang='lat' dir='ltr'>quidem,</span> <span class='ocrx_word' id='word_1_188' title='bbox 1574 1799 1612 1842; x_wconf 90' lang='lat' dir='ltr'>si</span> <span class='ocrx_word' id='word_1_189' title='bbox 1631 1807 1736 1842; x_wconf 89' lang='lat' dir='ltr'>ante</span> <span class='ocrx_word' id='word_1_190' title='bbox 1754 1801 1883 1845; x_wconf 89' lang='lat' dir='ltr'>bien·</span> 
     </span>
    </p>
   </div>
   <div class='ocr_carea' id='block_1_6' title="bbox 237 1874 1882 2781">
    <p class='ocr_par' dir='ltr' id='par_1_8' title="bbox 242 1874 1882 2088">
     <span class='ocr_line' id='line_1_24' title="bbox 243 1874 1880 1934; baseline 0.002 -17"><span class='ocrx_word' id='word_1_191' title='bbox 243 1874 369 1918; x_wconf 88' lang='lat' dir='ltr'>nium</span> <span class='ocrx_word' id='word_1_192' title='bbox 391 1874 410 1900; x_wconf 75' lang='lat' dir='ltr'>b</span> <span class='ocrx_word' id='word_1_193' title='bbox 431 1876 488 1918; x_wconf 87' lang='lat' dir='ltr'>ad</span> <span class='ocrx_word' id='word_1_194' title='bbox 510 1875 660 1919; x_wconf 91' lang='lat' dir='ltr'>studia</span> <span class='ocrx_word' id='word_1_195' title='bbox 682 1875 902 1928; x_wconf 88' lang='lat' dir='ltr'>mittatur,</span> <span class='ocrx_word' id='word_1_196' title='bbox 928 1878 1051 1931; x_wconf 90' lang='lat' dir='ltr'>quod</span> <span class='ocrx_word' id='word_1_197' title='bbox 1067 1877 1119 1919; x_wconf 87' lang='lat' dir='ltr'>fit</span> <span class='ocrx_word' id='word_1_198' title='bbox 1135 1891 1192 1920; x_wconf 86' lang='lat' dir='ltr'>ex</span> <span class='ocrx_word' id='word_1_199' title='bbox 1216 1879 1268 1920; x_wconf 90' lang='lat' dir='ltr'>P.</span> <span class='ocrx_word' id='word_1_200' title='bbox 1293 1878 1459 1934; x_wconf 83' lang='lat' dir='ltr'>Ignatii</span> <span class='ocrx_word' id='word_1_201' title='bbox 1483 1879 1743 1924; x_wconf 87' lang='lat' dir='ltr'>traditione.</span> <span class='ocrx_word' id='word_1_202' title='bbox 1763 1881 1880 1923; x_wconf 87' lang='lat' dir='ltr'>Nam</span> 
     </span>
     <span class='ocr_line' id='line_1_25' title="bbox 243 1951 1882 2008; baseline 0.002 -13"><span class='ocrx_word' id='word_1_203' title='bbox 243 1960 348 2008; x_wconf 88' lang='lat' dir='ltr'>post</span> <span class='ocrx_word' id='word_1_204' title='bbox 377 1951 628 2004; x_wconf 89' lang='lat' dir='ltr'>biennium,</span> <span class='ocrx_word' id='word_1_205' title='bbox 660 1952 698 1995; x_wconf 91' lang='lat' dir='ltr'>si</span> <span class='ocrx_word' id='word_1_206' title='bbox 725 1953 782 1996; x_wconf 91' lang='lat' dir='ltr'>ad</span> <span class='ocrx_word' id='word_1_207' title='bbox 817 1953 968 1996; x_wconf 90' lang='lat' dir='ltr'>studia</span> <span class='ocrx_word' id='word_1_208' title='bbox 1006 1953 1227 2006; x_wconf 87' lang='lat' dir='ltr'>mittatur,</span> <span class='ocrx_word' id='word_1_209' title='bbox 1266 1954 1354 1998; x_wconf 90' lang='lat' dir='ltr'>iam</span> <span class='ocrx_word' id='word_1_210' title='bbox 1395 1956 1583 1999; x_wconf 90' lang='lat' dir='ltr'>habebit</span> <span class='ocrx_word' id='word_1_211' title='bbox 1620 1956 1882 2001; x_wconf 87' lang='lat' dir='ltr'>necessario</span> 
     </span>
     <span class='ocr_line' id='line_1_26' title="bbox 242 2029 1310 2088; baseline 0.003 -18"><span class='ocrx_word' id='word_1_212' title='bbox 242 2035 351 2073; x_wconf 90' lang='lat' dir='ltr'>vota</span> <span class='ocrx_word' id='word_1_213' title='bbox 371 2029 448 2072; x_wconf 89' lang='lat' dir='ltr'>illa</span> <span class='ocrx_word' id='word_1_214' title='bbox 469 2029 862 2073; x_wconf 90' lang='lat' dir='ltr'>scholasticorum.</span> <span class='ocrx_word' id='word_1_215' title='bbox 1307 2086 1310 2088; x_wconf 14' lang='lat' dir='ltr'>q</span> 
     </span>
    </p>

    <p class='ocr_par' dir='ltr' id='par_1_9' title="bbox 237 2086 1880 2781">
     <span class='ocr_line' id='line_1_27' title="bbox 317 2086 1876 2165; baseline 0.002 -15"><span class='ocrx_word' id='word_1_216' title='bbox 317 2086 457 2151; x_wconf 50' lang='lat' dir='ltr'>‘Ante</span> <span class='ocrx_word' id='word_1_217' title='bbox 478 2107 594 2150; x_wconf 88' lang='lat' dir='ltr'>duos</span> <span class='ocrx_word' id='word_1_218' title='bbox 615 2121 760 2150; x_wconf 91' lang='lat' dir='ltr'>annos</span> <span class='ocrx_word' id='word_1_219' title='bbox 781 2108 934 2150; x_wconf 91' lang='lat' dir='ltr'>nullus</span> <span class='ocrx_word' id='word_1_220' title='bbox 956 2106 1159 2151; x_wconf 87' lang='lat' dir='ltr'>nouitius</span> <span class='ocrx_word' id='word_1_221' title='bbox 1180 2108 1285 2165; x_wconf 86' lang='lat' dir='ltr'>cogi</span> <span class='ocrx_word' id='word_1_222' title='bbox 1307 2116 1457 2165; x_wconf 87' lang='lat' dir='ltr'>potest</span> <span class='ocrx_word' id='word_1_223' title='bbox 1479 2110 1536 2153; x_wconf 93' lang='lat' dir='ltr'>ad</span> <span class='ocrx_word' id='word_1_224' title='bbox 1557 2117 1663 2152; x_wconf 88' lang='lat' dir='ltr'>vota</span> <span class='ocrx_word' id='word_1_225' title='bbox 1685 2110 1876 2160; x_wconf 89' lang='lat' dir='ltr'>edenda,</span> 
     </span>
     <span class='ocr_line' id='line_1_28' title="bbox 241 2183 1880 2243; baseline 0.003 -17"><span class='ocrx_word' id='word_1_226' title='bbox 241 2184 322 2227; x_wconf 89' lang='lat' dir='ltr'>sed</span> <span class='ocrx_word' id='word_1_227' title='bbox 343 2183 598 2240; x_wconf 90' lang='lat' dir='ltr'>praeteritis</span> <span class='ocrx_word' id='word_1_228' title='bbox 619 2183 722 2235; x_wconf 88' lang='lat' dir='ltr'>illis,</span> <span class='ocrx_word' id='word_1_229' title='bbox 753 2198 911 2228; x_wconf 90' lang='lat' dir='ltr'>omnes</span> <span class='ocrx_word' id='word_1_230' title='bbox 941 2185 1260 2241; x_wconf 85' lang='lat' dir='ltr'>astringuntur</span> <span class='ocrx_word' id='word_1_231' title='bbox 1286 2194 1333 2230; x_wconf 90' lang='lat' dir='ltr'>et</span> <span class='ocrx_word' id='word_1_232' title='bbox 1360 2187 1465 2243; x_wconf 85' lang='lat' dir='ltr'>cogi</span> <span class='ocrx_word' id='word_1_233' title='bbox 1494 2188 1663 2231; x_wconf 91' lang='lat' dir='ltr'>debent</span> <span class='ocrx_word' id='word_1_234' title='bbox 1691 2203 1716 2231; x_wconf 88' lang='lat' dir='ltr'>a</span> <span class='ocrx_word' id='word_1_235' title='bbox 1746 2202 1880 2243; x_wconf 89' lang='lat' dir='ltr'>supe-</span> 
     </span>
     <span class='ocr_line' id='line_1_29' title="bbox 240 2260 1879 2319; baseline 0.004 -17"><span class='ocrx_word' id='word_1_236' title='bbox 240 2260 434 2304; x_wconf 77' lang='lat' dir='ltr'>rioribus</span> <span class='ocrx_word' id='word_1_237' title='bbox 455 2268 504 2303; x_wconf 91' lang='lat' dir='ltr'>vt</span> <span class='ocrx_word' id='word_1_238' title='bbox 526 2268 632 2303; x_wconf 90' lang='lat' dir='ltr'>vota</span> <span class='ocrx_word' id='word_1_239' title='bbox 652 2261 876 2304; x_wconf 89' lang='lat' dir='ltr'>emittant.</span> <span class='ocrx_word' id='word_1_240' title='bbox 903 2263 1042 2317; x_wconf 80' lang='lat' dir='ltr'>Quod</span> <span class='ocrx_word' id='word_1_241' title='bbox 1064 2262 1102 2304; x_wconf 88' lang='lat' dir='ltr'>si</span> <span class='ocrx_word' id='word_1_242' title='bbox 1125 2263 1242 2306; x_wconf 90' lang='lat' dir='ltr'>forte</span> <span class='ocrx_word' id='word_1_243' title='bbox 1263 2277 1370 2307; x_wconf 90' lang='lat' dir='ltr'>casu</span> <span class='ocrx_word' id='word_1_244' title='bbox 1395 2263 1548 2319; x_wconf 88' lang='lat' dir='ltr'>aliquo</span> <span class='ocrx_word' id='word_1_245' title='bbox 1577 2279 1668 2306; x_wconf 89' lang='lat' dir='ltr'>non</span> <span class='ocrx_word' id='word_1_246' title='bbox 1697 2264 1879 2308; x_wconf 83' lang='lat' dir='ltr'>emitte-</span> 
     </span>
     <span class='ocr_line' id='line_1_30' title="bbox 239 2337 1875 2394; baseline 0.004 -14"><span class='ocrx_word' id='word_1_247' title='bbox 239 2344 359 2390; x_wconf 87' lang='lat' dir='ltr'>rent,</span> <span class='ocrx_word' id='word_1_248' title='bbox 384 2337 470 2381; x_wconf 90' lang='lat' dir='ltr'>nisi</span> <span class='ocrx_word' id='word_1_249' title='bbox 491 2338 743 2382; x_wconf 90' lang='lat' dir='ltr'>intercedat</span> <span class='ocrx_word' id='word_1_250' title='bbox 760 2338 1040 2394; x_wconf 88' lang='lat' dir='ltr'>protestatio,</span> <span class='ocrx_word' id='word_1_251' title='bbox 1060 2339 1123 2383; x_wconf 90' lang='lat' dir='ltr'>ita</span> <span class='ocrx_word' id='word_1_252' title='bbox 1146 2341 1368 2383; x_wconf 88' lang='lat' dir='ltr'>tractandi</span> <span class='ocrx_word' id='word_1_253' title='bbox 1391 2350 1526 2385; x_wconf 85' lang='lat' dir='ltr'>erunt</span> <span class='ocrx_word' id='word_1_254' title='bbox 1548 2356 1600 2384; x_wconf 75' lang='lat' dir='ltr'>ac</span> <span class='ocrx_word' id='word_1_255' title='bbox 1623 2342 1660 2384; x_wconf 87' lang='lat' dir='ltr'>si</span> <span class='ocrx_word' id='word_1_256' title='bbox 1684 2349 1788 2384; x_wconf 88' lang='lat' dir='ltr'>vota</span> <span class='ocrx_word' id='word_1_257' title='bbox 1805 2346 1875 2386; x_wconf 85' lang='grc'>461</span> 
     </span>
     <span class='ocr_line' id='line_1_31' title="bbox 239 2413 1876 2473; baseline 0.001 -16"><span class='ocrx_word' id='word_1_258' title='bbox 239 2413 503 2468; x_wconf 80' lang='lat' dir='ltr'>edidissent,</span> <span class='ocrx_word' id='word_1_259' title='bbox 527 2414 740 2470; x_wconf 90' lang='lat' dir='ltr'>quoniam</span> <span class='ocrx_word' id='word_1_260' title='bbox 762 2415 937 2460; x_wconf 87' lang='lat' dir='ltr'>censeri</span> <span class='ocrx_word' id='word_1_261' title='bbox 957 2416 1127 2459; x_wconf 91' lang='lat' dir='ltr'>debent</span> <span class='ocrx_word' id='word_1_262' title='bbox 1147 2415 1223 2460; x_wconf 93' lang='lat' dir='ltr'>illa</span> <span class='ocrx_word' id='word_1_263' title='bbox 1239 2417 1451 2469; x_wconf 87' lang='lat' dir='ltr'>edidisse,</span> <span class='ocrx_word' id='word_1_264' title='bbox 1478 2420 1597 2473; x_wconf 92' lang='lat' dir='ltr'>quod</span> <span class='ocrx_word' id='word_1_265' title='bbox 1623 2419 1876 2462; x_wconf 84' lang='lat' dir='ltr'>secundum</span> 
     </span>
     <span class='ocr_line' id='line_1_32' title="bbox 240 2490 1880 2547; baseline 0.001 -13"><span class='ocrx_word' id='word_1_266' title='bbox 240 2490 591 2536; x_wconf 87' lang='lat' dir='ltr'>constitutiones</span> <span class='ocrx_word' id='word_1_267' title='bbox 613 2500 790 2536; x_wconf 86' lang='lat' dir='ltr'>nostras</span> <span class='ocrx_word' id='word_1_268' title='bbox 814 2491 962 2536; x_wconf 82' lang='lat' dir='ltr'>facere</span> <span class='ocrx_word' id='word_1_269' title='bbox 990 2494 1175 2547; x_wconf 88' lang='lat' dir='ltr'>debent,</span> <span class='ocrx_word' id='word_1_270' title='bbox 1205 2493 1310 2537; x_wconf 90' lang='lat' dir='ltr'>licet</span> <span class='ocrx_word' id='word_1_271' title='bbox 1349 2509 1508 2538; x_wconf 86' lang='lat' dir='ltr'>reuera</span> <span class='ocrx_word' id='word_1_272' title='bbox 1547 2509 1638 2537; x_wconf 88' lang='lat' dir='ltr'>non</span> <span class='ocrx_word' id='word_1_273' title='bbox 1680 2496 1880 2536; x_wconf 82' lang='lat' dir='ltr'>habeant</span> 
     </span>
     <span class='ocr_line' id='line_1_33' title="bbox 238 2568 1878 2627; baseline 0.002 -17"><span class='ocrx_word' id='word_1_274' title='bbox 238 2574 361 2621; x_wconf 91' lang='lat' dir='ltr'>vota,</span> <span class='ocrx_word' id='word_1_275' title='bbox 387 2575 433 2612; x_wconf 91' lang='lat' dir='ltr'>et</span> <span class='ocrx_word' id='word_1_276' title='bbox 453 2568 749 2612; x_wconf 89' lang='lat' dir='ltr'>nihilominus</span> <span class='ocrx_word' id='word_1_277' title='bbox 769 2570 824 2612; x_wconf 91' lang='lat' dir='ltr'>ad</span> <span class='ocrx_word' id='word_1_278' title='bbox 848 2577 954 2612; x_wconf 88' lang='lat' dir='ltr'>vota</span> <span class='ocrx_word' id='word_1_279' title='bbox 976 2570 1193 2626; x_wconf 86' lang='lat' dir='ltr'>adigendi</span> <span class='ocrx_word' id='word_1_280' title='bbox 1215 2579 1338 2614; x_wconf 90' lang='lat' dir='ltr'>sunt.</span> <span class='ocrx_word' id='word_1_281' title='bbox 1366 2572 1414 2616; x_wconf 89' lang='lat' dir='ltr'>Si</span> <span class='ocrx_word' id='word_1_282' title='bbox 1439 2586 1547 2614; x_wconf 84' lang='lat' dir='ltr'>vero</span> <span class='ocrx_word' id='word_1_283' title='bbox 1582 2572 1743 2626; x_wconf 79' lang='lat' dir='ltr'>aliquis</span> <span class='ocrx_word' id='word_1_284' title='bbox 1772 2586 1878 2627; x_wconf 89' lang='lat' dir='ltr'>pro-</span> 
     </span>
     <span class='ocr_line' id='line_1_34' title="bbox 240 2644 1877 2704; baseline 0.004 -18"><span class='ocrx_word' id='word_1_285' title='bbox 240 2644 527 2689; x_wconf 83' lang='lat' dir='ltr'>testationem</span> <span class='ocrx_word' id='word_1_286' title='bbox 550 2645 871 2702; x_wconf 90' lang='lat' dir='ltr'>interponeret,</span> <span class='ocrx_word' id='word_1_287' title='bbox 902 2647 949 2689; x_wconf 89' lang='lat' dir='ltr'>in</span> <span class='ocrx_word' id='word_1_288' title='bbox 977 2647 1163 2690; x_wconf 89' lang='lat' dir='ltr'>arbitrio</span> <span class='ocrx_word' id='word_1_289' title='bbox 1190 2657 1311 2692; x_wconf 84' lang='lat' dir='ltr'>esset</span> <span class='ocrx_word' id='word_1_290' title='bbox 1340 2648 1584 2704; x_wconf 85' lang='lat' dir='ltr'>superioris</span> <span class='ocrx_word' id='word_1_291' title='bbox 1613 2649 1684 2690; x_wconf 78' lang='lat' dir='ltr'>vel</span> <span class='ocrx_word' id='word_1_292' title='bbox 1714 2648 1877 2692; x_wconf 90' lang='lat' dir='ltr'>eiicere</span> 
     </span>
     <span class='ocr_line' id='line_1_35' title="bbox 237 2720 1875 2781; baseline 0.002 -19"><span class='ocrx_word' id='word_1_293' title='bbox 237 2720 381 2774; x_wconf 86' lang='lat' dir='ltr'>illum,</span> <span class='ocrx_word' id='word_1_294' title='bbox 407 2723 481 2766; x_wconf 92' lang='lat' dir='ltr'>uel</span> <span class='ocrx_word' id='word_1_295' title='bbox 504 2722 700 2768; x_wconf 86' lang='lat' dir='ltr'>retinere</span> <span class='ocrx_word' id='word_1_296' title='bbox 719 2723 776 2767; x_wconf 92' lang='lat' dir='ltr'>ad</span> <span class='ocrx_word' id='word_1_297' title='bbox 798 2721 970 2778; x_wconf 87' lang='lat' dir='ltr'>aliquot</span> <span class='ocrx_word' id='word_1_298' title='bbox 990 2723 1105 2778; x_wconf 88' lang='lat' dir='ltr'>dies,</span> <span class='ocrx_word' id='word_1_299' title='bbox 1124 2725 1232 2768; x_wconf 91' lang='lat' dir='ltr'>dum</span> <span class='ocrx_word' id='word_1_300' title='bbox 1255 2725 1579 2781; x_wconf 87' lang='lat' dir='ltr'>prouincialem</span> <span class='ocrx_word' id='word_1_301' title='bbox 1598 2724 1812 2776; x_wconf 87' lang='lat' dir='ltr'>consulit,</span> <span class='ocrx_word' id='word_1_302' title='bbox 1838 2725 1875 2767; x_wconf 93' lang='lat' dir='ltr'>si</span> 
     </span>
    </p>
   </div>
   <div class='ocr_carea' id='block_1_7' title="bbox 308 2826 1089 2866">
    <p class='ocr_par' dir='ltr' id='par_1_10' title="bbox 308 2826 1089 2866">
     <span class='ocr_line' id='line_1_36' title="bbox 308 2826 1089 2866; baseline 0.001 -1"><span class='ocrx_word' id='word_1_303' title='bbox 308 2838 326 2855; x_wconf 81' lang='lat'><strong>³</strong></span> <span class='ocrx_word' id='word_1_304' title='bbox 375 2826 522 2865; x_wconf 86' lang='lat' dir='ltr'>Omiss.</span> <span class='ocrx_word' id='word_1_305' title='bbox 542 2828 582 2864; x_wconf 88' lang='lat' dir='ltr'>in</span> <span class='ocrx_word' id='word_1_306' title='bbox 600 2840 673 2865; x_wconf 90' lang='lat' dir='ltr'>ms.</span> <span class='ocrx_word' id='word_1_307' title='bbox 724 2850 753 2855; x_wconf 94' lang='lat'><em>-</em></span> <span class='ocrx_word' id='word_1_308' title='bbox 771 2831 791 2858; x_wconf 84' lang='lat' dir='ltr'>b</span> <span class='ocrx_word' id='word_1_309' title='bbox 810 2826 997 2866; x_wconf 82' lang='lat' dir='ltr'>&#39;biennem</span> <span class='ocrx_word' id='word_1_310' title='bbox 1016 2842 1089 2866; x_wconf 88' lang='lat' dir='ltr'>ms.</span> 
     </span>
    </p>
   </div>
   <div class='ocr_carea' id='block_1_8' title="bbox 235 2923 1873 3091">
    <p class='ocr_par' dir='ltr' id='par_1_11' title="bbox 235 2923 1873 3091">
     <span class='ocr_line' id='line_1_37' title="bbox 309 2923 1873 2973; baseline 0.001 -14"><span class='ocrx_word' id='word_1_311' title='bbox 309 2923 320 2944; x_wconf 90' lang='lat'>¹</span> <span class='ocrx_word' id='word_1_312' title='bbox 370 2924 529 2960; x_wconf 89' lang='lat' dir='ltr'>Decret.</span> <span class='ocrx_word' id='word_1_313' title='bbox 549 2925 638 2960; x_wconf 88' lang='lat' dir='ltr'>scil.</span> <span class='ocrx_word' id='word_1_314' title='bbox 662 2933 720 2970; x_wconf 88' lang='lat'>14,</span> <span class='ocrx_word' id='word_1_315' title='bbox 734 2936 812 2972; x_wconf 93' lang='lat' dir='ltr'>quo</span> <span class='ocrx_word' id='word_1_316' title='bbox 826 2925 997 2961; x_wconf 88' lang='lat' dir='ltr'>novitios</span> <span class='ocrx_word' id='word_1_317' title='bbox 1010 2925 1163 2962; x_wconf 89' lang='lat' dir='ltr'>duobus</span> <span class='ocrx_word' id='word_1_318' title='bbox 1178 2927 1290 2962; x_wconf 85' lang='lat' dir='ltr'>annis</span> <span class='ocrx_word' id='word_1_319' title='bbox 1304 2925 1538 2973; x_wconf 76' lang='lat' dir='ltr'>probandos3</span> <span class='ocrx_word' id='word_1_320' title='bbox 1555 2925 1727 2961; x_wconf 89' lang='lat' dir='ltr'>secundo</span> <span class='ocrx_word' id='word_1_321' title='bbox 1742 2932 1873 2960; x_wconf 84' lang='lat' dir='ltr'>tamen</span> 
     </span>
     <span class='ocr_line' id='line_1_38' title="bbox 236 2982 1871 3032; baseline 0.001 -15"><span class='ocrx_word' id='word_1_322' title='bbox 236 2993 339 3018; x_wconf 87' lang='lat' dir='ltr'>anno</span> <span class='ocrx_word' id='word_1_323' title='bbox 355 2982 459 3019; x_wconf 84' lang='lat' dir='ltr'>circa</span> <span class='ocrx_word' id='word_1_324' title='bbox 476 2983 606 3019; x_wconf 82' lang='lat' dir='ltr'>studia</span> <span class='ocrx_word' id='word_1_325' title='bbox 623 2983 841 3030; x_wconf 85' lang='lat' dir='ltr'>dispensari</span> <span class='ocrx_word' id='word_1_326' title='bbox 858 2996 972 3031; x_wconf 89' lang='lat' dir='ltr'>posse</span> <span class='ocrx_word' id='word_1_327' title='bbox 991 2998 1012 3020; x_wconf 89' lang='lat' dir='ltr'>a</span> <span class='ocrx_word' id='word_1_328' title='bbox 1036 2985 1265 3032; x_wconf 86' lang='lat' dir='ltr'>provinciali</span> <span class='ocrx_word' id='word_1_329' title='bbox 1290 2997 1338 3020; x_wconf 87' lang='lat' dir='ltr'>ex</span> <span class='ocrx_word' id='word_1_330' title='bbox 1362 2985 1559 3031; x_wconf 86' lang='lat' dir='ltr'>generalis</span> <span class='ocrx_word' id='word_1_331' title='bbox 1579 2984 1871 3027; x_wconf 81' lang='lat' dir='ltr'>commissione,</span> 
     </span>
     <span class='ocr_line' id='line_1_39' title="bbox 235 3040 1369 3091; baseline 0.005 -15"><span class='ocrx_word' id='word_1_332' title='bbox 235 3040 477 3078; x_wconf 87' lang='lat' dir='ltr'>decernitur.</span> <span class='ocrx_word' id='word_1_333' title='bbox 503 3041 566 3078; x_wconf 84' lang='lat' dir='ltr'>Cf.</span> <span class='ocrx_word' id='word_1_334' title='bbox 585 3043 718 3079; x_wconf 82' lang='lat' dir='ltr'>Instit.</span> <span class='ocrx_word' id='word_1_335' title='bbox 741 3044 828 3081; x_wconf 87' lang='lat' dir='ltr'>Soc.</span> <span class='ocrx_word' id='word_1_336' title='bbox 840 3044 941 3090; x_wconf 78' lang='lat' dir='ltr'>Jesu</span> <span class='ocrx_word' id='word_1_337' title='bbox 956 3045 1072 3089; x_wconf 91' lang='lat' dir='ltr'>(edit.</span> <span class='ocrx_word' id='word_1_338' title='bbox 1093 3045 1192 3091; x_wconf 90' lang='lat' dir='ltr'>cit.),</span> <span class='ocrx_word' id='word_1_339' title='bbox 1213 3045 1261 3091; x_wconf 90' lang='lat'>11,</span> <span class='ocrx_word' id='word_1_340' title='bbox 1285 3054 1369 3090; x_wconf 89' lang='lat'>197.</span> 
     </span>
    </p>
   </div>
  </div>
 </body>
</html>
