2098 3470
0 301 27 377 .“’“Γ’ρ’
20 265 22 269 ‚

820 218 1164 257 Insmucnousss
1171 238 1204 245 -
1212 218 1258 254 61
1742 227 1810 264 555

225 323 504 380 temporibus
531 325 665 366 modo
691 323 755 376 hi,
788 322 920 367 modo
946 321 1027 373 illi,
1059 319 1280 381 colligant
1307 334 1356 364 se
1384 321 1441 363 ad
1474 321 1681 365 facienda
1713 320 1863 376 aliqua

223 399 437 444 exercitia
466 400 732 456 spiritualia,
765 413 871 443 cum
902 397 1129 454 aliquibus
1161 396 1259 440 aliis
1292 396 1382 442 5⁰8
1419 397 1861 451 mortificationibus,

225 491 338 533 quas
358 476 443 532 ipsi
465 477 649 533 eligent,
674 476 879 520 adhibito
900 474 1068 518 iudicio
1090 474 1487 530 superiorumfflvt,
1521 482 1740 518 renouato
1769 474 1864 530 spi-

225 554 330 605 ritu,
356 554 412 597 ad
433 568 515 597 sua
537 554 710 610 possint
732 553 879 598 redire
895 551 1127 596 exercitia:
1152 558 1388 608 praeterea
1410 551 1483 594 his
1506 550 1699 607 singulis
1721 551 1865 607 septi-

229 629 371 673 manis
399 631 534 673 debet
560 630 658 672 dari
684 629 834 686 aliqua
862 629 1056 672 honesta
1082 626 1319 680 recreatio,
1348 635 1428 670 aut
1455 627 1595 679 domi,
1627 635 1706 670 aut
1734 636 1862 670 extra

224 707 428 757 domum,
467 707 627 750 saltem
664 721 690 750 a
724 705 929 762 prandio,
968 713 1018 748 vt
1054 705 1170 748 solet
1199 704 1296 747 dari
1326 703 1626 755 scholasticis3
1661 705 1741 748 sed
1772 718 1864 747 non

227 784 387 826 eodem
410 783 483 826 die
511 783 739 826 omnibus.
769 783 899 827 Haec
926 796 1034 826 vero
1060 780 1146 824 erit
1174 780 1395 825 recreatio
1424 788 1602 836 praeter
1629 795 1722 833 eas,
1753 795 1867 836 quas

226 859 290 902 illi
315 859 450 903 etiam
474 861 706 904 habebunt
730 867 830 916 post
851 873 1039 904 coenam
1061 866 1108 902 et
1128 866 1231 914 post
1253 858 1510 914 prandium.
1535 858 1682 902 Simul
1698 859 1865 902 habea-

226 944 301 979 tur
322 937 437 979 ratio
458 945 507 979 vt
527 952 584 981 ex
606 936 870 992 quotidiana
887 936 1090 979 oratione
1106 942 1152 978 et
1170 934 1477 979 celebratione
1493 942 1540 978 et
1556 934 1866 991 spiritualibus

229 1012 486 1056 ministeriis
508 1014 761 1069 proficiant:
786 1014 848 1056 ita
869 1014 948 1057 fiet
969 1019 1034 1065 vt,
1058 1012 1232 1055 viribus
1253 1011 1565 1068 corporalibus
1586 1022 1632 1055 et
1650 1011 1866 1067 spiritua-

227 1089 347 1133 libus
367 1090 649 1133 conseruatis
670 1105 723 1134 ac
745 1089 974 1142 recreatis,
998 1089 1161 1133 melius
1181 1089 1433 1146 procedant
1449 1088 1496 1132 in
1511 1088 1599 1132 Dei
1616 1088 1803 1132 seruitio
1819 1096 1866 1133 et

230 1166 398 1209 auxilio
420 1166 671 1210 animarum
694 1168 752 1209 ad
775 1167 987 1212 maiorem
1007 1166 1190 1210 diuinae
1213 1165 1462 1210 maiestatis
1483 1166 1690 1222 gloriam.

320 1244 473 1287 Horae
501 1243 792 1288 recreationis
820 1243 1111 1299 quotidianae
1140 1243 1453 1299 transigentur
1480 1258 1570 1287 vna
1598 1243 1865 1286 sedentibus

230 1327 311 1363 aut
331 1321 727 1363 deambulantibus
748 1320 888 1364 libere
908 1320 1025 1364 inter
1045 1335 1096 1364 se
1111 1319 1182 1372 iis,
1203 1319 1370 1375 quibus
1386 1334 1479 1363 non
1497 1319 1631 1363 fuerit
1648 1320 1866 1364 schedula

230 1397 356 1440 data.
389 1398 462 1449 Et,
493 1398 858 1453 quandoquidem
885 1399 998 1441 haec
1028 1397 1213 1442 libertas
1242 1397 1470 1452 aliquibus
1501 1411 1667 1441 nocere
1695 1404 1867 1453 posset,

230 1474 560 1530 prouidendum
597 1483 667 1518 est
702 1475 918 1531 periculo,
959 1474 1045 1520 5⁰9
1081 1482 1261 1531 praeter
1291 1474 1645 1531 chirographum
1679 1474 1862 1523 silentii,

230 1552 433 1594 curando
453 1558 503 1593 vt
523 1551 594 1603 iis,
619 1552 696 1608 qui
718 1551 915 1594 vicissim
938 1551 1024 1595 sibi
1046 1567 1135 1595 non
1159 1561 1364 1607 prosunt,
1398 1550 1472 1594 alii
1500 1551 1675 1608 probati
1706 1566 1757 1595 se
1786 1552 1867 1594 ad—

234 1627 471 1682 misceant,
497 1628 716 1671 admoniti
737 1643 761 1670 a
784 1629 1015 1685 superiore
1037 1629 1110 1673 vel
1130 1628 1218 1672 alia
1237 1628 1475 1672 industria.

320 1705 409 1748 Vbi
432 1707 629 1750 habeant
650 1705 791 1748 nostri
814 1706 991 1750 vineam
1019 1706 1092 1750 vel
1119 1707 1303 1751 hortum
1331 1715 1459 1749 extra
1487 1706 1740 1758 ciuitatem,
1775 1720 1869 1760 quo
1929 1717 1935 1722 ·

229 1783 376 1826 solent
403 1783 566 1827 fratres
594 1782 710 1825 mitti
737 1782 1031 1826 recreationis
1051 1782 1214 1839 gratia,
1239 1783 1424 1838 quando
1447 1797 1503 1827 eo
1524 1797 1573 1826 se
1595 1797 1753 1825 omnes
1776 1783 1869 1826 fra—

231 1867 324 1903 tres
342 1860 600 1911 conferunt,
626 1860 748 1915 quod
769 1859 855 1903 erit
881 1859 954 1904 die
982 1859 1272 1904 recreationis
1300 1860 1504 1904 cuiusuis
1532 1860 1862 1911 hebdomadae,

231 1950 410 1992 semper
435 1949 539 1978 cum
567 1935 654 1978 illis
681 1943 755 1979 eat
783 1935 944 1991 aliquis
972 1936 1272 1992 superiorum,
1302 1946 1352 1979 vt
1375 1945 1522 1980 rector
1545 1938 1618 1979 vel
1640 1936 1860 1980 minister.

232 2014 290 2056 Et
311 2014 532 2057 habeatur
553 2028 721 2070 magna
742 2013 932 2070 attentio
947 2014 1005 2057 ad
1022 2014 1199 2065 fratres,
1225 2021 1273 2056 vt
1289 2028 1393 2057 cum
1411 2014 1536 2057 omni
1553 2013 1871 2058 aedificatione

232 2098 279 2134 et
309 2090 530 2134 modestia
561 2077 838 2143 recreentur;
872 2099 919 2133 et
950 2091 1185 2138 habebunt
1214 2092 1330 2135 duos
1363 2099 1442 2134 aut
1475 2099 1567 2135 tres
1602 2099 1680 2134 aut
1718 2091 1872 2146 plures

233 2166 466 2222 syndicos‚
491 2174 625 2222 prout
644 2166 730 2210 erit
752 2181 970 2211 numerus
991 2167 1197 2220 fratrum3
1221 2175 1267 2212 et
1286 2167 1334 2211 hi
1356 2168 1447 2212 sint
1475 2168 1639 2212 secreti
1670 2168 1869 2223 quidem,

234 2251 280 2288 et
307 2258 388 2300 per
414 2235 597 2287 diuersa
618 2245 718 2287 loca
739 2244 1011 2297 discurrant,
1032 2245 1156 2301 quod
1171 2245 1339 2290 facient
1358 2245 1505 2298 facile,
1526 2245 1564 2288 si
1586 2246 1769 2301 quidem
1794 2259 1871 2287 su·

234 2321 383 2378 perior
410 2329 539 2365 curet
565 2335 667 2365 esse
694 2321 793 2364 illos
822 2321 939 2364 inter
966 2336 1015 2364 se
1043 2329 1176 2365 notos
1202 2329 1251 2365 vt
1278 2324 1539 2374 obseruent,
1572 2330 1618 2365 et
1651 2321 1869 2377 superiori

234 2399 446 2450 referant;
470 2406 516 2441 et
531 2397 590 2441 sit
611 2413 789 2454 semper
811 2413 928 2441 vnus
949 2398 1128 2450 ianitor,
1153 2398 1272 2442 sicut
1293 2399 1339 2442 in
1362 2399 1575 2455 collegio,
1602 2398 1678 2453 qui
1702 2405 1791 2440 stet
1815 2399 1871 2440 ad

236 2474 416 2518 ianuam
433 2474 594 2519 vineae
610 2476 683 2519 vel
699 2474 836 2528 horti,
856 2475 964 2518 dum
981 2482 1089 2518 sunt
1105 2475 1196 2519 illic
1214 2476 1391 2529 fratres;
1406 2485 1451 2520 et
1468 2477 1732 2520 aduertatur
1751 2475 1873 2529 quod

238 2550 369 2596 vinea
404 2551 711 2608 principaliter
748 2553 941 2595 habetur
978 2566 1059 2607 pro
1099 2553 1378 2597 recreatione
1416 2554 1504 2596 hac
1545 2550 1870 2595 Vniuer5l0sali

237 2628 443 2671 fratrum.
480 2629 619 2684 Quod
655 2628 693 2671 si
728 2635 913 2685 propter
949 2627 1144 2684 aliquam
1186 2629 1318 2673 aliam
1356 2629 1671 2673 necessitatem
1710 2630 1874 2671 fratres

237 2703 408 2760 alioqui
428 2719 484 2748 eo
505 2705 809 2757 mitterentur,
834 2720 952 2748 vnus
968 2705 1027 2748 sit
1042 2704 1223 2749 illorum
1239 2706 1459 2763 superior,
1480 2705 1553 2748 cui
1571 2705 1692 2748 credi
1710 2703 1870 2760 possit,

239 2788 286 2826 et
311 2795 544 2838 nunquam
573 2782 723 2838 aliqua
751 2782 925 2826 ratione
953 2783 1025 2826 vel
1052 2797 1160 2826 casu
1188 2783 1279 2826 vllo
1306 2783 1543 2826 mittantur
1571 2795 1790 2837 personae
1817 2794 1874 2823 ex

238 2858 421 2911 nostris,
445 2859 563 2903 inter
585 2874 698 2915 quas
720 2874 810 2902 non
833 2859 892 2902 sit
913 2859 1090 2915 aliquis,
1122 2860 1197 2903 eui
1224 2860 1480 2917 superiores
1508 2860 1647 2901 fidere
1679 2857 1870 2913 possint,

237 2935 407 2991 quique
428 2950 501 2980 res
522 2936 662 2992 possit
683 2944 701 2961 ³
722 2937 967 2981 obseruare
987 2944 1035 2980 et
1055 2937 1276 2993 superiori
1298 2937 1483 2981 referre.

311 3039 330 3057 ι
374 3031 532 3077 p‘ossint
550 3042 624 3067 ms.
