2098 3470
288 264 291 268 .
320 285 391 332 348
794 291 948 328 PATms
974 293 1220 329 HlERONYm
1247 292 1397 328 NADAL

272 396 436 442 rector,
463 405 579 446 quae
603 398 753 435 tamen
776 393 939 436 domus
962 407 1052 437 non
1080 393 1264 450 longius
1300 393 1451 446 distet,
1492 408 1628 450 quam
1669 393 1800 439 vinea
1830 409 1903 438 ro-

272 481 406 510 mana
428 482 454 510 a
475 468 670 524 collegio
695 470 798 525 plus
821 470 986 523 minus,
1012 471 1163 526 quoad
1185 470 1282 514 fieri
1305 471 1485 526 poterit.

361 545 647 588 Obseruetur
668 544 715 588 in
738 546 870 590 cuius
891 546 1084 603 gratiam
1102 547 1340 590 soluantur
1362 547 1561 604 portoria
1582 548 1832 602 literarum,
1857 557 1904 594 et

271 620 333 663 illi
356 622 553 665 soluant.

358 699 434 742 An
462 698 520 742 sit
542 699 844 754 retinendum,
871 707 919 742 vt
941 702 1052 742 hora
1083 700 1321 745 vndecima
1349 715 1452 744 cum
1484 702 1737 757 quadrante
1765 717 1902 759 pran—

267 773 446 828 deatur,
473 783 518 820 et
539 784 668 820 sexta
688 791 792 821 cum
815 777 998 820 dimidia
1021 784 1216 821 coenent
1239 785 1333 820 toto
1358 793 1497 831 anno,
1519 779 1719 822 scribant
1737 780 1794 822 ad
1813 781 1901 824 Pa-

267 858 384 895 trem
407 854 686 909 generalem.

355 930 602 985 Separetur
629 931 891 974 cubiculum
920 931 1106 987 aliquod
1143 945 1225 987 pro
1249 931 1675 975 mortificationibus
1712 931 1901 977 secretis

270 1005 503 1051 faciendis.

355 1085 405 1126 In
429 1085 609 1140 hyeme,
644 1098 748 1127 cum
778 1092 847 1128 est
876 1085 1022 1141 frigus
1050 1100 1285 1142 magnum,
1317 1084 1498 1129 videtur
1526 1101 1659 1142 posse
1689 1087 1896 1139 concedi,

265 1166 315 1202 vt
337 1145 502 1204 dentur
524 1175 683 1206 carnes
703 1161 750 1205 in
772 1163 951 1218 magnis
973 1155 1156 1218 patinis,
1181 1161 1390 1207 subiecto
1411 1162 1535 1218 igne,
1562 1169 1610 1205 vt
1631 1177 1688 1206 ex
1709 1170 1900 1219 Vtraque

264 1244 394 1293 parte
417 1252 600 1281 mensae
622 1238 849 1282 assideant
872 1240 1048 1292 fratres,
1077 1255 1132 1283 ne
1154 1239 1191 1282 si
1215 1239 1345 1283 aliter
1361 1240 1547 1293 faciant,
1567 1239 1716 1283 statim
1735 1247 1782 1284 et
1798 1254 1899 1284 car-

264 1329 347 1358 nes
370 1322 414 1358 et
436 1314 508 1358 ius
530 1316 814 1372 congeletur.

352 1393 476 1436 Ante
500 1406 657 1436 cenam
679 1393 784 1437 licet
814 1394 1058 1436 matutinas
1086 1393 1253 1446 dicere,
1286 1400 1331 1437 et
1359 1399 1414 1436 ex
1444 1400 1648 1450 tempore
1679 1393 1897 1437 orationis

261 1469 569 1526 praescriptae
591 1477 782 1526 possunt
804 1470 997 1513 mediam
1018 1472 1177 1514 horam
1201 1480 1425 1527 occupare
1446 1470 1491 1513 in
1511 1470 1756 1514 recitandis
1771 1471 1897 1514 horis

258 1546 496 1590 canonicis
524 1549 551 1590 ¹.
738 1544 741 1547 ⁴
1854 1596 1857 1601 ι

302 1674 305 1675 ⁷
349 1623 474 1667 Libri
495 1623 848 1676 haereticorum,
876 1624 952 1679 qui
974 1631 1081 1667 sunt
1103 1624 1175 1667 hic
1204 1623 1407 1680 repositi,
1433 1638 1491 1667 ne
1513 1625 1681 1678 dentur
1702 1624 1791 1678 his,
1817 1624 1895 1679 qui

262 1708 582 1757 reposuerunt,
609 1701 646 1744 si
669 1708 998 1758 repeterentur.

351 1780 441 1821 Pro
470 1779 700 1835 theologis
726 1786 771 1822 et
800 1779 1078 1835 philosophis
1106 1786 1382 1835 vsurpentur
1411 1779 1486 1822 illa
1514 1778 1746 1831 exercitia,
1779 1792 1896 1834 quae

262 1855 579 1912 praescribunt
600 1855 949 1899 constitutiones
972 1855 1017 1898 in
1040 1869 1067 1909 4
1090 1863 1219 1912 parte
1242 1858 1273 1898 ²¹.

349 1933 567 1977 Letaniae
598 1932 686 1975 dici
718 1940 908 1989 possunt
939 1932 1099 1976 diebus
1132 1933 1369 1976 dominicis
1396 1941 1534 1976 cantu
1563 1933 1762 1995 figurato
1791 1938 1893 1988 post

262 2024 493 2066 vesperas.
662 2062 664 2064 v

349 2087 398 2131 Si
420 2093 632 2143 parentes
653 2086 928 2130 nouitiorum
950 2086 997 2130 in
1019 2086 1230 2143 ingressu
1253 2093 1415 2142 petunt
1444 2086 1551 2142 quid
1583 2085 1673 2129 sint
1701 2084 1894 2129 soluturi

258 2153 623 2220 ingredientibus
645 2163 935 2215 Societatem,
962 2171 1031 2206 est
1058 2164 1377 2219 exponendum
1406 2163 1895 2206 institutum'nostrum

257 2240 515 2286 Societatis:
531 2240 643 2283 nihil
655 2240 859 2296 accipere
871 2240 1144 2284 Societatem
1156 2255 1235 2296 pro
1253 2239 1463 2296 ingressu
1480 2254 1563 2285 nec
1575 2255 1659 2296 pro
1671 2240 1794 2293 dote,
1809 2246 1894 2282 etc.

261 2319 520 2370 Praeterea,
547 2317 625 2373 qui
646 2317 702 2361 ad
724 2331 808 2360 nos
830 2317 1036 2369 veniunt,
1062 2332 1154 2360 non
1175 2318 1340 2361 cadent
1362 2317 1460 2360 iure
1482 2331 1580 2369 suo,
1606 2316 1644 2360 si
1674 2317 1783 2372 quid
1809 2317 1892 2359 ha'-

257 2396 368 2440 bent
406 2396 629 2437 bonorum
661 2394 707 2437 in
744 2395 915 2446 seculo,
951 2395 1096 2438 donec
1129 2402 1236 2437 sunt
1268 2394 1314 2436 in
1348 2393 1719 2437 scholasticorum
1753 2400 1892 2445 statu,

255 2473 381 2527 quod
405 2479 585 2527 tempus
606 2477 757 2527 potest
779 2485 879 2514 esse
901 2470 1196 2526 plurimorum
1220 2485 1458 2522 annorum,
1483 2485 1538 2513 eo
1561 2477 1764 2526 tempore
1782 2469 1894 2512 libe-

259 2564 307 2593 re
329 2563 464 2605 posse
486 2563 568 2592 sua
591 2549 709 2592 bona
731 2547 778 2590 in
801 2562 938 2603 opera
959 2547 1033 2603 pia
1055 2563 1110 2591 ex
1133 2562 1216 2590 sua
1237 2547 1480 2591 deuotione
1497 2547 1787 2599 distribuere,
1809 2560 1894 2591 nec

256 2640 457 2682 vnquam
480 2626 537 2668 ad
558 2625 634 2668 illa
655 2624 871 2668 succedet
893 2624 1098 2668 Societas
1120 2632 1198 2667 aut
1220 2622 1479 2680 collegium:v
1505 2625 1562 2666 ab
1590 2623 1700 2679 ipsis
1729 2638 1893 2679 paren-

258 2702 380 2746 tibus
402 2702 514 2745 nihil
535 2717 618 2745 nos
640 2708 900 2746 exacturos:
927 2702 964 2744 si
987 2701 1128 2746 velint
1151 2709 1300 2744 tamen
1322 2716 1404 2744 sua
1426 2701 1659 2744 voluntate
1682 2707 1727 2744 et
1749 2701 1894 2743 deuo-

259 2779 381 2823 tione
402 2779 562 2823 iuuare
585 2778 828 2835 collegium
850 2785 1072 2830 nostrum,
1099 2779 1220 2834 quod
1243 2785 1311 2822 est
1334 2786 1487 2829 tenue,
1508 2777 1640 2820 nobis
1661 2776 1746 2820 erit
1763 2783 1894 2833 grata

258 2857 336 2899 illa
358 2858 662 2913 eleemosyna.

330 2982 341 3002 ¹
393 2981 493 3017 Vide
511 2987 642 3017 tamen
660 2981 861 3016 decretum
879 2980 1197 3026 congregationis
1215 2986 1376 3027 quartae
1395 2991 1511 3026 supra
1529 2979 1755 3024 allegatum.

326 3045 340 3064 ²
391 3042 452 3078 Cf.
492 3041 802 3077 Constitutiones
843 3041 934 3076 Soc.
973 3041 1072 3086 Jesu
1106 3040 1178 3075 lat.
1215 3043 1252 3075 et
1284 3040 1406 3087 hisp„
1444 3045 1553 3085 parte
1588 3038 1662 3083 IV,
1699 3048 1784 3083 cap.
1821 3035 1891 3082 VI,

255 3112 374 3148 pagg.
398 3101 478 3146 128,
502 3100 582 3136 130.
1075 3093 1079 3096 ’
