2098 3470
119 0 149 55 υἱὲ

167 100 170 104 .
153 0 181 40 »553

746 211 750 215 ⁴
819 227 1260 272 SUPPLEEENTUu-25
1741 226 1812 264 823

308 333 400 377 Sed
420 344 708 388 seponamus,
733 329 901 384 inquis,
928 328 1416 384 papam.-—Nolumus‚
1438 336 1486 370 vt
1503 343 1595 371 non
1613 329 1851 373 debemus.

218 411 409 466 Depone
430 408 582 465 potius
619 416 670 451 tu
697 415 828 450 tuum
865 405 1099 458 iudicium;
1141 405 1277 448 crede
1314 405 1548 458 ecclesiae,
1576 414 1624 448 vt
1645 407 1852 462 symbolo

218 485 464 538 confiteris,
489 500 545 546 ex
566 485 670 528 fide.
694 483 826 527 Vide:
852 491 960 526 sunt
982 483 1140 533 multa,
1160 481 1209 524 in
1230 481 1414 536 quibus,
1440 482 1478 524 si
1501 482 1685 538 seponis
1708 497 1851 539 papae

215 571 262 607 et
282 562 504 608 ecclesiae
525 561 859 611 auctoritatem,
884 559 996 602 nihil
1025 558 1112 603 erit
1135 559 1207 603 vel
1236 559 1357 615 quod
1387 573 1477 615 ego
1507 559 1751 604 defendam
1774 561 1845 603 vel

216 641 338 696 quod
360 648 410 682 tu
431 652 685 696 oppugnes3
724 645 832 680 sunt
868 637 989 680 enim
1027 636 1269 692 permulta,
1306 649 1423 690 quae
1461 637 1556 679 sola
1579 636 1851 680 auctoritate

217 716 436 761 ecclesiae
456 723 685 767 constant3
717 728 803 757 nec
825 721 1063 769 propterea
1092 712 1401 755 obediendum
1423 722 1492 756 est
1515 713 1612 757 sedi
1635 714 1852 770 apostoli-

213 806 311 847 cae,
336 794 459 849 quod
480 791 589 836 mihi
611 791 822 835 videatur
843 799 968 834 recte
990 798 1129 845 atque
1155 788 1314 832 ordine
1336 788 1495 834 iubere
1526 805 1644 845 quae
1674 799 1847 843 censet,

213 872 294 914 sed
315 871 342 914 7
363 884 468 914 cum
491 869 744 912 humilitate
772 868 1052 912 credendum
1081 867 1292 909 consulte
1321 866 1442 909 illam
1474 868 1640 919 facere,
1676 867 1851 911 etiamsi

214 945 434 990 rationem
456 960 546 1002 ego
566 945 792 1001 ignorem,
817 943 986 999 alioqui
1016 943 1130 988 illud
1151 942 1237 987 erit
1265 951 1284 968 ὃ
1315 942 1396 985 tibi
1419 943 1622 995 obedire,
1653 945 1740 987 hoc
1763 951 1848 995 est,

213 1031 320 1068 tuae
341 1022 640 1080 persuasioni.
666 1022 805 1077 Quod
826 1021 865 1064 si
887 1029 1010 1072 tuae,
1035 1035 1118 1064 cur
1139 1035 1231 1063 non
1255 1019 1408 1075 potius
1432 1022 1594 1076 papae?
1617 1020 1662 1063 in
1691 1020 1763 1064 his
1786 1028 1849 1064 ta-

209 1115 331 1154 men,
355 1115 472 1156 quae
492 1098 781 1143 confirmauit
802 1098 934 1141 sedes
950 1097 1203 1154 apostolica
1218 1097 1264 1139 in
1282 1097 1512 1141 exercitiis
1529 1098 1717 1150 nostris,
1737 1098 1849 1140 illud

211 1177 468 1221 addendum
490 1177 629 1231 quod,
652 1189 770 1231 quae
791 1190 818 1218 a
838 1175 948 1219 sede
979 1174 1233 1230 apostolica
1249 1175 1515 1230 probantur,
1550 1189 1605 1217 ea
1633 1174 1681 1217 in
1709 1174 1850 1218 sacris

210 1253 353 1298 literis
373 1253 680 1298 continentur.
721 1252 845 1308 Quid
874 1251 1016 1308 igitur
1045 1251 1160 1307 petis
1182 1259 1232 1294 vt
1262 1266 1357 1295 rem
1379 1260 1424 1295 et
1453 1266 1532 1307 per
1559 1252 1715 1295 sedem
1738 1267 1846 1308 apo—

210 1331 419 1374 stolicam
442 1338 487 1374 et
510 1345 589 1387 per
610 1344 762 1373 sacras
783 1330 938 1373 literas
966 1329 1279 1372 confirmatam
1306 1328 1353 1371 in
1377 1327 1736 1372 controuersiam
1766 1344 1847 1372 vo-

209 1422 287 1452 ces
304 1416 352 1451 et
365 1407 602 1460 iudicium,
619 1407 787 1462 rejecta
803 1405 1074 1449 auctoritate
1085 1405 1351 1462 apostolica,
1366 1405 1694 1461 praetermissis
1709 1406 1847 1450 sacris

208 1484 389 1529 litteris?
410 1486 658 1540 Nunquam
681 1483 893 1540 equidem
916 1482 1135 1539 cogitaui,
1154 1482 1350 1538 inquies.
1373 1482 1497 1538 Quid
1515 1496 1626 1538 ergo
1650 1490 1719 1525 est
1736 1497 1846 1538 qua-

206 1569 406 1618 propter,
437 1576 579 1617 quum
609 1561 778 1604 bullam
812 1559 1108 1616 apostolicam
1136 1559 1269 1616 legis,
1295 1559 1342 1602 in
1365 1574 1454 1615 qua
1477 1567 1720 1614 Vtrumque
1742 1574 1846 1604 con-

204 1645 311 1691 stat,
334 1637 364 1684 8
385 1637 682 1681 nihilominus
704 1645 795 1681 tam
817 1637 1034 1680 atrociter
1065 1636 1333 1693 pronuntias
1360 1639 1580 1681 aduersus
1610 1638 1844 1683 exercitia?

290 1715 518 1772 Quocirca
554 1729 789 1771 nunquam
822 1714 1054 1759 existimes
1089 1713 1156 1757 sic
1183 1729 1255 1757 me
1283 1729 1365 1770 pro
1404 1715 1633 1758 exercitiis
1670 1715 1838 1768 dicere,

202 1793 331 1848 quasi
351 1793 410 1837 de
430 1807 479 1836 re
500 1799 796 1836 controuersa
818 1792 1109 1846 contendam,
1140 1792 1221 1835 sed
1250 1792 1313 1835 ita
1342 1793 1527 1836 tandem
1551 1793 1744 1848 (etiarnsi
1770 1793 1841 1835 in—

104 1868 134 1886 ”
200 1869 325 1914 uitus
345 1869 392 1912 id
412 1870 574 1914 faciam
592 1877 775 1926 propter
797 1870 862 1914 rei
890 1869 1226 1926 indignitatem)
1253 1878 1304 1912 vt
1332 1871 1535 1913 solemus
1563 1871 1620 1913 de
1647 1871 1738 1914 fide
1760 1871 1841 1914 ad-

200 1961 362 1992 uersus
382 1946 652 1999 haereticos,
677 1961 760 2003 pro
782 1946 1043 1991 obedientia
1063 1947 1230 1990 summi
1253 1947 1482 2003 pontificis
1503 1947 1623 1990 idem
1645 1947 1664 1972 b
1682 1956 1840 1992 contra

200 2023 516 2068 schismaticos
537 2031 555 2050 ⁰
589 2038 743 2080 agere.
777 2026 1070 2080 Quamquam
1097 2025 1156 2068 de
1183 2032 1230 2068 te
1256 2039 1346 2080 ego
1371 2024 1487 2066 nihil
1514 2026 1728 2076 censebo,
1761 2026 1841 2068 sed

201 2107 378 2144 tantum
394 2102 452 2146 de
474 2101 564 2145 tuis
592 2100 680 2144 illis
701 2100 907 2146 censuris
929 2100 1254 2146 celeberrimis„

286 2178 380 2223 Sed
400 2191 504 2234 age,
525 2178 583 2222 ad
599 2193 694 2223 rem
710 2177 935 2222 cominus.
957 2179 1083 2234 Lege
1099 2178 1162 2222 fo.
1191 2191 1208 2222 1
1221 2211 1230 2220 .
1252 2179 1312 2222 fa.
1334 2191 1376 2221 2:
1402 2180 1545 2222 «Cum
1564 2179 1684 2221 filius
1702 2180 1837 2235 Igna-

200 2254 291 2299 tius
310 2255 368 2298 de
390 2255 563 2311 Loyola
604 2257 642 2295 ¹»
668 2262 758 2298 etc.
793 2239 919 2311 Quid
947 2262 1014 2307 tu,
1038 2255 1075 2298 si
1113 2257 1232 2312 Xpo.
1276 2257 1441 2312 placet,
1482 2256 1536 2298 fis
1574 2263 1758 2311 repente
1781 2256 1837 2299 de

198 2332 414 2388 theologo
434 2334 604 2384 rethor,
643 2333 702 2376 de
739 2333 878 2376 fratre
914 2339 1061 2384 satan,
1087 2333 1177 2375 hoc
1199 2340 1285 2385 est,
1324 2332 1634 2376 aduersarius?
1662 2332 1835 2388 Legisti

198 2408 402 2452 fortassis
418 2408 480 2452 ibi
501 2409 867 2455 beneuolentiam
895 2410 954 2453 ab
976 2424 1172 2466 persona
1196 2410 1562 2454 aduersariorum
1590 2408 1778 2464 captari,
1806 2411 1832 2452 9

195 2485 234 2528 si
254 2484 355 2529 illos
376 2485 423 2529 in
445 2485 618 2539 odium,
642 2486 688 2529 in
710 2486 945 2544 inuidiam,
985 2487 1033 2530 in
1068 2487 1455 2543 contemptionem
1495 2486 1594 2528 illos
1631 2486 1831 2528 adduce-

196 2577 313 2606 mus.
337 2563 496 2619 Itaque
516 2578 609 2607 non
630 2563 799 2620 putasti
819 2563 930 2608 satis
946 2565 1188 2620 probatum
1206 2563 1260 2607 iri
1280 2571 1323 2608 te
1342 2562 1651 2606 aduersarium
1671 2576 1826 2618 agere,

265 2710 285 2728 ³
331 2700 535 2737 illuderit
550 2701 658 2737 illud
676 2713 754 2738 ms,
808 2704 875 2731 -b
901 2701 1082 2739 Obscure
1108 2707 1324 2737 exaratum.
1378 2720 1410 2726 —-
1427 2710 1442 2727 ε
1467 2698 1730 2734 schismaticis
1749 2710 1823 2733 ms.

264 2801 274 2822 ¹
324 2801 434 2838 Haec
452 2809 543 2838 sunt
561 2802 683 2849 prima
697 2804 819 2838 verba
836 2803 1056 2839 litterarum
1080 2802 1382 2850 apostolicarum
1411 2801 1519 2836 Pauli
1540 2801 1607 2845 111,
1638 2811 1737 2847 quae
1757 2801 1826 2836 ini-

191 2859 248 2896 tio
263 2860 356 2896 libri
372 2862 647 2898 exercitiorum
660 2852 787 2910 posita
800 2869 906 2908 sunt,
920 2864 1090 2909 allegata
1107 2874 1130 2898 a
1148 2862 1365 2898 Pedrochio
1385 2862 1423 2896 in
1438 2873 1506 2896 sua
1525 2871 1704 2903 censura,
1725 2871 1826 2907 quae

190 2919 349 2968 quidem
362 2922 483 2957 verba
500 2933 550 2956 ex
567 2921 661 2958 folio
682 2921 747 2966 1.⁰,
767 2921 868 2958 facie
894 2923 947 2957 1.¹
970 2921 1136 2969 praefati
1166 2922 1291 2958 libelli
1322 2921 1552 2967 deprompta
1579 2919 1701 2954 fuere.
1724 2919 1825 2954 Vide

191 2989 292 3026 quae
308 2978 357 3015 ad
372 2991 455 3015 rem
473 2980 748 3016 annotavimus
765 2980 929 3017 edentes
959 2992 1164 3017 censuram
1198 2980 1502 3016 Pedrochianam
1530 2978 1631 3025 apud
1663 2979 1825 3014 POLAN-

191 3044 296 3083 cml,
322 3037 490 3083 Chron„
512 3039 586 3087 111,
611 3038 695 3087 503,
715 3046 849 3076 annot.
870 3039 908 3076 3.
