2098 3470
340 239 411 284 842
919 241 1056 276 Epis’r.
1085 241 1128 277 P.
1157 241 1308 277 NADAL

384 343 638 394 Postremo,
664 341 741 384 vbi
764 341 1032 386 electionem
1055 342 1197 398 liquet
1219 357 1320 387 esse
1341 343 1635 387 constitutam
1653 351 1775 389 recte
1792 353 1932 402 atque

291 418 450 463 ordine
492 433 548 462 ex
585 433 694 463 vera
731 433 1015 475 synceraque
1053 419 1438 475 contemplatione
1473 427 1610 476 atque
1637 435 1788 465 amore
1825 422 1932 467 finis

290 495 450 552 ipsius,
481 509 582 538 eam
613 495 898 549 electionem,
923 496 1099 539 etiamsi
1129 497 1293 539 mutari
1326 496 1484 552 possit,
1510 497 1766 541 confirmari
1794 498 1925 544 iube-

291 587 410 626 mus,
435 580 481 616 et
503 579 766 617 constanter
797 587 850 617 ac
879 581 1223 630 perseueranter
1247 573 1486 628 tuendum,
1511 574 1633 629 quod
1660 574 1667 632 Ι
1694 574 1766 631 pie
1789 582 1931 632 atque
1978 589 1984 601 '

291 657 472 694 maturo
493 649 683 693 consilio
704 649 912 694 videmus
935 664 1034 693 esse
1057 649 1312 701 definitum,
1344 650 1467 705 quod
1494 664 1652 694 verum
1675 659 1708 703 ²,
1734 659 1780 695 et
1801 653 1930 708 quod

290 727 365 770 illa
388 741 479 770 non
501 726 559 770 sit
581 725 776 779 vocatio,
802 741 919 782 quae
940 736 1109 770 temere
1129 726 1378 782 suscipitur
1399 725 1433 769 ¹³.

380 805 537 859 Itaque
569 803 744 846 nullum
769 818 852 847 nos
880 818 1053 856 eorum,
1079 802 1157 858 qui
1187 810 1471 856 exercentur,
1508 804 1810 860 permittimus
1840 819 1930 849 suo

289 881 473 933 iudicio,
501 880 571 925 vel
594 879 640 923 in
669 879 1052 933 meditationibus,
1078 881 1151 923 vel
1182 879 1228 922 in
1262 880 1576 934 electionibus;
1612 896 1716 924 nam
1748 881 1924 926 etiamsi

291 957 607 1002 meditationes
644 964 829 1001 nostrae
866 972 922 1000 ex
959 955 1204 1013 euangelio
1241 957 1333 1000 sint
1371 957 1660 1014 desumptae,
1700 965 1796 1001 tum
1830 965 1927 1002 tota

289 1034 504 1080 exercitia
527 1035 584 1077 ab
608 1048 794 1077 romana
814 1033 1007 1077 ecclesia
1029 1034 1234 1090 probata,
1261 1033 1368 1089 quia
1391 1041 1542 1077 tamen
1559 1033 1759 1078 incidere
1777 1041 1929 1090 potest

289 1111 451 1168 quauis
473 1126 529 1154 ex
552 1125 690 1154 causa
710 1109 756 1153 in
779 1111 942 1155 harum
959 1124 1111 1154 rerum
1132 1110 1404 1155 tractatione
1422 1110 1735 1158 controuersia
1754 1110 1923 1166 aliqua,

289 1189 360 1232 vel
381 1187 621 1240 dubitatio,
645 1188 719 1232 vel
740 1202 880 1239 error,
908 1187 980 1230 vel
1002 1186 1246 1240 dificultas,
1272 1195 1511 1244 propterea
1533 1201 1769 1232 censorem
1788 1194 1834 1232 et
1849 1187 1922 1231 iu·

288 1266 434 1309 dicem
457 1264 727 1309 adhibemus
749 1278 801 1307 ac
824 1264 1148 1316 consultorem,
1170 1264 1226 1306 ad
1249 1278 1384 1320 quem
1414 1264 1683 1317 referantur,
1709 1278 1826 1320 quae
1848 1278 1925 1308 ac-

287 1342 446 1386 cidunt
468 1342 513 1384 in
537 1340 765 1386 exercitiis
787 1340 953 1393 omnia,
980 1355 1070 1384 non
1094 1355 1148 1384 ea
1170 1341 1338 1394 solum,
1364 1355 1481 1396 quae
1503 1356 1529 1384 a
1546 1341 1665 1384 malo
1682 1340 1928 1386 videantur

286 1419 449 1476 spiritu
478 1419 654 1462 intrusa
676 1426 842 1471 astute,
870 1418 943 1463 194
975 1419 1055 1461 sed
1096 1417 1172 1460 illa
1201 1432 1398 1473 quoque,
1436 1432 1553 1473 quae
1582 1433 1608 1461 a
1637 1418 1928 1462 consolatore

287 1496 465 1554 spiritu,
491 1510 609 1552 quae
630 1495 868 1539 videantur
891 1510 990 1539 esse
1012 1493 1218 1539 deriuata
1248 1494 1486 1547 diuinitus,
1511 1496 1598 1538 hoc
1631 1493 1854 1550 siquidem
1875 1493 1924 1541 in

293 1586 343 1629 17
367 1572 662 1617 annotatione
683 1572 987 1628 praecipimus
1009 1579 1054 1616 et
1076 1574 1162 1614 hoc
1184 1572 1285 1615 loco
1306 1570 1353 1614 in
1376 1571 1713 1615 introductione
1735 1570 1920 1616 electio-

286 1666 396 1694 num
417 1651 715 1694 declaramus.
744 1651 916 1704 Itaque,
942 1649 980 1692 si
1002 1663 1137 1704 quem
1157 1647 1539 1710 deprehendimus
1555 1649 1664 1691 dum
1681 1654 1923 1692 exercetur

285 1728 459 1785 aperire
481 1741 530 1771 se
552 1727 672 1770 nolle
693 1726 972 1778 instructori,
998 1728 1121 1769 hunc
1143 1725 1371 1770 hominem
1390 1725 1633 1778 reiicimus,
1655 1724 1821 1770 necubi
1836 1739 1926 1768 suo

285 1806 430 1850 fretus
458 1803 625 1847 iudicio
656 1804 728 1847 vel
761 1802 994 1846 daemonis
1025 1802 1235 1847 illusione
1266 1803 1502 1858 deceptus,
1537 1801 1708 1845 incidat
1729 1801 1774 1844 in
1797 1815 1915 1845 erro»

286 1898 398 1935 rem,
423 1896 477 1925 ac
499 1896 584 1924 nos
605 1880 726 1924 illius
754 1880 989 1924 videamur
1018 1880 1184 1924 erroris
1212 1894 1312 1924 esse
1350 1880 1702 1924 consentientes.
1734 1877 1783 1923 Si
1812 1877 1922 1934 quid

285 1966 437 2004 autem
459 1958 740 2011 instructori,
767 1958 886 2013 quod
911 1957 1093 2002 difficile
1116 1957 1191 2009 sit,
1225 1965 1379 2000 narrat
1402 1956 1479 2012 qui
1501 1963 1755 2007 exercetur,
1781 1956 1838 1999 de
1867 1969 1926 1999 eo

283 2037 533 2081 instructor
564 2036 636 2079 vel
664 2049 798 2078 suum
831 2034 1137 2090 praepositum
1170 2033 1437 2090 interrogat,
1463 2034 1535 2076 vel
1567 2040 1804 2077 externum
1838 2031 1922 2076 ali-

284 2128 418 2170 quem
441 2113 588 2155 virum
611 2119 656 2156 et
679 2112 864 2155 doctum
886 2118 931 2154 et
961 2111 1005 2153 in
1029 2110 1234 2154 oratione
1265 2110 1581 2155 exercitatum.
1618 2111 1747 2154 Haec
1775 2123 1919 2164 quum

283 2191 345 2235 ita
372 2190 479 2244 sint,
505 2196 684 2233 constat
711 2188 718 2246 Ι
746 2202 829 2231 nos
851 2187 1003 2231 omnia
1026 2187 1174 2232 media
1203 2186 1423 2232 adhibere
1460 2187 1517 2230 ad
1546 2185 1776 2238 exercitia,
1803 2200 1923 2241 quae

282 2269 339 2312 ad
361 2268 574 2324 pietatem
598 2266 757 2310 iuuare
779 2264 968 2321 possint:
989 2263 1159 2317 diuina,
1179 2263 1504 2317 ecclesiastica,
1525 2265 1741 2307 humana:
1763 2261 1925 2308 diuina

283 2345 466 2402 quidem
489 2358 618 2387 sacra
651 2341 879 2398 euangelii
903 2341 1197 2385 meditatione
1229 2348 1367 2396 atque
1395 2346 1781 2384 sacramentorum
1815 2353 1921 2393 vsu;

282 2420 606 2473 ecclesiastica,
631 2429 680 2462 vt
703 2419 780 2475 qui
803 2434 903 2463 eam
927 2418 1146 2462 rationem
1170 2417 1491 2473 exercitiorum
1514 2430 1775 2472 sequamur,
1801 2429 1924 2471 quae

282 2500 339 2543 ab
361 2498 555 2544 ecclesia
577 2511 763 2541 romana
783 2497 973 2552 probata
1004 2508 1056 2538 ac
1089 2495 1354 2538 confirmata
1390 2500 1460 2537 est
1491 2492 1729 2550 legittime3
1754 2494 1916 2535 huma-

281 2592 356 2629 na,
380 2576 456 2619 vbi
484 2575 824 2626 instructorem,
847 2573 1156 2617 consultorem
1189 2585 1242 2615 ac
1273 2570 1468 2615 iudicem
1498 2568 1726 2613 exercitiis
1757 2568 1921 2625 praefi·
1983 2583 1986 2585 “
2031 2560 2033 2562 ’

282 2668 445 2697 cimus.

371 2732 443 2773 De
464 2727 705 2772 vocatione
726 2733 877 2770 autem
907 2725 967 2768 ita
996 2724 1241 2781 loquimur,
1274 2731 1456 2780 propter
1482 2722 1767 2767 vocationem
1796 2721 1919 2765 illam

243 2846 246 2848 .
281 2806 604 2858 Vniuersalem,
640 2818 730 2860 qua
761 2818 841 2859 per
872 2801 1166 2859 euangelium
1197 2808 1420 2844 vocantur
1451 2800 1661 2843 mortales
1687 2800 1745 2842 ad
1765 2799 1919 2855 legem

281 2883 386 2940 Xpi.
419 2883 539 2935 Iesu,
575 2882 632 2925 ad
661 2882 810 2938 legem
834 2879 1019 2936 spiritus
1047 2878 1185 2930 vitae,
1211 2879 1269 2921 ad
1290 2878 1437 2934 legem
1462 2876 1508 2919 in
1530 2875 1743 2919 cordibus
1764 2873 1918 2919 homi--

351 3063 369 3080 a
418 3047 814 3095 Obscum-scriptum.
868 3068 903 3073 —
914 3048 933 3074 b
955 3055 968 3082 ι
979 3055 993 3081 1
1012 3047 1134 3082 verba
1147 3043 1421 3092 praecedentia
1439 3043 1479 3079 in
1494 3053 1616 3087 marg.
1631 3041 1763 3078 addita
1779 3051 1801 3076 a
1818 3039 1915 3079 Nat,
