<?xml version="1.0" encoding="UTF-8"?>
<!DOCTYPE html PUBLIC "-//W3C//DTD XHTML 1.0 Transitional//EN"
    "http://www.w3.org/TR/xhtml1/DTD/xhtml1-transitional.dtd">
<html xmlns="http://www.w3.org/1999/xhtml" xml:lang="en" lang="en">
 <head>
  <title>
</title>
<meta http-equiv="Content-Type" content="text/html;charset=utf-8" />
  <meta name='ocr-system' content='tesseract 3.04.00' />
  <meta name='ocr-capabilities' content='ocr_page ocr_carea ocr_par ocr_line ocrx_word'/>
</head>
<body>
  <div class='ocr_page' id='page_1' title='image "./epistolaephieron04nadauoft_0415.png"; bbox 0 0 2098 3470; ppageno 0'>
   <div class='ocr_carea' id='block_1_1' title="bbox 0 0 202 186">
    <p class='ocr_par' dir='ltr' id='par_1_1' title="bbox 0 0 202 186">
     <span class='ocr_line' id='line_1_1' title="bbox 0 0 202 186; baseline 0 3284"><span class='ocrx_word' id='word_1_1' title='bbox 0 0 202 186; x_wconf 95' lang='lat' dir='ltr'><strong> </strong></span> 
     </span>
    </p>
   </div>
   <div class='ocr_carea' id='block_1_2' title="bbox 816 270 1802 318">
    <p class='ocr_par' dir='ltr' id='par_1_2' title="bbox 816 270 1802 318">
     <span class='ocr_line' id='line_1_2' title="bbox 816 270 1802 318; baseline -0.009 -8"><span class='ocrx_word' id='word_1_2' title='bbox 816 271 1250 310; x_wconf 68' lang='lat' dir='ltr'><strong>hrsrnucnouus-m</strong></span> <span class='ocrx_word' id='word_1_3' title='bbox 1731 270 1802 318; x_wconf 79' lang='lat'><strong>389</strong></span> 
     </span>
    </p>
   </div>
   <div class='ocr_carea' id='block_1_3' title="bbox 156 356 1848 2891">
    <p class='ocr_par' dir='ltr' id='par_1_3' title="bbox 210 356 1845 511">
     <span class='ocr_line' id='line_1_3' title="bbox 211 356 1845 432; baseline -0.002 -12"><span class='ocrx_word' id='word_1_4' title='bbox 211 356 359 420; x_wconf 82' lang='lat' dir='ltr'><strong>ficiat.</strong></span> <span class='ocrx_word' id='word_1_5' title='bbox 384 375 489 420; x_wconf 90' lang='lat' dir='ltr'><strong>lllos</strong></span> <span class='ocrx_word' id='word_1_6' title='bbox 509 371 651 432; x_wconf 85' lang='lat' dir='ltr'><strong>igitur</strong></span> <span class='ocrx_word' id='word_1_7' title='bbox 670 373 857 418; x_wconf 87' lang='lat' dir='ltr'><strong>habebit</strong></span> <span class='ocrx_word' id='word_1_8' title='bbox 872 373 920 416; x_wconf 90' lang='lat' dir='ltr'><strong>in</strong></span> <span class='ocrx_word' id='word_1_9' title='bbox 935 372 1136 431; x_wconf 89' lang='lat' dir='ltr'><strong>praecio,</strong></span> <span class='ocrx_word' id='word_1_10' title='bbox 1156 372 1292 416; x_wconf 91' lang='lat' dir='ltr'><strong>simul</strong></span> <span class='ocrx_word' id='word_1_11' title='bbox 1307 387 1489 430; x_wconf 80' lang='lat' dir='ltr'>operam</span> <span class='ocrx_word' id='word_1_12' title='bbox 1508 373 1635 417; x_wconf 83' lang='lat' dir='ltr'><strong>dabit</strong></span> <span class='ocrx_word' id='word_1_13' title='bbox 1656 388 1712 417; x_wconf 91' lang='lat' dir='ltr'><strong>ne</strong></span> <span class='ocrx_word' id='word_1_14' title='bbox 1734 374 1845 426; x_wconf 89' lang='lat' dir='ltr'><strong>fiant</strong></span> 
     </span>
     <span class='ocr_line' id='line_1_4' title="bbox 210 449 1486 511; baseline -0.003 -15"><span class='ocrx_word' id='word_1_15' title='bbox 210 459 402 511; x_wconf 86' lang='lat' dir='ltr'><strong>propter</strong></span> <span class='ocrx_word' id='word_1_16' title='bbox 421 451 736 508; x_wconf 86' lang='lat' dir='ltr'><strong>antiquitatem</strong></span> <span class='ocrx_word' id='word_1_17' title='bbox 757 449 994 495; x_wconf 85' lang='lat' dir='ltr'>liberiores</span> <span class='ocrx_word' id='word_1_18' title='bbox 1013 457 1094 494; x_wconf 90' lang='lat' dir='ltr'><strong>aut</strong></span> <span class='ocrx_word' id='word_1_19' title='bbox 1114 449 1486 507; x_wconf 83' lang='lat' dir='ltr'><strong>negligentiores.</strong></span> 
     </span>
    </p>

    <p class='ocr_par' dir='ltr' id='par_1_4' title="bbox 208 525 1846 968">
     <span class='ocr_line' id='line_1_5' title="bbox 305 525 1842 583; baseline -0.002 -10"><span class='ocrx_word' id='word_1_20' title='bbox 305 531 417 573; x_wconf 85' lang='lat' dir='ltr'><strong>Eam</strong></span> <span class='ocrx_word' id='word_1_21' title='bbox 439 527 773 580; x_wconf 90' lang='lat' dir='ltr'><strong>auctoritatem,</strong></span> <span class='ocrx_word' id='word_1_22' title='bbox 793 541 929 583; x_wconf 87' lang='lat' dir='ltr'><strong>quarn</strong></span> <span class='ocrx_word' id='word_1_23' title='bbox 947 525 1084 570; x_wconf 87' lang='lat' dir='ltr'><strong>officii</strong></span> <span class='ocrx_word' id='word_1_24' title='bbox 1101 526 1218 570; x_wconf 90' lang='lat' dir='ltr'><strong>ratio</strong></span> <span class='ocrx_word' id='word_1_25' title='bbox 1234 526 1393 583; x_wconf 81' lang='lat' dir='ltr'><strong>exigit,</strong></span> <span class='ocrx_word' id='word_1_26' title='bbox 1414 541 1518 570; x_wconf 88' lang='lat' dir='ltr'><strong>cum</strong></span> <span class='ocrx_word' id='word_1_27' title='bbox 1536 529 1689 572; x_wconf 89' lang='lat' dir='ltr'><strong>debita</strong></span> <span class='ocrx_word' id='word_1_28' title='bbox 1706 527 1842 571; x_wconf 89' lang='lat' dir='ltr'><strong>animi</strong></span> 
     </span>
     <span class='ocr_line' id='line_1_6' title="bbox 208 603 1844 664; baseline -0.002 -14"><span class='ocrx_word' id='word_1_29' title='bbox 208 605 479 664; x_wconf 81' lang='lat' dir='ltr'><strong>integritate</strong></span> <span class='ocrx_word' id='word_1_30' title='bbox 514 605 743 662; x_wconf 88' lang='lat' dir='ltr'><strong>sapienter</strong></span> <span class='ocrx_word' id='word_1_31' title='bbox 774 618 829 648; x_wconf 91' lang='lat' dir='ltr'><strong>ac</strong></span> <span class='ocrx_word' id='word_1_32' title='bbox 863 603 1068 648; x_wconf 89' lang='lat' dir='ltr'><strong>suauiter</strong></span> <span class='ocrx_word' id='word_1_33' title='bbox 1103 604 1329 649; x_wconf 88' lang='lat' dir='ltr'><strong>retineant</strong></span> <span class='ocrx_word' id='word_1_34' title='bbox 1361 604 1633 660; x_wconf 87' lang='lat' dir='ltr'><strong>superiores;</strong></span> <span class='ocrx_word' id='word_1_35' title='bbox 1660 619 1777 660; x_wconf 89' lang='lat' dir='ltr'><strong>quae</strong></span> <span class='ocrx_word' id='word_1_36' title='bbox 1798 613 1844 649; x_wconf 91' lang='lat' dir='ltr'><strong>et</strong></span> 
     </span>
     <span class='ocr_line' id='line_1_7' title="bbox 216 681 1844 740; baseline -0.001 -14"><span class='ocrx_word' id='word_1_37' title='bbox 216 683 426 740; x_wconf 88' lang='lat' dir='ltr'><strong>religioni</strong></span> <span class='ocrx_word' id='word_1_38' title='bbox 447 682 689 728; x_wconf 88' lang='lat' dir='ltr'><strong>Societatis</strong></span> <span class='ocrx_word' id='word_1_39' title='bbox 710 689 1018 727; x_wconf 90' lang='lat' dir='ltr'><strong>consentanea</strong></span> <span class='ocrx_word' id='word_1_40' title='bbox 1053 681 1128 734; x_wconf 89' lang='lat' dir='ltr'><strong>sit,</strong></span> <span class='ocrx_word' id='word_1_41' title='bbox 1159 689 1205 725; x_wconf 92' lang='lat' dir='ltr'><strong>et</strong></span> <span class='ocrx_word' id='word_1_42' title='bbox 1242 688 1392 725; x_wconf 90' lang='lat' dir='ltr'><strong>rectae</strong></span> <span class='ocrx_word' id='word_1_43' title='bbox 1414 682 1735 738; x_wconf 86' lang='lat' dir='ltr'><strong>gubernationi</strong></span> <span class='ocrx_word' id='word_1_44' title='bbox 1773 697 1844 726; x_wconf 92' lang='lat' dir='ltr'><strong>re-</strong></span> 
     </span>
     <span class='ocr_line' id='line_1_8' title="bbox 210 757 1842 818; baseline -0.002 -14"><span class='ocrx_word' id='word_1_45' title='bbox 210 761 396 818; x_wconf 82' lang='lat' dir='ltr'><strong>busque</strong></span> <span class='ocrx_word' id='word_1_46' title='bbox 416 759 630 818; x_wconf 85' lang='lat' dir='ltr'><strong>gerendis</strong></span> <span class='ocrx_word' id='word_1_47' title='bbox 651 758 908 804; x_wconf 88' lang='lat' dir='ltr'><strong>necessaria</strong></span> <span class='ocrx_word' id='word_1_48' title='bbox 928 765 975 802; x_wconf 91' lang='lat' dir='ltr'><strong>et</strong></span> <span class='ocrx_word' id='word_1_49' title='bbox 995 757 1136 803; x_wconf 82' lang='lat' dir='ltr'><strong>vtilis.</strong></span> <span class='ocrx_word' id='word_1_50' title='bbox 1161 759 1225 801; x_wconf 91' lang='lat' dir='ltr'><strong>Ea</strong></span> <span class='ocrx_word' id='word_1_51' title='bbox 1246 773 1357 803; x_wconf 87' lang='lat' dir='ltr'><strong>vero</strong></span> <span class='ocrx_word' id='word_1_52' title='bbox 1379 758 1437 802; x_wconf 91' lang='lat' dir='ltr'><strong>sit</strong></span> <span class='ocrx_word' id='word_1_53' title='bbox 1458 759 1607 815; x_wconf 89' lang='lat' dir='ltr'><strong>plena,</strong></span> <span class='ocrx_word' id='word_1_54' title='bbox 1634 758 1842 815; x_wconf 87' lang='lat' dir='ltr'><strong>simplex,</strong></span> 
     </span>
     <span class='ocr_line' id='line_1_9' title="bbox 216 836 1846 891; baseline -0.002 -10"><span class='ocrx_word' id='word_1_55' title='bbox 216 836 420 891; x_wconf 88' lang='lat' dir='ltr'><strong>humilis,</strong></span> <span class='ocrx_word' id='word_1_56' title='bbox 445 836 511 880; x_wconf 89' lang='lat' dir='ltr'><strong>sic</strong></span> <span class='ocrx_word' id='word_1_57' title='bbox 532 843 701 887; x_wconf 90' lang='lat' dir='ltr'><strong>tamen,</strong></span> <span class='ocrx_word' id='word_1_58' title='bbox 727 843 776 879; x_wconf 91' lang='lat' dir='ltr'><strong>vt</strong></span> <span class='ocrx_word' id='word_1_59' title='bbox 806 849 964 879; x_wconf 90' lang='lat' dir='ltr'><strong>omnes</strong></span> <span class='ocrx_word' id='word_1_60' title='bbox 999 849 1082 879; x_wconf 92' lang='lat' dir='ltr'><strong>eos</strong></span> <span class='ocrx_word' id='word_1_61' title='bbox 1114 842 1410 879; x_wconf 87' lang='lat' dir='ltr'><strong>reuereantur</strong></span> <span class='ocrx_word' id='word_1_62' title='bbox 1446 843 1492 880; x_wconf 91' lang='lat' dir='ltr'><strong>et</strong></span> <span class='ocrx_word' id='word_1_63' title='bbox 1523 836 1770 880; x_wconf 88' lang='lat' dir='ltr'><strong>obseruent</strong></span> <span class='ocrx_word' id='word_1_64' title='bbox 1799 836 1846 878; x_wconf 91' lang='lat' dir='ltr'><strong>in</strong></span> 
     </span>
     <span class='ocr_line' id='line_1_10' title="bbox 217 913 892 968; baseline -0.002 -12"><span class='ocrx_word' id='word_1_65' title='bbox 217 913 432 968; x_wconf 87' lang='lat' dir='ltr'><strong>Domino,</strong></span> <span class='ocrx_word' id='word_1_66' title='bbox 455 928 589 957; x_wconf 91' lang='lat' dir='ltr'><strong>nemo</strong></span> <span class='ocrx_word' id='word_1_67' title='bbox 611 919 892 956; x_wconf 89' lang='lat' dir='ltr'><strong>contemnat.</strong></span> 
     </span>
    </p>

    <p class='ocr_par' dir='ltr' id='par_1_5' title="bbox 209 953 1848 1815">
     <span class='ocr_line' id='line_1_11' title="bbox 305 953 1846 1046; baseline 0 -13"><span class='ocrx_word' id='word_1_68' title='bbox 305 989 423 1033; x_wconf 92' lang='lat' dir='ltr'><strong>Illud</strong></span> <span class='ocrx_word' id='word_1_69' title='bbox 445 1003 627 1046; x_wconf 91' lang='lat' dir='ltr'><strong>quoque</strong></span> <span class='ocrx_word' id='word_1_70' title='bbox 649 1004 675 1032; x_wconf 91' lang='lat' dir='ltr'><strong>a</strong></span> <span class='ocrx_word' id='word_1_71' title='bbox 690 988 993 1045; x_wconf 90' lang='lat' dir='ltr'><strong>prouinciali</strong></span> <span class='ocrx_word' id='word_1_72' title='bbox 981 1004 1025 1031; x_wconf 90' lang='lat' dir='ltr'><strong>1n</strong></span> <span class='ocrx_word' id='word_1_73' title='bbox 1049 953 1344 1046; x_wconf 88' lang='lat' dir='ltr'><strong>collegiorum</strong></span> <span class='ocrx_word' id='word_1_74' title='bbox 1374 1003 1562 1032; x_wconf 90' lang='lat' dir='ltr'><strong>suorum</strong></span> <span class='ocrx_word' id='word_1_75' title='bbox 1590 989 1846 1033; x_wconf 88' lang='lat' dir='ltr'><strong>visitatione</strong></span> 
     </span>
     <span class='ocr_line' id='line_1_12' title="bbox 210 1063 1844 1122; baseline -0.001 -11"><span class='ocrx_word' id='word_1_76' title='bbox 210 1063 478 1111; x_wconf 78' lang='lat' dir='ltr'><strong>curandum</strong></span> <span class='ocrx_word' id='word_1_77' title='bbox 493 1074 564 1110; x_wconf 88' lang='lat' dir='ltr'><strong>est</strong></span> <span class='ocrx_word' id='word_1_78' title='bbox 585 1066 760 1118; x_wconf 89' lang='lat' dir='ltr'><strong>sedulo,</strong></span> <span class='ocrx_word' id='word_1_79' title='bbox 786 1073 834 1108; x_wconf 89' lang='lat' dir='ltr'><strong>vt</strong></span> <span class='ocrx_word' id='word_1_80' title='bbox 855 1065 902 1108; x_wconf 90' lang='lat' dir='ltr'><strong>in</strong></span> <span class='ocrx_word' id='word_1_81' title='bbox 922 1066 1060 1109; x_wconf 91' lang='lat' dir='ltr'><strong>rebus</strong></span> <span class='ocrx_word' id='word_1_82' title='bbox 1083 1065 1295 1110; x_wconf 89' lang='lat' dir='ltr'><strong>omnibus</strong></span> <span class='ocrx_word' id='word_1_83' title='bbox 1315 1067 1450 1122; x_wconf 91' lang='lat' dir='ltr'><strong>plena</strong></span> <span class='ocrx_word' id='word_1_84' title='bbox 1465 1066 1522 1111; x_wconf 80' lang='lat'><strong>59</strong></span> <span class='ocrx_word' id='word_1_85' title='bbox 1544 1067 1626 1109; x_wconf 87' lang='lat' dir='ltr'><strong>fiat</strong></span> <span class='ocrx_word' id='word_1_86' title='bbox 1648 1081 1844 1109; x_wconf 89' lang='lat' dir='ltr'><strong>renoua-</strong></span> 
     </span>
     <span class='ocr_line' id='line_1_13' title="bbox 219 1142 1847 1198; baseline -0.001 -10"><span class='ocrx_word' id='word_1_87' title='bbox 219 1143 284 1188; x_wconf 91' lang='lat' dir='ltr'><strong>tio</strong></span> <span class='ocrx_word' id='word_1_88' title='bbox 303 1145 363 1188; x_wconf 91' lang='lat' dir='ltr'><strong>ad</strong></span> <span class='ocrx_word' id='word_1_89' title='bbox 392 1158 494 1188; x_wconf 90' lang='lat' dir='ltr'><strong>eam</strong></span> <span class='ocrx_word' id='word_1_90' title='bbox 517 1156 738 1195; x_wconf 90' lang='lat' dir='ltr'><strong>normam,</strong></span> <span class='ocrx_word' id='word_1_91' title='bbox 763 1157 897 1198; x_wconf 89' lang='lat' dir='ltr'><strong>quam</strong></span> <span class='ocrx_word' id='word_1_92' title='bbox 930 1143 977 1185; x_wconf 92' lang='lat' dir='ltr'><strong>in</strong></span> <span class='ocrx_word' id='word_1_93' title='bbox 998 1143 1173 1188; x_wconf 90' lang='lat' dir='ltr'><strong>ratione</strong></span> <span class='ocrx_word' id='word_1_94' title='bbox 1207 1142 1344 1186; x_wconf 88' lang='lat' dir='ltr'><strong>totius</strong></span> <span class='ocrx_word' id='word_1_95' title='bbox 1365 1143 1509 1186; x_wconf 89' lang='lat' dir='ltr'><strong>nostri</strong></span> <span class='ocrx_word' id='word_1_96' title='bbox 1540 1143 1736 1187; x_wconf 90' lang='lat' dir='ltr'><strong>instituti</strong></span> <span class='ocrx_word' id='word_1_97' title='bbox 1759 1145 1847 1188; x_wconf 88' lang='lat' dir='ltr'><strong>So-</strong></span> 
     </span>
     <span class='ocr_line' id='line_1_14' title="bbox 209 1218 1846 1276; baseline -0.001 -11"><span class='ocrx_word' id='word_1_98' title='bbox 209 1218 358 1265; x_wconf 82' lang='lat' dir='ltr'><strong>cietas</strong></span> <span class='ocrx_word' id='word_1_99' title='bbox 377 1220 547 1276; x_wconf 93' lang='lat' dir='ltr'><strong>vbique</strong></span> <span class='ocrx_word' id='word_1_100' title='bbox 573 1226 745 1264; x_wconf 89' lang='lat' dir='ltr'><strong>seruat.</strong></span> <span class='ocrx_word' id='word_1_101' title='bbox 768 1219 946 1264; x_wconf 89' lang='lat' dir='ltr'><strong>Deinde</strong></span> <span class='ocrx_word' id='word_1_102' title='bbox 967 1234 1093 1273; x_wconf 78' lang='lat' dir='ltr'><strong>vero,</strong></span> <span class='ocrx_word' id='word_1_103' title='bbox 1116 1227 1168 1262; x_wconf 91' lang='lat' dir='ltr'><strong>vt</strong></span> <span class='ocrx_word' id='word_1_104' title='bbox 1188 1219 1233 1262; x_wconf 90' lang='lat' dir='ltr'><strong>in</strong></span> <span class='ocrx_word' id='word_1_105' title='bbox 1256 1235 1340 1263; x_wconf 92' lang='lat' dir='ltr'><strong>suo</strong></span> <span class='ocrx_word' id='word_1_106' title='bbox 1364 1220 1558 1276; x_wconf 87' lang='lat' dir='ltr'><strong>quisque</strong></span> <span class='ocrx_word' id='word_1_107' title='bbox 1589 1221 1737 1264; x_wconf 86' lang='lat' dir='ltr'><strong>officio</strong></span> <span class='ocrx_word' id='word_1_108' title='bbox 1769 1229 1846 1264; x_wconf 85' lang='lat' dir='ltr'><strong>aut</strong></span> 
     </span>
     <span class='ocr_line' id='line_1_15' title="bbox 210 1295 1847 1353; baseline -0.001 -11"><span class='ocrx_word' id='word_1_109' title='bbox 210 1297 434 1343; x_wconf 71' lang='lat' dir='ltr'><strong>exercitio</strong></span> <span class='ocrx_word' id='word_1_110' title='bbox 454 1312 536 1342; x_wconf 91' lang='lat' dir='ltr'><strong>seu</strong></span> <span class='ocrx_word' id='word_1_111' title='bbox 558 1295 806 1340; x_wconf 91' lang='lat' dir='ltr'><strong>ministerio</strong></span> <span class='ocrx_word' id='word_1_112' title='bbox 827 1304 1001 1340; x_wconf 89' lang='lat' dir='ltr'><strong>crescat</strong></span> <span class='ocrx_word' id='word_1_113' title='bbox 1023 1297 1107 1353; x_wconf 89' lang='lat' dir='ltr'><strong>piis</strong></span> <span class='ocrx_word' id='word_1_114' title='bbox 1128 1297 1380 1351; x_wconf 88' lang='lat' dir='ltr'><strong>desideriis,</strong></span> <span class='ocrx_word' id='word_1_115' title='bbox 1400 1297 1659 1341; x_wconf 84' lang='lat' dir='ltr'><strong>actionibus</strong></span> <span class='ocrx_word' id='word_1_116' title='bbox 1681 1313 1734 1341; x_wconf 90' lang='lat' dir='ltr'><strong>ac</strong></span> <span class='ocrx_word' id='word_1_117' title='bbox 1757 1299 1847 1342; x_wconf 85' lang='lat' dir='ltr'><strong>fer-</strong></span> 
     </span>
     <span class='ocr_line' id='line_1_16' title="bbox 219 1373 1848 1429; baseline -0.001 -11"><span class='ocrx_word' id='word_1_118' title='bbox 219 1388 329 1418; x_wconf 89' lang='lat' dir='ltr'><strong>uore</strong></span> <span class='ocrx_word' id='word_1_119' title='bbox 350 1381 523 1418; x_wconf 90' lang='lat' dir='ltr'><strong>sancto.</strong></span> <span class='ocrx_word' id='word_1_120' title='bbox 550 1373 618 1428; x_wconf 92' lang='lat'><strong>3.⁰</strong></span> <span class='ocrx_word' id='word_1_121' title='bbox 640 1373 715 1418; x_wconf 91' lang='lat' dir='ltr'><strong>illa</strong></span> <span class='ocrx_word' id='word_1_122' title='bbox 737 1388 821 1416; x_wconf 90' lang='lat' dir='ltr'><strong>suo</strong></span> <span class='ocrx_word' id='word_1_123' title='bbox 843 1373 1002 1418; x_wconf 87' lang='lat' dir='ltr'><strong>ordine</strong></span> <span class='ocrx_word' id='word_1_124' title='bbox 1024 1381 1293 1429; x_wconf 85' lang='lat' dir='ltr'><strong>exequatur,</strong></span> <span class='ocrx_word' id='word_1_125' title='bbox 1319 1389 1435 1429; x_wconf 90' lang='lat' dir='ltr'><strong>quae</strong></span> <span class='ocrx_word' id='word_1_126' title='bbox 1456 1389 1512 1418; x_wconf 82' lang='lat' dir='ltr'><strong>ex</strong></span> <span class='ocrx_word' id='word_1_127' title='bbox 1535 1375 1848 1418; x_wconf 89' lang='lat' dir='ltr'><strong>instructioni-</strong></span> 
     </span>
     <span class='ocr_line' id='line_1_17' title="bbox 211 1449 1847 1507; baseline -0.001 -13"><span class='ocrx_word' id='word_1_128' title='bbox 211 1452 305 1495; x_wconf 89' lang='lat' dir='ltr'><strong>bus</strong></span> <span class='ocrx_word' id='word_1_129' title='bbox 323 1450 560 1507; x_wconf 87' lang='lat' dir='ltr'><strong>collegerit</strong></span> <span class='ocrx_word' id='word_1_130' title='bbox 576 1464 676 1495; x_wconf 91' lang='lat' dir='ltr'><strong>esse</strong></span> <span class='ocrx_word' id='word_1_131' title='bbox 692 1449 740 1492; x_wconf 90' lang='lat' dir='ltr'><strong>in</strong></span> <span class='ocrx_word' id='word_1_132' title='bbox 755 1449 1013 1493; x_wconf 89' lang='lat' dir='ltr'><strong>visitatione</strong></span> <span class='ocrx_word' id='word_1_133' title='bbox 1029 1450 1227 1506; x_wconf 88' lang='lat' dir='ltr'><strong>agenda:</strong></span> <span class='ocrx_word' id='word_1_134' title='bbox 1253 1458 1406 1506; x_wconf 87' lang='lat' dir='ltr'><strong>atque,</strong></span> <span class='ocrx_word' id='word_1_135' title='bbox 1433 1458 1482 1494; x_wconf 90' lang='lat' dir='ltr'><strong>vt</strong></span> <span class='ocrx_word' id='word_1_136' title='bbox 1502 1466 1593 1494; x_wconf 88' lang='lat' dir='ltr'><strong>vno</strong></span> <span class='ocrx_word' id='word_1_137' title='bbox 1615 1452 1756 1495; x_wconf 91' lang='lat' dir='ltr'><strong>verbo</strong></span> <span class='ocrx_word' id='word_1_138' title='bbox 1778 1452 1847 1494; x_wconf 84' lang='lat' dir='ltr'><strong>di-</strong></span> 
     </span>
     <span class='ocr_line' id='line_1_18' title="bbox 209 1526 1845 1584; baseline 0 -13"><span class='ocrx_word' id='word_1_139' title='bbox 209 1541 334 1581; x_wconf 85' lang='lat' dir='ltr'><strong>=cam,</strong></span> <span class='ocrx_word' id='word_1_140' title='bbox 353 1527 574 1584; x_wconf 86' lang='lat' dir='ltr'><strong>singulari</strong></span> <span class='ocrx_word' id='word_1_141' title='bbox 590 1526 742 1570; x_wconf 91' lang='lat' dir='ltr'><strong>studio</strong></span> <span class='ocrx_word' id='word_1_142' title='bbox 759 1527 806 1569; x_wconf 89' lang='lat' dir='ltr'><strong>in</strong></span> <span class='ocrx_word' id='word_1_143' title='bbox 822 1542 921 1571; x_wconf 91' lang='lat' dir='ltr'><strong>eam</strong></span> <span class='ocrx_word' id='word_1_144' title='bbox 939 1541 1094 1570; x_wconf 91' lang='lat' dir='ltr'><strong>curam</strong></span> <span class='ocrx_word' id='word_1_145' title='bbox 1111 1527 1311 1570; x_wconf 90' lang='lat' dir='ltr'><strong>animum</strong></span> <span class='ocrx_word' id='word_1_146' title='bbox 1327 1527 1580 1582; x_wconf 90' lang='lat' dir='ltr'><strong>intendere,</strong></span> <span class='ocrx_word' id='word_1_147' title='bbox 1597 1543 1650 1572; x_wconf 88' lang='lat' dir='ltr'><strong>ac</strong></span> <span class='ocrx_word' id='word_1_148' title='bbox 1669 1543 1845 1573; x_wconf 89' lang='lat' dir='ltr'><strong>ornnem</strong></span> 
     </span>
     <span class='ocr_line' id='line_1_19' title="bbox 210 1603 1845 1662; baseline 0.001 -14"><span class='ocrx_word' id='word_1_149' title='bbox 210 1618 400 1662; x_wconf 83' lang='lat' dir='ltr'><strong>operam</strong></span> <span class='ocrx_word' id='word_1_150' title='bbox 416 1604 633 1649; x_wconf 89' lang='lat' dir='ltr'><strong>adhibere</strong></span> <span class='ocrx_word' id='word_1_151' title='bbox 649 1604 804 1656; x_wconf 82' lang='lat' dir='ltr'><strong>debet,</strong></span> <span class='ocrx_word' id='word_1_152' title='bbox 822 1610 872 1646; x_wconf 89' lang='lat' dir='ltr'><strong>vt</strong></span> <span class='ocrx_word' id='word_1_153' title='bbox 888 1603 1056 1660; x_wconf 88' lang='lat' dir='ltr'><strong>singuli</strong></span> <span class='ocrx_word' id='word_1_154' title='bbox 1072 1604 1130 1647; x_wconf 90' lang='lat' dir='ltr'><strong>ad</strong></span> <span class='ocrx_word' id='word_1_155' title='bbox 1147 1604 1342 1647; x_wconf 89' lang='lat' dir='ltr'><strong>instituti</strong></span> <span class='ocrx_word' id='word_1_156' title='bbox 1361 1605 1503 1648; x_wconf 87' lang='lat' dir='ltr'><strong>nostri</strong></span> <span class='ocrx_word' id='word_1_157' title='bbox 1520 1605 1845 1662; x_wconf 83' lang='lat' dir='ltr'><strong>perfectionem</strong></span> 
     </span>
     <span class='ocr_line' id='line_1_20' title="bbox 215 1680 1846 1738; baseline 0.001 -13"><span class='ocrx_word' id='word_1_158' title='bbox 215 1688 264 1725; x_wconf 90' lang='lat' dir='ltr'><strong>et</strong></span> <span class='ocrx_word' id='word_1_159' title='bbox 285 1682 541 1726; x_wconf 88' lang='lat' dir='ltr'><strong>absolutam</strong></span> <span class='ocrx_word' id='word_1_160' title='bbox 569 1681 668 1724; x_wconf 90' lang='lat' dir='ltr'><strong>eius</strong></span> <span class='ocrx_word' id='word_1_161' title='bbox 695 1680 1081 1732; x_wconf 88' lang='lat' dir='ltr'><strong>obseruationem,</strong></span> <span class='ocrx_word' id='word_1_162' title='bbox 1107 1680 1317 1735; x_wconf 86' lang='lat' dir='ltr'><strong>maxima,</strong></span> <span class='ocrx_word' id='word_1_163' title='bbox 1343 1696 1432 1738; x_wconf 93' lang='lat' dir='ltr'><strong>qua</strong></span> <span class='ocrx_word' id='word_1_164' title='bbox 1453 1682 1498 1724; x_wconf 90' lang='lat' dir='ltr'><strong>in</strong></span> <span class='ocrx_word' id='word_1_165' title='bbox 1531 1683 1727 1726; x_wconf 90' lang='lat' dir='ltr'><strong>Domino</strong></span> <span class='ocrx_word' id='word_1_166' title='bbox 1750 1684 1846 1726; x_wconf 87' lang='lat' dir='ltr'><strong>fieri</strong></span> 
     </span>
     <span class='ocr_line' id='line_1_21' title="bbox 218 1757 1784 1815; baseline 0.001 -13"><span class='ocrx_word' id='word_1_167' title='bbox 218 1758 403 1815; x_wconf 88' lang='lat' dir='ltr'><strong>poterit,</strong></span> <span class='ocrx_word' id='word_1_168' title='bbox 422 1773 526 1801; x_wconf 91' lang='lat' dir='ltr'><strong>cum</strong></span> <span class='ocrx_word' id='word_1_169' title='bbox 549 1757 775 1802; x_wconf 91' lang='lat' dir='ltr'><strong>suauitate</strong></span> <span class='ocrx_word' id='word_1_170' title='bbox 792 1764 840 1801; x_wconf 89' lang='lat' dir='ltr'><strong>et</strong></span> <span class='ocrx_word' id='word_1_171' title='bbox 859 1757 1167 1801; x_wconf 89' lang='lat' dir='ltr'><strong>consolatione</strong></span> <span class='ocrx_word' id='word_1_172' title='bbox 1187 1757 1392 1814; x_wconf 89' lang='lat' dir='ltr'><strong>spiritus,</strong></span> <span class='ocrx_word' id='word_1_173' title='bbox 1411 1768 1784 1815; x_wconf 87' lang='lat' dir='ltr'><strong>promoueantur.</strong></span> 
     </span>
    </p>

    <p class='ocr_par' dir='ltr' id='par_1_6' title="bbox 209 1834 1848 2352">
     <span class='ocr_line' id='line_1_22' title="bbox 306 1834 1848 1892; baseline 0.001 -13"><span class='ocrx_word' id='word_1_174' title='bbox 306 1835 473 1880; x_wconf 90' lang='lat' dir='ltr'><strong>Modus</strong></span> <span class='ocrx_word' id='word_1_175' title='bbox 494 1842 647 1878; x_wconf 89' lang='lat' dir='ltr'><strong>autem</strong></span> <span class='ocrx_word' id='word_1_176' title='bbox 669 1834 1016 1891; x_wconf 86' lang='lat' dir='ltr'><strong>gubernationis</strong></span> <span class='ocrx_word' id='word_1_177' title='bbox 1038 1834 1308 1890; x_wconf 89' lang='lat' dir='ltr'><strong>prouinciali</strong></span> <span class='ocrx_word' id='word_1_178' title='bbox 1334 1843 1468 1892; x_wconf 89' lang='lat' dir='ltr'><strong>aptus</strong></span> <span class='ocrx_word' id='word_1_179' title='bbox 1495 1836 1533 1880; x_wconf 91' lang='lat' dir='ltr'><strong>is</strong></span> <span class='ocrx_word' id='word_1_180' title='bbox 1561 1837 1662 1890; x_wconf 88' lang='lat' dir='ltr'><strong>erit,</strong></span> <span class='ocrx_word' id='word_1_181' title='bbox 1690 1845 1736 1880; x_wconf 86' lang='lat' dir='ltr'><strong>vt</strong></span> <span class='ocrx_word' id='word_1_182' title='bbox 1758 1853 1848 1881; x_wconf 89' lang='lat' dir='ltr'><strong>vno</strong></span> 
     </span>
     <span class='ocr_line' id='line_1_23' title="bbox 214 1911 1847 1971; baseline 0.001 -15"><span class='ocrx_word' id='word_1_183' title='bbox 214 1926 276 1956; x_wconf 86' lang='lat' dir='ltr'><strong>ex</strong></span> <span class='ocrx_word' id='word_1_184' title='bbox 305 1912 407 1956; x_wconf 93' lang='lat' dir='ltr'><strong>loco</strong></span> <span class='ocrx_word' id='word_1_185' title='bbox 428 1912 486 1956; x_wconf 89' lang='lat' dir='ltr'><strong>ad</strong></span> <span class='ocrx_word' id='word_1_186' title='bbox 508 1911 662 1963; x_wconf 91' lang='lat' dir='ltr'><strong>alium,</strong></span> <span class='ocrx_word' id='word_1_187' title='bbox 694 1917 831 1966; x_wconf 92' lang='lat' dir='ltr'><strong>atque</strong></span> <span class='ocrx_word' id='word_1_188' title='bbox 859 1911 966 1954; x_wconf 89' lang='lat' dir='ltr'><strong>item</strong></span> <span class='ocrx_word' id='word_1_189' title='bbox 990 1911 1096 1955; x_wconf 90' lang='lat' dir='ltr'><strong>inde</strong></span> <span class='ocrx_word' id='word_1_190' title='bbox 1127 1911 1185 1955; x_wconf 86' lang='lat' dir='ltr'><strong>ad</strong></span> <span class='ocrx_word' id='word_1_191' title='bbox 1217 1911 1372 1966; x_wconf 90' lang='lat' dir='ltr'><strong>alium,</strong></span> <span class='ocrx_word' id='word_1_192' title='bbox 1396 1913 1496 1957; x_wconf 90' lang='lat' dir='ltr'><strong>loca</strong></span> <span class='ocrx_word' id='word_1_193' title='bbox 1526 1913 1708 1970; x_wconf 87' lang='lat' dir='ltr'><strong>singula</strong></span> <span class='ocrx_word' id='word_1_194' title='bbox 1740 1929 1847 1971; x_wconf 90' lang='lat' dir='ltr'><strong>sepe</strong></span> 
     </span>
     <span class='ocr_line' id='line_1_24' title="bbox 210 1987 1848 2043; baseline 0.002 -11"><span class='ocrx_word' id='word_1_195' title='bbox 210 1987 473 2040; x_wconf 76' lang='lat' dir='ltr'><strong>inuisendo,</strong></span> <span class='ocrx_word' id='word_1_196' title='bbox 499 2003 601 2033; x_wconf 84' lang='lat' dir='ltr'><strong>sese</strong></span> <span class='ocrx_word' id='word_1_197' title='bbox 620 1988 844 2040; x_wconf 85' lang='lat' dir='ltr'><strong>conferat;</strong></span> <span class='ocrx_word' id='word_1_198' title='bbox 867 1987 1039 2031; x_wconf 89' lang='lat' dir='ltr'><strong>diutius</strong></span> <span class='ocrx_word' id='word_1_199' title='bbox 1067 1987 1158 2031; x_wconf 89' lang='lat' dir='ltr'><strong>illic</strong></span> <span class='ocrx_word' id='word_1_200' title='bbox 1186 1997 1563 2043; x_wconf 82' lang='lat' dir='ltr'><strong>commoraturus,</strong></span> <span class='ocrx_word' id='word_1_201' title='bbox 1588 1991 1664 2034; x_wconf 92' lang='lat' dir='ltr'><strong>vbi</strong></span> <span class='ocrx_word' id='word_1_202' title='bbox 1687 2007 1736 2037; x_wconf 88' lang='lat' dir='ltr'><strong>se</strong></span> <span class='ocrx_word' id='word_1_203' title='bbox 1758 1993 1848 2035; x_wconf 83' lang='lat' dir='ltr'><strong>vti-</strong></span> 
     </span>
     <span class='ocr_line' id='line_1_25' title="bbox 209 2064 1847 2124; baseline 0.004 -16"><span class='ocrx_word' id='word_1_204' title='bbox 209 2065 306 2109; x_wconf 60' lang='lat' dir='ltr'><strong>&#39;lius</strong></span> <span class='ocrx_word' id='word_1_205' title='bbox 325 2065 372 2108; x_wconf 86' lang='lat' dir='ltr'><strong>in</strong></span> <span class='ocrx_word' id='word_1_206' title='bbox 394 2065 593 2109; x_wconf 88' lang='lat' dir='ltr'><strong>Domino</strong></span> <span class='ocrx_word' id='word_1_207' title='bbox 614 2064 785 2109; x_wconf 87' lang='lat' dir='ltr'><strong>versari</strong></span> <span class='ocrx_word' id='word_1_208' title='bbox 807 2079 940 2121; x_wconf 89' lang='lat' dir='ltr'><strong>posse</strong></span> <span class='ocrx_word' id='word_1_209' title='bbox 961 2074 1129 2122; x_wconf 89' lang='lat' dir='ltr'><strong>speret,</strong></span> <span class='ocrx_word' id='word_1_210' title='bbox 1154 2066 1227 2110; x_wconf 92' lang='lat' dir='ltr'><strong>vel</strong></span> <span class='ocrx_word' id='word_1_211' title='bbox 1249 2065 1326 2109; x_wconf 90' lang='lat' dir='ltr'><strong>vbi</strong></span> <span class='ocrx_word' id='word_1_212' title='bbox 1347 2067 1494 2124; x_wconf 86' lang='lat' dir='ltr'><strong>magis</strong></span> <span class='ocrx_word' id='word_1_213' title='bbox 1521 2068 1606 2111; x_wconf 89' lang='lat' dir='ltr'><strong>erit</strong></span> <span class='ocrx_word' id='word_1_214' title='bbox 1637 2084 1847 2114; x_wconf 85' lang='lat' dir='ltr'><strong>necessa-</strong></span> 
     </span>
     <span class='ocr_line' id='line_1_26' title="bbox 211 2140 1845 2201; baseline 0.003 -16"><span class='ocrx_word' id='word_1_215' title='bbox 211 2141 334 2185; x_wconf 84' lang='lat' dir='ltr'><strong>rium</strong></span> <span class='ocrx_word' id='word_1_216' title='bbox 355 2141 620 2186; x_wconf 86' lang='lat' dir='ltr'><strong>subsistere.</strong></span> <span class='ocrx_word' id='word_1_217' title='bbox 648 2140 901 2198; x_wconf 85' lang='lat' dir='ltr'><strong>Praecipue</strong></span> <span class='ocrx_word' id='word_1_218' title='bbox 929 2155 1037 2184; x_wconf 90' lang='lat' dir='ltr'><strong>vero</strong></span> <span class='ocrx_word' id='word_1_219' title='bbox 1059 2141 1147 2186; x_wconf 89' lang='lat' dir='ltr'><strong>illis</strong></span> <span class='ocrx_word' id='word_1_220' title='bbox 1170 2143 1441 2199; x_wconf 82' lang='lat' dir='ltr'><strong>tempestiue</strong></span> <span class='ocrx_word' id='word_1_221' title='bbox 1478 2144 1535 2189; x_wconf 79' lang='lat'><strong>60</strong></span> <span class='ocrx_word' id='word_1_222' title='bbox 1557 2159 1688 2201; x_wconf 90' lang='lat' dir='ltr'><strong>opem</strong></span> <span class='ocrx_word' id='word_1_223' title='bbox 1714 2148 1845 2200; x_wconf 88' lang='lat' dir='ltr'><strong>ferat,</strong></span> 
     </span>
     <span class='ocr_line' id='line_1_27' title="bbox 212 2218 1846 2275; baseline 0.002 -11"><span class='ocrx_word' id='word_1_224' title='bbox 212 2232 366 2275; x_wconf 81' lang='lat' dir='ltr'><strong>eoque</strong></span> <span class='ocrx_word' id='word_1_225' title='bbox 393 2226 606 2262; x_wconf 89' lang='lat' dir='ltr'><strong>occurrat</strong></span> <span class='ocrx_word' id='word_1_226' title='bbox 641 2218 923 2274; x_wconf 87' lang='lat' dir='ltr'><strong>diligentius,</strong></span> <span class='ocrx_word' id='word_1_227' title='bbox 955 2219 1030 2262; x_wconf 86' lang='lat' dir='ltr'><strong>vbi</strong></span> <span class='ocrx_word' id='word_1_228' title='bbox 1067 2219 1180 2262; x_wconf 89' lang='lat' dir='ltr'><strong>sciat</strong></span> <span class='ocrx_word' id='word_1_229' title='bbox 1206 2234 1390 2264; x_wconf 89' lang='lat' dir='ltr'><strong>causam</strong></span> <span class='ocrx_word' id='word_1_230' title='bbox 1427 2222 1498 2266; x_wconf 87' lang='lat' dir='ltr'><strong>vel</strong></span> <span class='ocrx_word' id='word_1_231' title='bbox 1532 2224 1846 2268; x_wconf 87' lang='lat' dir='ltr'><strong>necessitatem</strong></span> 
     </span>
     <span class='ocr_line' id='line_1_28' title="bbox 210 2294 1394 2352; baseline 0.003 -14"><span class='ocrx_word' id='word_1_232' title='bbox 210 2295 492 2352; x_wconf 83' lang='lat' dir='ltr'><strong>grauiorem,</strong></span> <span class='ocrx_word' id='word_1_233' title='bbox 517 2309 635 2351; x_wconf 88' lang='lat' dir='ltr'><strong>quae</strong></span> <span class='ocrx_word' id='word_1_234' title='bbox 660 2294 803 2351; x_wconf 89' lang='lat' dir='ltr'><strong>ipsius</strong></span> <span class='ocrx_word' id='word_1_235' title='bbox 826 2295 1125 2351; x_wconf 87' lang='lat' dir='ltr'><strong>praesentiam</strong></span> <span class='ocrx_word' id='word_1_236' title='bbox 1154 2297 1394 2341; x_wconf 88' lang='lat' dir='ltr'><strong>desideret.</strong></span> 
     </span>
    </p>

    <p class='ocr_par' dir='ltr' id='par_1_7' title="bbox 156 2372 1848 2891">
     <span class='ocr_line' id='line_1_29' title="bbox 305 2372 1845 2431; baseline 0.003 -14"><span class='ocrx_word' id='word_1_237' title='bbox 305 2372 572 2429; x_wconf 87' lang='lat' dir='ltr'><strong>Superiores</strong></span> <span class='ocrx_word' id='word_1_238' title='bbox 594 2372 675 2415; x_wconf 89' lang='lat' dir='ltr'><strong>toti</strong></span> <span class='ocrx_word' id='word_1_239' title='bbox 702 2372 968 2416; x_wconf 86' lang='lat' dir='ltr'><strong>incumbant</strong></span> <span class='ocrx_word' id='word_1_240' title='bbox 999 2374 1335 2430; x_wconf 88' lang='lat' dir='ltr'><strong>gubernationi,</strong></span> <span class='ocrx_word' id='word_1_241' title='bbox 1361 2390 1510 2431; x_wconf 90' lang='lat' dir='ltr'><strong>neque</strong></span> <span class='ocrx_word' id='word_1_242' title='bbox 1538 2377 1744 2421; x_wconf 88' lang='lat' dir='ltr'><strong>diuidant</strong></span> <span class='ocrx_word' id='word_1_243' title='bbox 1767 2393 1845 2421; x_wconf 90' lang='lat' dir='ltr'><strong>cu-</strong></span> 
     </span>
     <span class='ocr_line' id='line_1_30' title="bbox 211 2449 1845 2511; baseline 0.004 -19"><span class='ocrx_word' id='word_1_244' title='bbox 211 2463 313 2492; x_wconf 66' lang='lat' dir='ltr'><strong>‘ram</strong></span> <span class='ocrx_word' id='word_1_245' title='bbox 334 2463 464 2492; x_wconf 90' lang='lat' dir='ltr'><strong>suam</strong></span> <span class='ocrx_word' id='word_1_246' title='bbox 485 2455 531 2492; x_wconf 91' lang='lat' dir='ltr'><strong>et</strong></span> <span class='ocrx_word' id='word_1_247' title='bbox 552 2463 752 2506; x_wconf 88' lang='lat' dir='ltr'><strong>operam,</strong></span> <span class='ocrx_word' id='word_1_248' title='bbox 777 2450 928 2504; x_wconf 90' lang='lat' dir='ltr'><strong>quoad</strong></span> <span class='ocrx_word' id='word_1_249' title='bbox 949 2449 1047 2494; x_wconf 93' lang='lat' dir='ltr'><strong>eius</strong></span> <span class='ocrx_word' id='word_1_250' title='bbox 1068 2450 1166 2493; x_wconf 89' lang='lat' dir='ltr'><strong>fieri</strong></span> <span class='ocrx_word' id='word_1_251' title='bbox 1183 2451 1363 2507; x_wconf 87' lang='lat' dir='ltr'><strong>poterit.</strong></span> <span class='ocrx_word' id='word_1_252' title='bbox 1384 2453 1504 2497; x_wconf 88' lang='lat' dir='ltr'><strong>Satis</strong></span> <span class='ocrx_word' id='word_1_253' title='bbox 1526 2455 1666 2497; x_wconf 84' lang='lat' dir='ltr'><strong>multa</strong></span> <span class='ocrx_word' id='word_1_254' title='bbox 1690 2464 1845 2511; x_wconf 85' lang='lat' dir='ltr'><strong>agent,</strong></span> 
     </span>
     <span class='ocr_line' id='line_1_31' title="bbox 156 2524 1842 2581; baseline 0.004 -13"><span class='ocrx_word' id='word_1_255' title='bbox 156 2533 161 2535; x_wconf 51' lang='lat'><strong><em>⁴</em></strong></span> <span class='ocrx_word' id='word_1_256' title='bbox 213 2524 256 2568; x_wconf 86' lang='lat' dir='ltr'><strong>si</strong></span> <span class='ocrx_word' id='word_1_257' title='bbox 271 2526 436 2569; x_wconf 88' lang='lat' dir='ltr'><strong>bonam</strong></span> <span class='ocrx_word' id='word_1_258' title='bbox 454 2533 714 2581; x_wconf 89' lang='lat' dir='ltr'><strong>rectamque</strong></span> <span class='ocrx_word' id='word_1_259' title='bbox 730 2525 951 2569; x_wconf 90' lang='lat' dir='ltr'><strong>rationem</strong></span> <span class='ocrx_word' id='word_1_260' title='bbox 969 2527 1159 2570; x_wconf 89' lang='lat' dir='ltr'><strong>reddent</strong></span> <span class='ocrx_word' id='word_1_261' title='bbox 1180 2528 1316 2571; x_wconf 85' lang='lat' dir='ltr'><strong>officii</strong></span> <span class='ocrx_word' id='word_1_262' title='bbox 1338 2529 1408 2571; x_wconf 90' lang='lat' dir='ltr'><strong>sui</strong></span> <span class='ocrx_word' id='word_1_263' title='bbox 1423 2531 1524 2574; x_wconf 92' lang='lat' dir='ltr'><strong>Deo</strong></span> <span class='ocrx_word' id='word_1_264' title='bbox 1545 2538 1590 2573; x_wconf 69' lang='lat' dir='ltr'><strong>et</strong></span> <span class='ocrx_word' id='word_1_265' title='bbox 1612 2532 1842 2575; x_wconf 85' lang='lat' dir='ltr'><strong>Societati.</strong></span> 
     </span>
     <span class='ocr_line' id='line_1_32' title="bbox 213 2602 1847 2661; baseline 0.002 -14"><span class='ocrx_word' id='word_1_266' title='bbox 213 2602 338 2647; x_wconf 90' lang='lat' dir='ltr'><strong>Sunt</strong></span> <span class='ocrx_word' id='word_1_267' title='bbox 355 2610 506 2646; x_wconf 85' lang='lat' dir='ltr'><strong>tamen</strong></span> <span class='ocrx_word' id='word_1_268' title='bbox 527 2603 696 2646; x_wconf 89' lang='lat' dir='ltr'><strong>multae</strong></span> <span class='ocrx_word' id='word_1_269' title='bbox 713 2610 866 2659; x_wconf 89' lang='lat' dir='ltr'><strong>partes</strong></span> <span class='ocrx_word' id='word_1_270' title='bbox 886 2602 934 2646; x_wconf 90' lang='lat' dir='ltr'><strong>in</strong></span> <span class='ocrx_word' id='word_1_271' title='bbox 950 2618 1106 2648; x_wconf 89' lang='lat' dir='ltr'><strong>eorum</strong></span> <span class='ocrx_word' id='word_1_272' title='bbox 1128 2604 1304 2657; x_wconf 87' lang='lat' dir='ltr'><strong>officiis,</strong></span> <span class='ocrx_word' id='word_1_273' title='bbox 1325 2620 1437 2661; x_wconf 88' lang='lat' dir='ltr'><strong>quas</strong></span> <span class='ocrx_word' id='word_1_274' title='bbox 1460 2607 1496 2648; x_wconf 86' lang='lat' dir='ltr'><strong>si</strong></span> <span class='ocrx_word' id='word_1_275' title='bbox 1520 2607 1680 2659; x_wconf 85' lang='lat' dir='ltr'><strong>sciant,</strong></span> <span class='ocrx_word' id='word_1_276' title='bbox 1703 2608 1738 2650; x_wconf 89' lang='lat' dir='ltr'><strong>si</strong></span> <span class='ocrx_word' id='word_1_277' title='bbox 1762 2609 1847 2651; x_wconf 88' lang='lat' dir='ltr'><strong>illis</strong></span> 
     </span>
     <span class='ocr_line' id='line_1_33' title="bbox 212 2662 1845 2738; baseline 0.004 -17"><span class='ocrx_word' id='word_1_278' title='bbox 212 2662 475 2722; x_wconf 73' lang='lat' dir='ltr'><strong>afficiantur</strong></span> <span class='ocrx_word' id='word_1_279' title='bbox 501 2678 770 2731; x_wconf 88' lang='lat' dir='ltr'><strong>efficaciter,</strong></span> <span class='ocrx_word' id='word_1_280' title='bbox 802 2679 839 2722; x_wconf 91' lang='lat' dir='ltr'><strong>si</strong></span> <span class='ocrx_word' id='word_1_281' title='bbox 871 2694 954 2736; x_wconf 90' lang='lat' dir='ltr'><strong>pro</strong></span> <span class='ocrx_word' id='word_1_282' title='bbox 982 2679 1206 2737; x_wconf 89' lang='lat' dir='ltr'><strong>dignitate</strong></span> <span class='ocrx_word' id='word_1_283' title='bbox 1237 2681 1336 2725; x_wconf 89' lang='lat' dir='ltr'><strong>illas</strong></span> <span class='ocrx_word' id='word_1_284' title='bbox 1368 2691 1530 2738; x_wconf 88' lang='lat' dir='ltr'><strong>gerant</strong></span> <span class='ocrx_word' id='word_1_285' title='bbox 1559 2683 1603 2726; x_wconf 86' lang='lat' dir='ltr'><strong>in</strong></span> <span class='ocrx_word' id='word_1_286' title='bbox 1631 2685 1845 2736; x_wconf 89' lang='lat' dir='ltr'><strong>Domino,</strong></span> 
     </span>
     <span class='ocr_line' id='line_1_34' title="bbox 216 2753 1848 2815; baseline 0.004 -18"><span class='ocrx_word' id='word_1_287' title='bbox 216 2753 329 2797; x_wconf 89' lang='lat' dir='ltr'><strong>nihil</strong></span> <span class='ocrx_word' id='word_1_288' title='bbox 348 2754 408 2798; x_wconf 92' lang='lat' dir='ltr'><strong>sit</strong></span> <span class='ocrx_word' id='word_1_289' title='bbox 430 2755 634 2798; x_wconf 89' lang='lat' dir='ltr'><strong>futurum</strong></span> <span class='ocrx_word' id='word_1_290' title='bbox 662 2755 880 2812; x_wconf 90' lang='lat' dir='ltr'><strong>temporis</strong></span> <span class='ocrx_word' id='word_1_291' title='bbox 900 2756 1085 2810; x_wconf 91' lang='lat' dir='ltr'><strong>residui,</strong></span> <span class='ocrx_word' id='word_1_292' title='bbox 1110 2758 1231 2813; x_wconf 93' lang='lat' dir='ltr'><strong>quod</strong></span> <span class='ocrx_word' id='word_1_293' title='bbox 1252 2758 1350 2801; x_wconf 87' lang='lat' dir='ltr'><strong>aliis</strong></span> <span class='ocrx_word' id='word_1_294' title='bbox 1368 2760 1740 2815; x_wconf 89' lang='lat' dir='ltr'><strong>occupationibus</strong></span> <span class='ocrx_word' id='word_1_295' title='bbox 1763 2761 1848 2804; x_wconf 93' lang='lat' dir='ltr'><strong>im-</strong></span> 
     </span>
     <span class='ocr_line' id='line_1_35' title="bbox 213 2831 1847 2891; baseline 0.006 -18"><span class='ocrx_word' id='word_1_296' title='bbox 213 2831 429 2887; x_wconf 84' lang='lat' dir='ltr'><strong>pertiant.</strong></span> <span class='ocrx_word' id='word_1_297' title='bbox 455 2833 512 2874; x_wconf 91' lang='lat' dir='ltr'><strong>Et</strong></span> <span class='ocrx_word' id='word_1_298' title='bbox 534 2839 686 2876; x_wconf 91' lang='lat' dir='ltr'><strong>tamen</strong></span> <span class='ocrx_word' id='word_1_299' title='bbox 708 2833 758 2875; x_wconf 90' lang='lat' dir='ltr'><strong>fit</strong></span> <span class='ocrx_word' id='word_1_300' title='bbox 782 2833 890 2885; x_wconf 86' lang='lat' dir='ltr'><strong>fere,</strong></span> <span class='ocrx_word' id='word_1_301' title='bbox 915 2842 965 2876; x_wconf 91' lang='lat' dir='ltr'><strong>vt</strong></span> <span class='ocrx_word' id='word_1_302' title='bbox 992 2833 1138 2877; x_wconf 85' lang='lat' dir='ltr'><strong>obiter</strong></span> <span class='ocrx_word' id='word_1_303' title='bbox 1159 2834 1343 2891; x_wconf 90' lang='lat' dir='ltr'><strong>aliquod</strong></span> <span class='ocrx_word' id='word_1_304' title='bbox 1372 2836 1666 2879; x_wconf 86' lang='lat' dir='ltr'><strong>ministerium</strong></span> <span class='ocrx_word' id='word_1_305' title='bbox 1691 2838 1847 2882; x_wconf 89' lang='lat' dir='ltr'><strong>Socie-</strong></span> 
     </span>
    </p>
   </div>
   <div class='ocr_carea' id='block_1_4' title="bbox 96 2906 1916 2966">
    <p class='ocr_par' dir='ltr' id='par_1_8' title="bbox 76 2902 1916 2966">
     <span class='ocr_line' id='line_1_36' title="bbox 96 2906 1916 2966; baseline 0.005 -17.891"><span class='ocrx_word' id='word_1_306' title='bbox 96 2936 99 2943; x_wconf 84' lang='grc'><em>.</em></span> <span class='ocrx_word' id='word_1_307' title='bbox 145 2926 150 2930; x_wconf 95' lang='grc'><em>·</em></span> <span class='ocrx_word' id='word_1_308' title='bbox 213 2906 323 2951; x_wconf 81' lang='lat' dir='ltr'><strong>tatis</strong></span> <span class='ocrx_word' id='word_1_309' title='bbox 343 2907 469 2951; x_wconf 90' lang='lat' dir='ltr'><strong>obire</strong></span> <span class='ocrx_word' id='word_1_310' title='bbox 489 2908 680 2964; x_wconf 89' lang='lat' dir='ltr'><strong>possint,</strong></span> <span class='ocrx_word' id='word_1_311' title='bbox 705 2909 827 2964; x_wconf 87' lang='lat' dir='ltr'><strong>quod</strong></span> <span class='ocrx_word' id='word_1_312' title='bbox 844 2923 949 2952; x_wconf 93' lang='lat' dir='ltr'><strong>cum</strong></span> <span class='ocrx_word' id='word_1_313' title='bbox 969 2909 1155 2963; x_wconf 85' lang='lat' dir='ltr'><strong>faciunt,</strong></span> <span class='ocrx_word' id='word_1_314' title='bbox 1177 2913 1472 2956; x_wconf 81' lang='lat' dir='ltr'><strong>vehementer</strong></span> <span class='ocrx_word' id='word_1_315' title='bbox 1493 2922 1702 2966; x_wconf 88' lang='lat' dir='ltr'><strong>caueant,</strong></span> <span class='ocrx_word' id='word_1_316' title='bbox 1723 2930 1780 2958; x_wconf 90' lang='lat' dir='ltr'><strong>ne</strong></span> <span class='ocrx_word' id='word_1_317' title='bbox 1802 2915 1847 2958; x_wconf 90' lang='lat' dir='ltr'><strong>id</strong></span> <span class='ocrx_word' id='word_1_318' title='bbox 1912 2937 1916 2940; x_wconf 92' lang='lat'>·</span> 
     </span>
    </p>
   </div>
   <div class='ocr_carea' id='block_1_5' title="bbox 0 2924 126 3470">
    <p class='ocr_par' dir='ltr' id='par_1_9' title="bbox 0 2924 126 3470">
     <span class='ocr_line' id='line_1_37' title="bbox 0 2924 126 3470; baseline 0 0"><span class='ocrx_word' id='word_1_319' title='bbox 0 2924 126 3470; x_wconf 95' lang='lat' dir='ltr'><strong> </strong></span> 
     </span>
    </p>
   </div>
   <div class='ocr_carea' id='block_1_6' title="bbox 214 2983 1847 3121">
    <p class='ocr_par' dir='ltr' id='par_1_10' title="bbox 214 2983 1847 3121">
     <span class='ocr_line' id='line_1_38' title="bbox 214 2983 1842 3043; baseline 0.006 -18"><span class='ocrx_word' id='word_1_320' title='bbox 214 2983 297 3026; x_wconf 88' lang='lat' dir='ltr'><strong>fiat</strong></span> <span class='ocrx_word' id='word_1_321' title='bbox 312 2997 416 3026; x_wconf 89' lang='lat' dir='ltr'><strong>cum</strong></span> <span class='ocrx_word' id='word_1_322' title='bbox 437 2983 612 3027; x_wconf 91' lang='lat' dir='ltr'><strong>iactura</strong></span> <span class='ocrx_word' id='word_1_323' title='bbox 628 2984 930 3029; x_wconf 89' lang='lat' dir='ltr'><strong>solicitudinis</strong></span> <span class='ocrx_word' id='word_1_324' title='bbox 947 2986 1018 3029; x_wconf 91' lang='lat' dir='ltr'><strong>vel</strong></span> <span class='ocrx_word' id='word_1_325' title='bbox 1034 3001 1214 3043; x_wconf 92' lang='lat' dir='ltr'><strong>operae,</strong></span> <span class='ocrx_word' id='word_1_326' title='bbox 1234 3002 1368 3042; x_wconf 89' lang='lat' dir='ltr'><strong>quam</strong></span> <span class='ocrx_word' id='word_1_327' title='bbox 1388 3003 1470 3031; x_wconf 89' lang='lat' dir='ltr'><strong>suo</strong></span> <span class='ocrx_word' id='word_1_328' title='bbox 1488 2990 1638 3032; x_wconf 89' lang='lat' dir='ltr'><strong>officio</strong></span> <span class='ocrx_word' id='word_1_329' title='bbox 1658 2991 1842 3035; x_wconf 88' lang='lat' dir='ltr'><strong>debent.</strong></span> 
     </span>
     <span class='ocr_line' id='line_1_39' title="bbox 306 3061 1847 3121; baseline 0.005 -18"><span class='ocrx_word' id='word_1_330' title='bbox 306 3062 411 3103; x_wconf 93' lang='lat' dir='ltr'><strong>Non</strong></span> <span class='ocrx_word' id='word_1_331' title='bbox 432 3061 598 3105; x_wconf 87' lang='lat' dir='ltr'><strong>dentur</strong></span> <span class='ocrx_word' id='word_1_332' title='bbox 618 3061 765 3105; x_wconf 89' lang='lat' dir='ltr'><strong>nostri</strong></span> <span class='ocrx_word' id='word_1_333' title='bbox 786 3062 834 3105; x_wconf 91' lang='lat' dir='ltr'><strong>in</strong></span> <span class='ocrx_word' id='word_1_334' title='bbox 866 3064 994 3106; x_wconf 91' lang='lat' dir='ltr'><strong>aulas</strong></span> <span class='ocrx_word' id='word_1_335' title='bbox 1026 3063 1296 3121; x_wconf 90' lang='lat' dir='ltr'><strong>principum,</strong></span> <span class='ocrx_word' id='word_1_336' title='bbox 1323 3066 1402 3108; x_wconf 87' lang='lat' dir='ltr'><strong>sed</strong></span> <span class='ocrx_word' id='word_1_337' title='bbox 1427 3067 1663 3110; x_wconf 82' lang='lat' dir='ltr'><strong>attendant</strong></span> <span class='ocrx_word' id='word_1_338' title='bbox 1686 3069 1847 3111; x_wconf 87' lang='lat' dir='ltr'><strong>funda-</strong></span> 
     </span>
    </p>
   </div>
  </div>
 </body>
</html>
