2098 3470
309 230 380 266 682
784 233 938 270 PArms
965 234 1208 270 Hmnounu
1227 234 1387 270 ‘NADAL

1041 365 1123 408 70

709 454 1039 498 EXCERPTA
1089 455 1170 496 EX
1218 453 1450 498 CODICE

799 562 1031 592 «NATALIS
1061 562 1339 593 OPUSCULA»
1373 551 1380 571 ¹

353 640 455 699 Pan.
483 641 526 688 13
661 643 866 700 Legebat
884 643 1066 698 quidam
1084 644 1097 664 ²
1119 643 1407 699 scripturam,
1431 652 1477 688 et
1498 645 1644 688 solum
1665 659 1722 688 ex
1744 645 1897 689 consi«

260 719 496 764 deratione
516 719 730 764 historiae
752 720 901 764 alebat
923 721 1152 772 affectum,
1178 720 1290 762 nihil
1317 720 1626 777 disquirendo,
1658 722 1739 766 sed
1768 721 1897 777 quasi

263 796 518 852 praesentia
540 796 909 852 contemplando,
936 811 1051 852 quae
1074 796 1351 841 scribuntur.
1374 797 1494 841 Hinc
1518 799 1719 841 fructum
1741 798 1894 854 eapie-

261 874 339 915 bat
358 873 619 928 frequenter
641 888 731 916 non
754 873 999 926 modicum,
1019 873 1284 930 praesertim
1306 874 1383 917 vbi
1401 874 1633 918 Christum
1656 874 1896 920 facientem

261 948 495 1002 miracula,
519 957 867 995 conuersantem
890 950 935 992 in
966 950 1112 1002 terris,
1139 951 1546 1007 contemplabatur.

350 1026 395 1070 14
417 1026 507 1070 Hic
531 1027 693 1070 modus
730 1026 1091 1083 simplicissimus
1118 1034 1204 1080 est,
1236 1036 1285 1069 vt
1316 1027 1451 1072 etiam
1478 1042 1581 1071 cum
1612 1042 1704 1072 non
1731 1043 1895 1085 possu-

259 1105 361 1147 mus
378 1103 509 1148 facile
526 1103 761 1148 intellectu
779 1103 971 1160 operari,
984 1118 1034 1146 ac
1052 1103 1188 1147 etiam
1206 1095 1251 1147 in
1269 1104 1489 1160 corporali
1507 1104 1771 1149 infirmitate
1786 1119 1897 1161 pos-

259 1179 319 1223 sit
341 1181 580 1224 commode
601 1180 824 1236 vsurpari.

347 1257 491 1313 Quasi
513 1269 724 1314 sponsam
753 1257 1091 1300 dilectissimam
1121 1265 1257 1314 atque
1285 1257 1620 1311 suauissimam,
1653 1258 1894 1304 candidam

258 1342 305 1378 et
325 1334 675 1387 immaculatam,
702 1335 746 1377 in
779 1349 868 1389 qua
896 1334 980 1377 sibi
1018 1335 1308 1390 complacuit,
1348 1335 1488 1391 elegit
1526 1337 1652 1379 Deus
1684 1342 1892 1378 naturam

260 1413 523 1464 humanam,
548 1411 623 1454 cui
644 1411 864 1455 vniretur.
891 1413 957 1454 Ita
974 1411 1201 1455 sentiebat
1216 1411 1417 1467 quidam.

351 1487 562 1532 Christus
584 1488 630 1530 in
667 1489 794 1531 coelo
822 1496 908 1540 est,
934 1503 959 1530 a
996 1502 1087 1543 quo
1124 1488 1327 1544 potentia
1362 1488 1540 1531 infinita
1560 1488 1781 1544 procedit,
1807 1502 1897 1543 qua

257 1566 435 1610 coelum
464 1573 722 1620 terramque
751 1566 1025 1617 moderatur,
1058 1565 1187 1620 quasi
1217 1565 1370 1609 videas
1397 1579 1535 1620 opera
1565 1564 1818 1608 diuinitatis
1840 1566 1900 1608 ab

258 1642 346 1687 illis
367 1642 593 1696 manibus,
627 1643 684 1685 ab
707 1641 782 1684 illo
810 1656 905 1695 ore,
937 1643 993 1684 ab
1018 1642 1093 1686 illo
1121 1657 1309 1699 corpore
1336 1656 1563 1686 emanare:
1588 1641 1743 1686 videas
1764 1656 1897 1698 prae—

259 1727 382 1764 terea
402 1719 449 1762 in
471 1719 676 1762 claritate
699 1719 783 1763 Dei
805 1719 1137 1762 circumstantes
1169 1726 1351 1762 sanctos
1374 1719 1420 1762 in
1448 1718 1735 1763 diuinitatem
1767 1718 1897 1774 quasi

259 1797 624 1840 transformatos
636 1831 643 1839 .
655 1829 664 1838 .

348 1873 542 1918 Claritas
571 1887 742 1929 magna
773 1880 917 1916 status
945 1873 1015 1916 sui
1044 1874 1148 1915 data
1176 1881 1245 1917 est
1277 1873 1457 1916 cuidam
1487 1872 1579 1929 (qui
1606 1879 1756 1916 tamen
1784 1871 1898 1916 alio·

259 1951 368 2006 quin
392 1965 570 2006 semper
590 1951 739 1993 fuerat
772 1950 929 1992 firmus
957 1949 1001 1992 in
1032 1949 1193 2006 spiritu
1222 1949 1463 1994 Societatis
1491 1955 1592 2006 post
1613 1948 1829 1994 exercitia
1851 1955 1898 1994 et

257 2035 366 2071 vota
395 2026 628 2083 simplicia)
652 2026 699 2069 in
736 2026 891 2082 vigilia
930 2027 977 2071 S.
1022 2026 1256 2070 Benedicti
1292 2034 1338 2070 et
1374 2025 1569 2071 lectione
1612 2025 1696 2069 10.i
1732 2024 1894 2082 capitis

257 2106 416 2148 Matth.
441 2111 486 2148 et
509 2102 872 2147 consideratione
895 2103 1014 2146 vitae
1036 2110 1081 2147 et
1105 2109 1249 2146 status
1278 2103 1586 2159 apostolorum
1616 2109 1662 2145 et
1692 2101 1895 2158 discipu·
1962 2154 1966 2157 ,

259 2183 423 2227 lorum.

345 2259 735 2315 Contemplandus
773 2258 852 2300 tibi
890 2258 1087 2300 mundus
1123 2265 1209 2310 est,
1241 2264 1288 2298 vt
1311 2255 1625 2301 aestimabitur
1647 2256 1694 2298 in
1716 2256 1895 2300 reuela-

258 2337 380 2379 tione
401 2335 604 2380 veritatis
626 2342 671 2380 et
693 2334 859 2378 iudicio
883 2334 1101 2390 generali,
1128 2333 1203 2376 vbi
1232 2332 1509 2377 considerari
1538 2348 1630 2377 non
1658 2339 1894 2389 poterunt,

327 2508 335 2527 '
390 2509 447 2543 Ex
465 2509 693 2555 archetypo,
714 2506 863 2543 Natalis
884 2519 998 2542 manu
1016 2506 1243 2553 frequenter
1269 2505 1490 2550 emendato,
1517 2504 1556 2540 in
1581 2504 1716 2540 codice
1734 2504 1896 2540 Natalis

256 2568 462 2614 opuscula,
482 2567 522 2603 in
544 2567 670 2615 Epist.
688 2567 736 2602 P.
756 2566 907 2608 Nadal,
930 2566 959 2612 1,
988 2575 1119 2612 xxxn,
1149 2565 1361 2612 descripto.
1381 2565 1481 2601 Cum
1501 2565 1611 2600 locus
1629 2563 1670 2600 in
1694 2565 1768 2600 hoc
1786 2564 1892 2599 volu-

256 2626 360 2663 mine
378 2627 449 2663 toti
467 2626 595 2662 codici
628 2637 705 2662 non
729 2631 925 2672 suppetat,
957 2626 1098 2661 saltem
1128 2625 1256 2672 aliqua
1286 2625 1434 2660 selecta
1464 2623 1636 2670 proferre
1663 2634 1741 2658 non
1757 2623 1829 2659 abs
1853 2633 1896 2658 re
1932 2647 1940 2655 .

254 2686 336 2722 fore
350 2687 477 2723 visum
497 2691 571 2722 est.
592 2685 693 2721 Vide
711 2696 810 2732 quae
830 2685 869 2720 in
888 2685 966 2720 vol.
986 2685 1015 2731 I,
1037 2693 1167 2729 xxxu,
1188 2693 1333 2729 xxxin,
1349 2689 1389 2719 et
1403 2684 1442 2719 in
1457 2682 1572 2729 hujus
1588 2681 1830 2730 praefatione
1844 2681 1894 2716 de

255 2747 328 2781 hoc
345 2745 480 2781 codice
497 2745 687 2781 diximus.
707 2745 862 2780 Titulus
882 2743 995 2779 initio
1010 2743 1160 2790 positus
1185 2748 1247 2778 est
1265 2742 1502 2789 hujusmodi:
1534 2741 1746 2778 Orationis
1768 2741 1896 2777 obser-

257 2804 452 2843 nationes.
481 2805 652 2851 paginae
674 2812 732 2848 1—5
758 2803 959 2839 continent
984 2803 1069 2839 illas
1095 2803 1137 2839 S.
1170 2801 1311 2848 Ignatii
1336 2802 1573 2846 sententias,
1598 2812 1695 2848 quas
1718 2811 1847 2847 supra,
1872 2811 1895 2837 a

258 2875 352 2910 pag.
375 2863 460 2911 643,
480 2863 724 2910 protulimus,
744 2862 941 2898 nonnullis
960 2862 1193 2907 emendatis,
1211 2861 1297 2897 aliis
1316 2860 1539 2908 expunctis.
1564 2860 1732 2906 Paginas
1749 2858 1894 2896 codicis

257 2923 507 2970 nigrioribus,
530 2929 573 2959 ut
590 2923 701 2968 alias,
722 2921 895 2958 numeris
914 2926 1109 2957 notamus.

325 2986 339 3005 ²
391 2982 467 3018 Hie
485 2988 525 3018 et
543 2982 639 3018 alias
657 2981 706 3018 de
724 2981 855 3028 seipso
874 2981 913 3016 in
932 2981 1048 3016 tertia
1068 2992 1233 3027 persona
1258 2980 1428 3027 loquitur
1453 2979 1618 3023 Natalis3
1644 2977 1746 3026 quod
1771 2978 1894 3014 semel

254 3053 325 3089 pro
344 3053 502 3088 semper
521 3042 721 3078 monuisse
740 3040 921 3076 sufficiat.
