2098 3470
332 279 403 327 396
802 279 957 317 PATms
983 281 1227 317 Hmnonvm
1251 281 1401 318 NADAL

282 381 536 437 lendi,'qui
563 381 610 424 id
637 381 806 426 fuerint
833 382 1079 439 promeriti,
1111 383 1191 426 sed
1219 397 1350 427 vsum
1380 383 1514 427 etiam
1538 383 1657 427 illius
1686 385 1916 430 facultatis

282 459 457 516 vigere,
483 472 535 501 ac
556 473 655 502 eam
679 473 779 504 esse
801 459 953 504 dicent
975 465 1144 503 certam
1166 460 1358 503 salutem
1377 459 1633 512 Societatis,
1654 461 1691 504 si
1709 461 1850 517 possit
1866 477 1915 508 se

283 548 558 592 expurgare,
582 549 666 578 nec
689 549 766 579 eos
788 543 979 592 cogatur
1001 535 1212 588 retinere,
1238 536 1316 591 qui
1336 537 1518 581 laedant
1540 537 1691 592 potius
1708 537 1914 590 Societa-

282 619 375 656 tem
405 626 539 667 quam
569 611 747 657 iuuent.
778 613 939 667 Neque
962 612 1082 656 enim
1113 613 1280 656 frustra
1301 612 1432 656 nobis
1454 613 1651 669 prouidit
1672 615 1799 659 Deus
1821 622 1917 660 2.²¹¹¹

286 696 458 745 partem
495 688 892 741 constitutionum,
925 703 1072 744 neque
1109 696 1158 731 vt
1195 698 1300 732 vota
1337 691 1535 734 habeant
1572 690 1792 747 simplicia
1823 699 1916 735 tam

284 765 430 808 multi.
452 765 687 822 Sapientia
703 765 845 822 igitur
862 766 1016 809 diuina
1033 767 1201 809 factum
1221 768 1308 809 hoc
1326 774 1410 818 est,
1433 774 1479 808 vt
1496 766 1735 823 integritas
1751 779 1797 812 et
1813 782 1915 825 per-

286 843 423 887 fectio
455 842 697 887 Societatis
729 850 1042 896 conseruetur;
1074 849 1120 886 et
1152 843 1334 898 quidem
1373 843 1602 888 videretur
1639 844 1806 900 alioqui
1843 859 1917 887 ar-

284 919 496 976 rogantia
519 926 674 962 nostra
695 934 794 963 esse
816 927 862 963 et
884 919 1141 971 insolentia,
1162 919 1200 962 si
1222 919 1485 963 miraremur
1507 913 1533 964 e
1550 929 1704 964 nostra
1719 934 1917 977 congre-

280 997 500 1054 gatio[ne]
526 997 599 1040 vel
620 997 813 1041 deficere
835 996 1025 1051 aliquos,
1050 1010 1154 1039 cum
1177 995 1294 1039 inter
1322 997 1549 1052 apostolos
1579 997 1748 1041 Christi
1781 997 1917 1042 fuerit

285 1074 434 1126 ludas,
474 1073 591 1116 inter
629 1085 654 1127 7
692 1073 906 1117 diaconos
943 1072 1174 1116 Nicolaus.
1217 1077 1354 1120 Certe
1392 1075 1446 1118 P.
1477 1074 1698 1130 Ignatius,
1739 1081 1788 1116 vt
1821 1081 1919 1118 erat

284 1150 496 1194 omnibus
513 1150 560 1193 in
578 1151 714 1194 rebus
731 1150 1067 1207 magnanimus,
1081 1149 1143 1193 ita
1160 1149 1205 1193 in
1223 1149 1520 1203 dimittendis,
1537 1151 1596 1194 75
1613 1150 1650 1193 si
1668 1151 1746 1206 qui
1761 1158 1913 1194 essent

262 1276 266 1281 ,
285 1226 330 1269 id
347 1226 614 1279 commeriti,
634 1233 786 1271 erecto
802 1234 898 1270 erat
916 1234 960 1270 et
977 1227 1240 1280 confidenti,
1260 1226 1390 1269 hilari
1407 1226 1542 1271 etiam
1565 1227 1730 1271 animo.
1753 1227 1916 1272 Memi-

284 1304 453 1357 nimus,
478 1318 582 1347 cum
605 1304 851 1348 dimitteret
874 1318 1040 1347 nouem
1064 1304 1224 1347 fratres
1254 1319 1310 1347 ex
1333 1303 1526 1360 collegio
1549 1319 1751 1356 romano,
1784 1319 1916 1348 Vsum

285 1381 422 1424 animi
441 1380 725 1424 iucunditate
742 1388 786 1424 et
805 1381 1075 1424 constantia.
1098 1382 1330 1425 Laudasse
1345 1381 1481 1425 etiam
1499 1382 1552 1423 P.
1575 1372 1860 1425 Leonardum
1886 1383 1917 1434 ¹,

285 1464 506 1502 rectorem
530 1457 851 1510 coloniensem,
878 1458 954 1513 qui
977 1457 1111 1500 simul
1140 1471 1190 1501 Io
1214 1459 1376 1502 fratres
1398 1458 1644 1503 dimiserat.
1675 1459 1781 1502 Non
1809 1473 1919 1514 pro-

284 1544 439 1592 pterea
461 1534 628 1578 deserit
655 1549 738 1578 nos
759 1536 902 1586 Deus,
934 1534 1054 1589 quod
1083 1534 1258 1591 aliquos
1284 1534 1507 1599 permittit
1528 1549 1554 1578 e
1576 1522 1918 1579 vocatione-sua

284 1611 509 1663 excidere,
535 1612 616 1655 sed
638 1618 819 1668 purgat,
845 1611 1009 1664 erudit,
1034 1611 1247 1668 prouehit
1269 1625 1322 1654 ac
1343 1611 1520 1668 perficit
1542 1611 1833 1656 Societatem.
1856 1612 1919 1656 Vt

281 1689 421 1746 igitur
443 1689 699 1732 cauendum
727 1695 796 1732 est
826 1703 882 1731 ne
912 1689 983 1732 vel
1012 1688 1058 1731 in
1087 1688 1310 1733 desiderio
1334 1688 1695 1744 recipiendorum
1725 1689 1914 1732 fratrum

281 1765 422 1808 simus
439 1765 617 1809 abiecto
639 1764 790 1808 animo
812 1765 885 1809 vel
907 1763 1136 1817 imbecilli,
1157 1764 1286 1820 quasi
1309 1765 1472 1809 misere
1492 1765 1761 1818 ambientes,
1786 1771 1836 1807 vt
1859 1765 1917 1808 ad

282 1857 363 1885 nos
382 1841 566 1886 veniant
588 1841 764 1893 nouitii,
790 1842 870 1884 sed
890 1842 1028 1886 fortes
1046 1842 1196 1898 potius
1212 1850 1258 1885 et
1275 1842 1571 1894 confidentes,
1593 1849 1641 1884 vt
1658 1841 1918 1898 intelligant

280 1919 359 1974 qui
381 1918 679 1974 recipiuntur,
699 1918 903 1974 accipere
925 1933 974 1962 se
997 1918 1270 1962 beneficium
1293 1933 1318 1961 a
1341 1918 1471 1962 nobis
1492 1918 1740 1974 singulare,
1768 1933 1916 1975 neque

280 2011 366 2038 nos
389 2010 546 2040 eorum
569 2009 704 2051 opera
725 2009 878 2051 egere,
904 1996 984 2039 sed
1002 1995 1102 2039 illos
1119 2002 1274 2038 nostra
1290 1995 1337 2037 in
1356 1995 1556 2048 Christ03
1577 1995 1643 2038 sic
1660 1994 1915 2047 vitandum,

279 2088 337 2116 ne
368 2072 415 2115 in
452 2071 733 2116 dimittendis
765 2071 905 2115 simus
942 2071 1131 2116 nimium
1169 2072 1333 2116 soliciti
1364 2073 1436 2116 vel
1469 2071 1606 2124 anxii,
1647 2072 1721 2116 vel
1753 2071 1914 2124 timidi,

279 2149 408 2204 quasi
432 2163 515 2191 nos
538 2149 594 2193 75
616 2147 766 2191 omnia
788 2148 1017 2200 deficiant,
1043 2149 1081 2192 si
1104 2148 1299 2204 aliquem
1328 2148 1624 2192 dimittamus.
1657 2148 1919 2205 Intelligant

277 2240 403 2278 vero,
430 2225 506 2280 qui
523 2225 778 2268 dimittendi
800 2233 922 2277 sunt,
947 2225 1221 2269 beneficium
1244 2226 1341 2270 fieri
1364 2225 1581 2270 Societati
1599 2241 1655 2270 ex
1671 2225 1747 2269 illa
1763 2225 1917 2269 dimis-

273 2302 409 2346 sione
431 2317 519 2345 non
545 2302 946 2346 contemnendum.
971 2303 1037 2345 Ita
1059 2303 1137 2346 fiet
1160 2310 1208 2345 vt
1236 2302 1554 2359 magnificetur
1583 2302 1729 2359 gratia
1757 2302 1917 2347 Socie-

280 2379 401 2431 tatis,
432 2386 477 2422 et
505 2381 631 2422 Deus
660 2378 706 2420 in
732 2377 830 2434 ipsa
857 2378 1153 2434 glorificetur:
1189 2380 1267 2423 fiet
1295 2379 1430 2422 etiam
1458 2386 1506 2422 vt
1534 2380 1685 2435 plures
1713 2393 1814 2424 sese
1835 2393 1915 2436 ap-

279 2456 446 2512 plicent
468 2457 525 2498 ad
551 2455 842 2508 Societatem,
868 2463 913 2499 et
936 2455 1116 2511 quidem
1140 2456 1377 2509 firmiores3
1399 2464 1460 2511 et,
1487 2457 1565 2512 qui
1587 2455 1772 2500 admissi
1789 2463 1913 2508 sunt,

280 2534 484 2575 futurum
509 2540 594 2586 est,
619 2548 677 2576 ne
699 2531 973 2575 insolescant
997 2547 1146 2588 neque
1169 2534 1415 2576 abutantur
1445 2532 1684 2576 timiditate
1709 2531 1917 2589 superio-

279 2624 379 2652 rum
406 2609 454 2652 in
482 2608 762 2652 dimittendis
789 2608 971 2661 nostris,
998 2610 1079 2654 sed
1107 2609 1259 2666 potius
1288 2609 1374 2652 sibi
1403 2616 1597 2652 caueant
1629 2617 1675 2653 et
1707 2609 1911 2653 timeant.

277 2686 426 2731 Simul
443 2687 554 2729 illud
577 2685 974 2736 considerandum,
990 2686 1087 2731 fieri
1105 2686 1323 2730 ecclesiae
1339 2686 1631 2738 beneficium,
1651 2685 1728 2728 vbi
1750 2685 1916 2729 nostris

278 2763 510 2806 laboribus
531 2769 577 2807 et
597 2762 812 2818 impensis
834 2760 1070 2805 institutos
1093 2762 1379 2815 dimittimus,
1405 2762 1481 2817 qui
1505 2762 1680 2806 etiamsi
1702 2777 1795 2805 non
1825 2762 1917 2805 sint

272 2838 420 2882 'futuri
442 2838 643 2895 religiosi
666 2837 835 2890 clerici,
860 2846 994 2881 erunt
1018 2841 1114 2884 fere
1136 2839 1431 2883 modestiores
1453 2838 1604 2881 clerici
1627 2853 1761 2893 quam
1788 2852 1915 2881 com-

274 2915 476 2960 muniter
498 2915 572 2958 alii
593 2915 760 2967 solent,
780 2921 826 2958 et
847 2913 1163 2959 instructiores
1186 2916 1242 2958 ad
1265 2915 1571 2960 ecclesiastica
1588 2913 1851 2958 ministeria.

352 3082 363 3103 ³
414 3083 458 3118 P.
479 3079 704 3118 Leonardus
722 3079 926 3118 Kesselius
941 3082 1127 3127 (Kessel).
1144 3081 1206 3118 Cf.
1226 3081 1474 3126 POLANCUM,
1494 3079 1659 3127 Chron„
1672 3079 1723 3125 ΙΙ,
1743 3078 1914 3124 279-280.
