2098 3470
329 249 399 296 872
908 251 1047 287 EPIST.
1075 250 1118 287 P.
1147 250 1298 288 NADAL

275 367 378 395 nam
403 352 639 397 ordinatae
667 359 776 396 sunt
798 351 1118 409 apparitiones,
1144 352 1414 396 Necessario
1436 353 1577 410 igitur
1606 355 1736 400 tolles
1763 355 1914 400 locum

275 429 411 472 alicui
434 443 585 472 suum.
613 430 710 473 Cur
731 443 823 473 non
846 428 1012 485 potius,
1039 428 1096 471 ob
1120 427 1391 484 dignitatem
1416 430 1585 476 Mariae
1609 431 1822 488 primum?

363 507 427 549 At
450 506 559 549 dicit
582 508 781 550 Marcus:
811 506 1027 563 «primo»,
1053 512 1143 550 ete.
1172 506 1199 547 ¹.
1228 505 1278 550 Si
1301 521 1391 550 non
1415 507 1591 564 recipit,
1618 522 1734 563 quae
1756 510 1915 554 exclu-

274 582 372 626 siue
400 582 510 627 dicit
540 585 740 636 Marcus,
765 583 1018 639 expositiue
1040 591 1057 608 ‘²
1079 583 1111 639 ²,
1136 586 1251 631 2441·
1280 584 1334 640 (2)
1357 584 1446 627 iam
1469 586 1615 641 Xpus.
1653 600 1746 628 non
1782 586 1912 630 nouit

273 659 393 706 diem
432 659 605 716 iudicii.
645 661 889 715 Quomodo
910 661 1059 705 locum
1092 663 1219 707 illum
1249 661 1467 718 explicas?
1497 661 1711 706 Similiter
1738 663 1914 719 explica

274 736 395 790 quod
424 751 515 779 non
546 736 804 792 apparuerit
841 738 1025 782 Mariae:
1068 741 1125 783 ad
1156 739 1468 784 reuelandum.
1510 738 1737 794 Apparuit
1768 739 1913 796 primo

273 812 442 856 Mariae
474 812 823 872 [Magdalenae],
855 806 1263 869 ad'reuelandum3
1296 830 1400 858 nam
1430 814 1574 871 primo
1612 823 1784 859 certum
1823 823 1909 869 est,

272 890 393 944 quod
415 890 472 932 ad
495 887 736 945 priuilegia
759 889 936 944 attinet,
959 905 1075 946 quae
1098 891 1269 934 ordinis
1291 906 1382 935 non
1406 898 1530 945 sunt,
1552 891 1726 934 nullum
1750 891 1908 944 fuisse,

270 966 315 1008 in
355 965 678 1023 quocum[que]
716 965 920 1019 homine,
954 975 1131 1022 praeter
1170 970 1365 1024 Xpum.‚
1392 968 1516 1024 quod
1556 982 1647 1010 non
1685 968 1912 1012 excelsius

270 1043 479 1087 habuerit
503 1042 661 1086 Maria.
688 1042 833 1099 Igitur
856 1043 982 1096 vidit3
1010 1052 1054 1088 et
1083 1045 1228 1101 prima
1256 1044 1385 1097 vidit3
1418 1045 1498 1088 sed
1521 1044 1816 1088 selectissima
1836 1045 1913 1089 illa

270 1120 356 1163 fuit
378 1117 616 1176 apparitio,
642 1126 688 1164 et
710 1121 767 1163 de
789 1134 878 1175 qua
901 1121 1099 1164 dubitari
1122 1136 1213 1164 non
1242 1121 1412 1174 decuit,
1444 1128 1490 1166 et
1517 1135 1635 1177 quae
1665 1123 1911 1166 vehemens

341 1262 356 1282 ὓ
408 1261 582 1298 Confuse
602 1267 643 1297 et
659 1252 840 1300 obscure.

341 1389 349 1409 ¹
403 1390 461 1424 En
482 1387 688 1424 Pedrochii
707 1399 915 1424 censuram
935 1388 973 1423 in
993 1389 1095 1424 hunc
1114 1390 1243 1424 locum
1262 1389 1555 1425 exercitiorum:
1573 1390 1715 1426 «Certe
1733 1390 1909 1436 Evange-

266 1450 356 1485 lista
374 1449 547 1494 Marcus,
567 1459 656 1494 cap.
684 1447 741 1490 16,
760 1448 981 1494 oppositum
1007 1460 1194 1495 expresse
1218 1449 1360 1484 asserit
1379 1448 1534 1486 dicens:
1557 1449 1739 1496 Surgens
1756 1449 1906 1497 (Jesus)

268 1520 387 1544 mane
407 1508 550 1554 prima
574 1507 730 1542 sabbati
753 1508 950 1554 apparuit
970 1508 1109 1554 primo
1127 1508 1288 1543 Mariae
1312 1508 1599 1556 Magdalenae;
1625 1514 1664 1544 et
1689 1520 1757 1555 per
1773 1519 1910 1544 conse-

267 1579 392 1615 quens
412 1568 566 1602 Marcus
586 1572 646 1602 est
666 1566 750 1602 sine
769 1567 987 1612 intellectu,
1009 1573 1048 1602 et
1067 1567 1254 1602 mentitur
1267 1573 1334 1602 aut
1351 1565 1492 1602 falsum
1511 1566 1666 1612 asserit;
1686 1579 1774 1603 nam
1792 1567 1826 1603 si
1843 1579 1910 1603 ve-

266 1639 351 1663 rum
371 1632 432 1662 est
449 1626 554 1673 quod
569 1626 693 1673 primo
707 1626 886 1672 apparuit
905 1626 1018 1661 matri
1037 1638 1146 1672 suae,
1163 1626 1357 1673 quomodo
1376 1638 1513 1662 verum
1532 1631 1604 1673 est,
1623 1626 1726 1673 quod
1743 1626 1909 1673 primum

265 1687 445 1736 apparuit
464 1687 608 1722 Mariae
626 1685 923 1732 Magdalenae?»
945 1686 1188 1731 POLANCUS,
1207 1685 1373 1730 Chron.‚
1392 1686 1461 1730 ΙΙΙ,
1481 1694 1550 1732 519
1568 1691 1609 1722 et
1626 1695 1714 1731 520.

337 1752 350 1769 ²
403 1746 510 1793 Quid
527 1746 615 1782 heic
632 1745 764 1781 dicere
785 1745 954 1780 voluerit
984 1750 1134 1791 auctor,
1166 1744 1262 1780 satis
1289 1756 1339 1780 ex
1364 1750 1554 1780 contextu
1584 1751 1760 1792 apparet.
1780 1745 1909 1783 Locus

266 1814 398 1843 tamen
422 1805 612 1842 declarari
631 1810 761 1853 potest
785 1806 858 1840 hoc
877 1810 1005 1851 pacto.
1028 1804 1070 1840 Si
1095 1806 1194 1849 loca,
1214 1805 1281 1840 ubi
1301 1804 1551 1851 evangelista
1576 1805 1778 1841 exclusive
1803 1806 1908 1854 loqui

265 1866 441 1912 videtur,
473 1865 676 1901 exclusive
707 1865 918 1910 intelligas,
953 1865 1057 1900 nulla
1083 1863 1257 1899 adhibita
1283 1863 1529 1910 expositione
1562 1875 1709 1910 earum,
1735 1875 1832 1911 quas
1850 1876 1908 1901 sa·

265 1938 418 1962 crarum
448 1925 668 1961 litterarum
699 1925 934 1970 interpretes
958 1923 1140 1970 afferunt,
1175 1922 1292 1958 fateri
1323 1923 1489 1958 debebis
1514 1923 1714 1959 Christum
1738 1934 1816 1959 non
1841 1935 1909 1960 no-

266 1987 372 2022 visse
390 1985 493 2021 diem
510 1983 663 2032 judicii3
683 1995 772 2019 nam
791 1983 846 2018 ait
864 1983 1101 2028 Matthaeus,
1120 1994 1207 2029 cap.
1226 1982 1366 2023 XXIV,
1389 1993 1492 2018 vers.
1509 1982 1568 2017 36:
1585 1984 1670 2018 «De
1687 1982 1751 2018 die
1776 1988 1907 2018 autern

267 2045 333 2081 illa
351 2050 392 2081 et
410 2046 503 2080 hora
521 2055 637 2080 nemo
656 2043 745 2089 scit,
768 2053 897 2089 neque
922 2042 1052 2088 angeli
1077 2043 1288 2087 caelorum,
1320 2041 1397 2077 nisi
1427 2043 1533 2077 solus
1559 2042 1713 2078 Pater.»
1743 2043 1802 2077 En
1831 2053 1908 2090 quo

266 2110 381 2151 pacto
399 2105 529 2139 locum
548 2102 658 2139 illum
678 2101 798 2137 Marci
816 2101 865 2136 ad
885 2107 1056 2136 mentem
1077 2100 1270 2147 Suarezii,
1295 2100 1551 2147 Salmeronis,
1578 2100 1804 2147 Maldonati,
1831 2105 1908 2139 ete.

235 2203 238 2205 ,
265 2168 436 2211 exponat
455 2163 498 2199 P.
520 2163 861 2203 KNAssENBAOER,
878 2160 918 2196 S.
941 2161 995 2206 J.,
1015 2159 1340 2195 Commentarius
1355 2161 1399 2195 in
1413 2159 1671 2207 evangelium
1691 2161 1907 2196 secundum

267 2223 468 2264 Marcum,
485 2219 668 2269 pag.437:
686 2219 809 2255 «Illud
818 2221 957 2266 primo
972 2220 1048 2254 iarn
1063 2220 1280 2267 Rupertus‚
1297 2220 1418 2254 abbas
1438 2219 1712 2265 tuitiensis,ita
1724 2219 1908 2266 explicat,

267 2287 310 2318 ut
328 2282 430 2318 inter
449 2286 590 2326 testes,
608 2280 675 2327 qui
693 2278 842 2315 Christi
867 2278 1195 2314 resurrectionem
1214 2278 1394 2314 nuntiare
1411 2278 1632 2324 debuerint,
1654 2278 1778 2326 primo
1795 2290 1909 2326 appa-

266 2341 390 2377 ruerit
408 2341 554 2376 Mariae
573 2338 831 2386 Magdalenae
850 2338 915 2381 (de
933 2337 1079 2373 divinis
1094 2337 1247 2383 officiis,
1264 2345 1299 2384 7,
1322 2346 1381 2382 253
1397 2338 1448 2375 M.
1473 2345 1553 2383 179,
1568 2338 1655 2383 zc6)
1668 2337 1910 2385 eandemque

265 2400 572 2448 explicationem
598 2397 664 2434 alii
695 2407 850 2445 quoque
875 2397 1180 2444 amplectuntur,
1208 2396 1265 2432 uti
1291 2396 1525 2437 Salmeron,
1551 2401 1662 2433 tract.
1694 2405 1750 2441 11,
1781 2397 1907 2439 Ians„

266 2461 395 2496 Mazd.
416 2466 457 2496 et
473 2458 695 2506 generatim
714 2458 769 2493 ita
795 2457 984 2504 explicari
1013 2468 1144 2503 posse,
1172 2462 1215 2492 ut
1246 2457 1370 2503 prima
1399 2456 1543 2492 viderit
1567 2456 1778 2492 Dominum
1807 2456 1910 2492 inter

266 2531 349 2567 eos,
369 2520 418 2555 de
436 2519 581 2566 quibus
609 2515 842 2562 evangelica
867 2516 1038 2550 narratio
1062 2515 1302 2551 mentionem
1326 2515 1434 2562 facit,
1467 2527 1489 2550 a
1515 2514 1629 2550 modo
1653 2521 1694 2551 et
1719 2526 1826 2551 more
1854 2516 1908 2551 lo-

263 2578 411 2627 quendi
429 2577 631 2614 hominum
650 2586 727 2611 non
753 2579 814 2610 est
839 2574 1023 2621 alienum,
1053 2580 1093 2609 et
1118 2574 1340 2610 concedunt
1363 2579 1554 2622 quotquot
1576 2573 1753 2610 sentiunt
1774 2573 1907 2610 Domi-

266 2650 358 2675 num
378 2638 504 2685 primo
529 2647 622 2683 prae
654 2633 838 2670 omnibus
869 2633 1098 2680 apparuisse
1128 2633 1380 2669 beatissimae
1411 2633 1525 2668 matri
1554 2644 1694 2671 suae...
1724 2633 1803 2668 Sed
1832 2633 1908 2669 etsi

263 2710 297 2736 s.
319 2695 521 2733 Ambrosii
539 2692 808 2731 testimonium
829 2691 1006 2727 invocari
1023 2697 1210 2738 nequeat,
1228 2693 1326 2727 haec
1344 2691 1541 2727 sententia
1559 2696 1690 2727 tamen
1707 2691 1761 2727 ita
1779 2692 1908 2727 evasit

262 2755 496 2802 communis,
516 2760 559 2790 ut
579 2754 747 2794 Suarez,
766 2751 886 2789 dicat:
908 2752 1081 2797 «absque
1101 2752 1179 2786 ulla
1197 2751 1444 2786 dubitatione
1461 2750 1699 2786 credendum
1717 2756 1779 2786 est
1796 2750 1906 2787 Chri-

263 2823 368 2854 stum
387 2821 476 2863 post
505 2812 832 2850 resurrectionem
863 2810 1032 2857 primum
1065 2810 1239 2846 omnium
1270 2810 1383 2845 matri
1410 2821 1504 2846 suae
1534 2809 1786 2857 apparuisse,
1804 2821 1905 2858 quae

262 2875 462 2914 sententia
479 2886 528 2910 ex
547 2872 644 2921 ipsis
661 2869 839 2907 terminis
858 2869 957 2905 adeo
982 2874 1043 2905 est
1067 2881 1138 2916 per
1161 2881 1204 2905 se
1229 2869 1446 2916 credibilis,
1473 2874 1516 2905 ut
1539 2868 1621 2904 fere
1645 2869 1731 2905 sine
1754 2875 1904 2906 contro·

263 2936 393 2973 versia
418 2933 592 2970 omnium
616 2931 793 2967 fidelium
823 2935 865 2965 et
895 2929 1098 2964 doctorum
1124 2928 1265 2964 animis
1296 2927 1500 2975 insederit,
1531 2934 1648 2975 atque
1678 2928 1732 2965 ita
1761 2928 1904 2965 docent

261 3006 400 3032 omnes
418 2993 630 3040 scriptores
647 2988 846 3035 catholici,
870 2988 937 3035 qui
961 2989 1061 3023 hanc
1083 2987 1357 3035 quaestionem
1375 2987 1641 3034 attigerunt.»
1665 2987 1722 3031 (in
1744 2986 1767 3023 3
1785 2993 1903 3035 part.,

261 3059 418 3103 quaest.
437 3061 496 3098 55,
516 3051 665 3098 disput.
684 3059 744 3095 49.
766 3053 868 3084 sect.
897 3055 931 3093 1,
950 3059 995 3083 n.
1019 3048 1073 3092 2.)
