2098 3470
755 278 758 279 ⁷
788 223 1232 278 Suppmuunruu-zs
1714 233 1785 280 865

187 339 396 392 nitatem,
434 337 567 394 siqua
583 342 821 382 creaturae
852 333 982 393 initio
1003 334 1174 378 donata
1189 342 1315 386 sunt,
1347 335 1385 378 si
1413 336 1470 379 ad
1498 350 1598 380 eam
1627 338 1832 382 confera-

187 430 306 469 mus,
330 429 467 472 quam
502 427 627 458 nunc
648 411 872 464 obtinent,
912 425 1068 455 nonne
1088 418 1273 467 propter
1305 412 1500 456 hominis
1522 421 1759 469 peecatum
1782 412 1830 457 in

186 492 388 536 deterius
409 491 655 547 collapsam
672 503 774 534 esse
795 497 935 544 atque
950 487 1237 530 immutatam
1260 495 1434 532 certum
1458 491 1547 534 est?
1571 491 1689 533 Tum
1712 490 1750 533 si
1773 492 1831 534 ad

184 571 323 615 finem
344 583 398 613 ac
419 566 765 626 perfectionem,
791 580 928 622 quern
949 572 1163 621 expectat
1195 574 1421 618 creatura,
1461 581 1561 610 eam
1585 582 1799 624 compare
1816 594 1825 600 ·

186 661 304 700 mus,
335 644 595 703 ingemiscit
627 650 674 687 et
700 643 894 700 parturit
922 650 1133 686 creatura
1162 642 1309 685 omnis
1333 658 1477 698 usque
1499 645 1650 687 adhuc
1683 647 1711 697 ¹,
1744 659 1827 688 cu-

185 723 315 780 piens
334 721 516 767 liberari
531 736 558 766 a
578 721 802 765 seruitute
818 719 1123 776 corruptionis
1144 719 1191 762 in
1214 719 1470 764 libertatem
1501 721 1699 765 filiorum
1721 722 1825 765 Dei.

186 801 246 844 Et
265 801 381 844 haec
402 798 586 856 quidem
602 812 744 854 quum
766 797 830 841 ita
850 798 959 850 sint,
985 804 1113 840 tanta
1133 803 1204 840 est
1227 797 1312 840 Dei
1342 798 1666 854 omnipotentis
1695 799 1828 842 boni-

185 885 272 932 tas,
296 884 346 920 vt
367 891 497 920 suam
534 875 750 920 virtutem
771 874 996 917 infinitam
1022 875 1080 918 ad
1111 873 1212 917 illas
1244 874 1627 935 imperfectiones,
1649 877 1706 918 ad
1728 875 1829 918 illas

186 953 505 1010 corruptiones
522 952 886 996 manutenendas
907 966 958 996 se
994 951 1175 1007 ingerat
1205 958 1342 1006 atque
1365 951 1566 996 insinuet
1589 952 1828 1009 benignis-

183 1031 313 1084 sime,
343 1031 353 1089 1
378 1037 427 1073 vt
464 1030 542 1086 qui
563 1029 611 1072 in
634 1030 772 1074 rebus
795 1028 1010 1072 omnibus
1031 1036 1103 1079 est
1126 1043 1207 1084 per
1229 1029 1550 1084 praesentiam,
1576 1029 1826 1085 potentiam

186 1115 325 1164 atque
344 1107 605 1159 essentiam,
636 1106 771 1150 simul
799 1105 847 1148 in
878 1105 966 1149 illis
1001 1112 1232 1161 operatur,
1259 1105 1305 1147 in
1327 1106 1441 1160 ipso,
1467 1121 1523 1149 ex
1546 1105 1645 1162 ipso
1668 1121 1721 1149 ac
1743 1121 1826 1162 per

187 1184 339 1242 ipsum
362 1184 576 1228 vniuersa
597 1190 813 1227 constant
840 1190 887 1228 et
907 1183 1041 1226 fiunt.

279 1261 602 1317 Contemplare
623 1260 765 1317 igitur
786 1259 1190 1304 clementissimum
1219 1261 1420 1314 Patrem,
1445 1269 1669 1304 rectorem
1697 1260 1829 1316 spiri·

193 1345 341 1391 tuum,
365 1338 480 1384 coeli
503 1345 741 1394 terraeque
769 1338 989 1380 faetorem
1018 1337 1262 1395 infinitum,
1294 1351 1385 1379 non
1415 1336 1461 1379 in
1484 1337 1661 1393 angelis
1683 1338 1829 1381 solum

187 1429 291 1460 esse
311 1422 359 1460 et
380 1414 575 1472 operari,
600 1429 691 1458 non
713 1415 759 1457 in
781 1414 931 1457 anima
953 1421 1132 1458 tantum
1154 1422 1293 1470 atque
1315 1414 1596 1457 humanitate
1618 1413 1708 1467 X.³,
1736 1429 1828 1457 non

188 1491 235 1535 in
256 1491 425 1536 vnione
446 1493 594 1536 solum
615 1491 919 1548 hypostatica,
945 1506 1038 1534 non
1066 1491 1111 1534 in
1134 1491 1327 1548 Virgine
1349 1497 1523 1542 θεοτοιῷ,
1543 1507 1634 1534 non
1658 1492 1701 1534 in
1726 1492 1828 1548 glo-

185 1569 253 1613 ria
273 1576 321 1614 et
342 1569 493 1626 gratia
515 1569 681 1622 solum,
706 1582 825 1624 quae
846 1568 1155 1612 nobilissimae
1175 1576 1284 1611 sunt
1301 1578 1553 1621 creaturae,
1574 1570 1653 1613 sed
1676 1569 1721 1611 in
1740 1568 1826 1611 im·

187 1645 518 1703 perfectissima
528 1659 710 1702 quaque
727 1653 953 1698 creatura,
967 1653 1106 1706 atque
1123 1645 1454 1690 abiectissimas
1465 1661 1668 1701 quasque
1685 1645 1825 1689 actio-

185 1736 285 1776 nes,
304 1730 351 1768 et
372 1736 490 1776 esse,
515 1730 562 1768 et
581 1722 775 1779 operari3
795 1731 841 1766 et
863 1737 956 1766 non
979 1724 1037 1766 ad
1060 1738 1114 1767 ea
1135 1723 1319 1778 quidem
1342 1723 1535 1779 operari,
1556 1738 1673 1778 quae
1696 1738 1825 1781 suam

184 1799 511 1856 perfectionem
539 1799 772 1853 obtinent,
812 1800 885 1844 vel
913 1815 1048 1856 quam
1079 1801 1137 1843 ab
1165 1800 1295 1843 initio
1334 1808 1627 1856 acceperunt,
1661 1801 1742 1844 sed
1771 1801 1828 1844 ad

185 1875 288 1920 illas
309 1875 432 1933 ipsas
454 1891 603 1921 rerum
628 1876 1010 1933 imperfectiones,
1043 1884 1139 1920 tum
1169 1885 1353 1933 propter
1381 1877 1580 1934 ipsarum
1611 1877 1827 1920 vilitatem

184 1953 258 1997 vel
279 1953 599 1998 necessitatem
621 1960 846 2006 extantes,
873 1962 971 1996 tum
992 1953 1128 1997 etiam
1160 1963 1345 2011 propter
1373 1962 1611 2010 peccatum
1644 1961 1827 1996 contra-

183 2038 298 2084 ctas,
329 2044 384 2074 ac
414 2030 619 2091 proinde,
650 2029 734 2071 235
763 2039 923 2074 contra
946 2045 1082 2087 quam
1105 2032 1234 2075 Deus
1255 2032 1491 2082 voluisset,
1517 2031 1741 2083 inductas3
1770 2032 1826 2073 ad

183 2108 268 2151 has
287 2106 432 2164 igitur
453 2121 580 2150 suam
604 2107 803 2152 demittit
830 2107 1182 2152 immensitatem
1209 2108 1410 2161 virtutis,
1435 2109 1492 2151 ad
1519 2110 1632 2151 haec
1661 2123 1709 2150 se
1738 2109 1826 2149 hu-

181 2183 342 2228 miliat.
368 2183 493 2240 Quid
515 2185 639 2240 quod
660 2185 718 2228 ad
740 2192 951 2228 naturam
973 2185 1212 2228 daemonis
1234 2186 1613 2236 conseruandam,
1640 2186 1696 2227 ad
1719 2185 1826 2227 sub-

186 2260 420 2314 stantiam,
452 2262 512 2304 ad
538 2262 851 2318 operationum
882 2262 981 2306 eius
1018 2263 1387 2318 nephandarum,
1420 2263 1476 2306 ad
1506 2276 1824 2318 peruersorum

181 2337 423 2382 hominum
460 2352 514 2382 ac
541 2337 829 2391 delictorum,
863 2338 1031 2394 quibus
1068 2339 1218 2383 Deum
1250 2339 1398 2396 ipsum
1427 2339 1680 2389 offendunt,
1713 2339 1823 2380 sub-

181 2414 374 2458 stantias
396 2414 613 2471 praesens
633 2422 773 2471 atque
789 2415 977 2459 intimus
994 2430 1078 2459 suo
1096 2416 1258 2472 illapsu
1282 2417 1409 2459 adest
1427 2424 1563 2470 atque
1586 2417 1820 2470 operatur?

270 2490 390 2535 Vide
416 2498 587 2547 quanta
622 2501 808 2548 propter
846 2499 892 2536 te
928 2494 1057 2536 Deus
1089 2492 1203 2549 agit,
1238 2492 1376 2535 immo
1414 2507 1521 2535 vero
1559 2506 1692 2546 quam
1731 2506 1821 2534 non

182 2574 353 2622 quanta
368 2568 403 2622 ¹,
428 2582 564 2623 quam
586 2568 802 2622 demisse,
822 2583 958 2625 quam
976 2570 1225 2615 humiliter.
1246 2572 1302 2612 Et
1322 2578 1370 2612 tu
1391 2569 1500 2611 nihil
1518 2570 1603 2611 hac
1621 2569 1821 2612 clemen-

181 2643 260 2697 tia,
280 2645 368 2688 hac
385 2645 551 2688 amoris
569 2646 884 2702 exuperantia,
904 2647 1151 2703 quiequam
1174 2646 1432 2691 moneberis
1449 2647 1506 2688 ad
1527 2659 1744 2697 amorem,
1765 2645 1820 2687 ad

179 2735 318 2777 quem
349 2728 419 2765 tot
455 2722 671 2766 funiculis
699 2731 745 2768 te
773 2723 831 2767 ad
858 2738 911 2769 se
939 2731 1031 2767 tam
1061 2724 1250 2768 attrahit
1279 2725 1566 2767 vehementer
1610 2721 1822 2765 coelestis

183 2798 340 2842 Pater?

268 2876 334 2919 At
354 2874 431 2920 ille
452 2875 632 2933 (inquis)
654 2876 766 2920 nihil
794 2877 840 2920 in
870 2877 960 2932 his,
985 2877 1153 2933 quibus
1174 2878 1364 2929 laborat,
1396 2875 1507 2918 nihil
1539 2874 1732 2918 discedit
1762 2875 1819 2917 ab

250 2982 261 3003 ¹
312 2983 439 3030 Rom,
458 2984 564 3028 vm,
583 2993 643 3021 22.

249 3043 265 3064 ³
315 3042 468 3088 «Quam
485 3053 563 3079 non
579 3050 763 3092 quanta»,
782 3044 821 3081 id
839 3053 914 3092 est,
936 3056 1074 3093 «quarn
1092 3044 1264 3090 humilia,
1286 3054 1400 3090 quam
1419 3042 1626 3077 demissa».

359 3105 475 3137 ΕΡιοτ.
497 3107 536 3137 Ρ.
559 3109 696 3145 Nava,
717 3117 798 3139 rou.
822 3110 888 3139 IV.
1606 3106 1641 3133 5⁶
