2098 3470
782 261 1222 306 strenuissimum—25
1701 261 1773 308 837

189 375 270 412 aut
291 366 455 412 misere
476 372 688 422 aegrotes
717 364 791 408 vel
820 364 975 407 dolore
1003 362 1273 415 conficiatis.
1307 363 1371 406 Ibi
1399 363 1518 408 enim
1550 363 1701 407 omnia
1740 363 1820 406 tibi

191 453 326 489 erunt
342 444 519 488 acerba:
542 422 812 498 principium
828 441 1004 483 nullum
1027 439 1112 483 erit
1135 439 1232 490 tibi,
1253 454 1343 495 quo
1361 440 1533 493 nitaris,
1554 441 1639 484 nisi
1658 443 1819 484 huma-

193 518 320 573 num,
350 522 540 572 fluxum,
580 519 819 562 incertum:
850 519 938 560 hoc
968 525 1013 561 te
1043 516 1192 572 magis
1229 516 1406 573 affligit.
1448 519 1564 561 Tum
1604 519 1825 575 percipies

191 598 376 641 tandem
395 595 556 639 melius
573 594 714 637 fuisse
731 595 976 644 facturum,
996 592 1034 636 si
1051 592 1098 635 in
1115 592 1418 636 indifferentia
1434 592 1731 646 constitisses,
1753 595 1828 639 vel

193 675 243 718 ‘vt
264 674 472 718 consulte
493 671 727 728 elegisses.
760 670 832 715 185
862 670 1085 714 Breuiter:
1117 670 1242 726 quod
1273 684 1508 714 careamus
1542 671 1634 715 fere
1669 686 1829 715 omnes

195 753 283 796 hac
309 749 613 810 indifferentia
642 756 688 792 et
725 747 1030 804 abnegatione
1059 746 1224 803 proprii
1262 749 1452 790 affectus
1481 762 1534 791 ac
1562 748 1826 800 voluntatis,

195 828 304 872 facit
324 835 374 870 vt
394 827 558 870 misere
579 826 836 878 afflictetur,
863 825 938 868 cui
961 823 1203 880 naufragio
1227 838 1402 868 merces
1431 825 1678 880 perierunt3
1714 825 1830 868 alius

197 914 248 948 vt
263 904 551 961 impatienter
566 905 682 946 ferat
699 910 909 954 mortem,
923 902 996 945 vel
1013 896 1159 960 suam,
1173 901 1246 945 vel
1263 916 1466 954 suorum;
1481 902 1611 954 alius,
1629 911 1830 958 propter-

195 979 252 1028 ea
273 982 394 1038 quod
417 980 564 1038 gratia
587 979 801 1036 principis
822 978 1058 1030 exciderit,
1085 978 1266 1021 tristitia
1295 979 1580 1024 absorbetur.
1606 981 1733 1023 Haec
1762 988 1831 1023 est

199 1059 379 1116 propria
399 1060 615 1102 voluntas
632 1064 679 1101 et
694 1055 1066 1107 immorfificafio,
1087 1069 1205 1112 quae
1221 1056 1473 1112 corrumpit
1494 1056 1617 1099 intus
1639 1065 1657 1082 ²
1679 1071 1834 1100 mona-

201 1138 392 1181 chorum
430 1134 692 1191 religiones,
731 1132 838 1176 hinc
873 1132 1200 1184 inobedientia,
1239 1131 1344 1175 hinc
1382 1133 1604 1177 desideria
1641 1133 1832 1185 inutilia,

203 1214 336 1266 mala,
361 1225 593 1269 peruersa,
623 1210 631 1268 Ι
658 1209 765 1253 hinc
787 1209 1055 1265 deprauatio
1086 1209 1288 1253 omniurn
1318 1210 1543 1262 ordinum,
1570 1211 1676 1254 hinc
1699 1211 1833 1265 bella,

204 1289 464 1341 seditiones,
490 1301 624 1331 omne
645 1302 760 1343 opus
783 1287 967 1330 malum.
993 1286 1177 1330 Vtinam
1210 1302 1300 1330 non
1331 1294 1421 1330 tam
1455 1288 1544 1331 late
1578 1295 1752 1343 pateret
1784 1302 1837 1331 ac

202 1363 533 1424 'peruagaretur
552 1366 666 1408 haec
688 1364 936 1407 calamitas!
958 1372 1020 1416 et,
1040 1365 1270 1420 abnegata
1287 1372 1442 1407 nostra
1458 1366 1708 1417 voluntate,
1735 1373 1836 1408 tan—

205 1451 301 1487 turn
322 1443 370 1486 in
398 1444 534 1486 rebus
560 1441 888 1492 desiderandis,
920 1441 1160 1497 eligendis,
1201 1442 1408 1484 amandis
1444 1442 1555 1485 nihil
1591 1443 1648 1485 de
1667 1435 1839 1486 'nostra

203 1522 439 1564 voluntate
459 1520 810 1571 adduceremus,
840 1519 920 1562 sed
948 1518 1032 1561 toti
1060 1526 1372 1574 spectaremus
1401 1534 1452 1563 ac
1483 1521 1782 1575 penderemus
1815 1534 1840 1562 a

207 1597 293 1642 Dei
321 1597 579 1650 voluntate3
609 1604 748 1652 atque
777 1611 825 1639 re
853 1595 1120 1652 aequalibus
1149 1595 1184 1648 b,
1210 1597 1333 1652 quod
1363 1599 1460 1641 Deo
1490 1596 1635 1652 magis
1663 1598 1841 1652 placere
1883 1613 1886 1615 ·

209 1682 330 1720 esset
351 1682 649 1730 compertum,
675 1674 720 1716 id
744 1680 840 1717 toto
862 1680 1046 1730 pectore
1067 1674 1445 1729 amplexaremur!

297 1752 389 1796 Sed
410 1751 543 1794 venio
564 1751 636 1795 186
658 1752 713 1794 ad
739 1758 921 1794 tuorum
945 1759 1320 1807 argumentorum
1342 1751 1705 1796 dissolutionem.
1742 1751 1842 1795 Pri-

207 1842 331 1872 mum
369 1835 691 1884 argumentum
727 1843 784 1872 ex
821 1828 1045 1883 scriptura
1079 1826 1352 1872 confirmare
1396 1837 1625 1871 autumas:
1671 1829 1844 1884 reliqua

206 1905 376 1959 omnia,
400 1906 518 1948 duce
539 1912 717 1956 natura,
742 1905 781 1947 si
804 1906 923 1961 Xpo.
951 1905 1112 1960 placet.
1140 1907 1210 1948 De
1231 1905 1454 1961 scriptura
1477 1906 1619 1961 igitur
1641 1906 1844 1949 dicamus

208 1983 418 2039 primum.
444 1983 510 2025 Ita
532 1989 631 2024 orat
657 1983 890 2026 Selomon:
926 1981 1148 2025 «Diuitias
1175 1990 1222 2025 et
1250 1991 1562 2038 paupertatem
1588 1998 1643 2026 ne
1666 1983 1844 2028 dederis

146 2083 151 2085 ·
209 2059 339 2113 mihi,
359 2059 570 2111 Domine,
590 2060 669 2102 sed
689 2066 865 2102 tantum
884 2059 1025 2102 victui
1045 2074 1145 2103 meo
1165 2060 1313 2104 tribue
1331 2060 1588 2104 necessaria
1612 2063 1667 2102 ¹.»
1691 2061 1846 2115 Quare

210 2138 268 2180 ad
290 2136 365 2180 illa
393 2136 478 2180 tria
495 2151 586 2179 non
609 2144 677 2180 est
694 2135 997 2179 indifferentia
1015 2136 1290 2181 inducenda.
1318 2138 1381 2179 Ita
1406 2144 1470 2179 tu.
1499 2139 1563 2180 At
1585 2137 1687 2180 vide
1710 2152 1844 2192 quam

214 2221 364 2258 tecum
386 2213 646 2257 liberaliter.
673 2212 723 2257 Si
746 2219 795 2255 tu
818 2213 988 2256 audeas
1005 2213 1210 2256 similiter
1228 2228 1374 2265 orare,
1395 2228 1482 2269 ego
1502 2222 1605 2256 tuae
1628 2229 1847 2257 censurae

215 2290 496 2333 subscribam
519 2289 751 2332 continuo.
779 2289 900 2346 Age:
926 2298 975 2332 tu
994 2297 1150 2332 votum
1169 2291 1309 2334 habes
1327 2290 1605 2346 paupertatis
1627 2291 1843 2334 solemne.

215 2367 327 2411 Ora:
361 2366 582 2410 «Divitias
610 2366 806 2410 mihine
843 2367 1170 2412 concesseris.»
1211 2369 1368 2411 Recte.
1414 2369 1756 2423 s&exuperantem
1792 2383 1848 2411 ne

200 2443 440 2488 dederis.»
466 2444 600 2487 Adde
622 2443 660 2486 si
682 2443 811 2495 velis,
833 2452 880 2487 vt
898 2444 1134 2496 Selomon,
1164 2459 1247 2487 «ne
1269 2444 1407 2487 furari
1436 2448 1442 2498 1
1471 2459 1625 2499 cogar,
1646 2451 1849 2499 egestate

214 2535 504 2577 oppressus».
531 2520 648 2564 Vide
669 2519 779 2576 quid
801 2521 941 2564 dicas:
968 2522 1264 2576 professione,
1290 2521 1410 2564 vitae
1433 2529 1570 2571 statu,
1592 2530 1714 2570 voto,
1737 2535 1848 2576 pau--

217 2611 381 2654 peres:
406 2612 496 2640 non
526 2605 657 2654 potes
685 2605 1014 2654 paupertatem,
1052 2600 1187 2641 Pater
1218 2598 1295 2649 mi,
1328 2614 1417 2641 non
1452 2597 1720 2648 deosculari,
1757 2612 1845 2639 non

216 2674 489 2729 desiderare,
513 2689 607 2718 non
634 2688 802 2728 amare,
835 2689 925 2718 non
954 2676 1122 2719 habere
1150 2675 1196 2717 in
1225 2675 1415 2720 deliciis.
1446 2676 1600 2730 Quare
1632 2674 1692 2716 ita
1720 2689 1847 2717 orare

219 2751 315 2795 non
336 2759 480 2809 potes,
505 2767 564 2796 ne
586 2751 680 2794 voti
704 2752 786 2805 tui,
813 2752 1121 2808 professionis,
1149 2759 1295 2795 status
1319 2752 1384 2794 tui
1407 2752 1467 2794 sis
1497 2751 1845 2806 praeuaricator.

222 2814 302 2872 Ad
318 2835 364 2872 te
385 2828 526 2886 igitur
546 2828 622 2872 illa
644 2829 868 2885 scriptura
891 2843 982 2871 non
1006 2829 1220 2884 pertinet.
1246 2831 1365 2872 Num
1386 2830 1441 2871 ad
1464 2843 1566 2870 eum
1592 2827 1849 2883 pertinebit,

290 2974 309 2992 ²
355 2961 536 3001 obscure
555 2964 757 3010 scriptum.
810 2966 877 2991 —b
904 2963 1084 3001 Obscure
1102 2970 1292 2999 notatum.

294 3074 305 3092 ·
356 3071 505 3116 Pnov„
524 3071 649 3117 XXX,
665 3071 702 3106 8.
