2098 3470
455 18 463 29 ,
484 0 487 5 ’
503 0 630 32 ἿῬΫᾸΓΞἺ

536 271 822 308 Mortuum-m·
837 277 1094 307 Pnovmcnuz
1119 269 1434 315 Aristera-49
1685 267 1757 308 283

163 371 448 430 prouinciali,
487 381 534 416 et
572 380 763 428 uterque
797 371 966 415 scribet
1002 371 1060 414 ad
1096 370 1376 427 generalem,
1423 371 1811 426 quemadmodum

165 451 299 495 datae
321 450 428 494 sint.

256 528 502 582 Postquam
521 541 615 570 non
630 526 845 583 pendebit
855 541 912 571 ex
929 524 1188 569 obedientia
1203 523 1511 581 prouincialis,
1531 527 1580 567 Ρ.
1598 525 1804 570 Victoria

162 602 288 648 dabit
309 603 528 647 rationem
550 618 718 655 rerum,
749 617 863 658 quas
890 601 1053 659 egerit,
1084 600 1345 658 praeposito
1373 601 1578 658 generali
1608 602 1807 658 singulis

94 709 99 714 -
163 679 395 726 mensibus
415 680 592 735 saltem,
618 694 709 736 quo
730 687 948 736 tempore,
974 678 1144 722 scribet
1164 677 1300 720 etiam
1323 678 1381 720 ad
1402 677 1630 732 Natalem,
1655 679 1808 723 donec

162 762 234 800 est
253 755 299 799 in
321 756 597 807 Germania„
1293 799 1296 802 .

250 834 432 877 Nullam
454 832 815 889 jurisdictionem
842 832 1029 876 habebit
1057 834 1110 876 Ρ.
1142 831 1342 875 Victoria
1371 832 1446 875 uel
1479 831 1526 875 in
1554 832 1804 888 collegium

162 909 344 966 aliquod
367 910 440 953 uel
461 909 508 952 in
530 923 758 965 quoquam
778 916 1003 952 nostrum.

195 987 200 991 '
249 986 346 1030 Erit
371 986 419 1029 in
447 987 545 1031 eius
573 986 758 1030 arbitrio
790 986 1019 1042 suscipere
1055 985 1141 1029 iter
1173 987 1231 1029 ad
1268 985 1455 1042 negotia
1492 986 1712 1042 gerenda,
1756 995 1804 1030 et

162 1069 312 1108 tamen
333 1063 527 1115 curabit,
550 1064 699 1108 donec
721 1063 812 1106 sint
840 1062 1051 1119 expedita
1078 1062 1263 1119 negotia
1290 1063 1609 1106 fundationum
1638 1061 1800 1106 horum

162 1139 298 1183 trium
319 1140 614 1197 collegiorum
631 1146 677 1185 et
698 1139 972 1183 fabricarum
995 1146 1042 1184 et
1063 1139 1165 1192 alia,
1187 1154 1304 1195 quae
1326 1155 1352 1183 a
1374 1154 1557 1184 caesare
1579 1140 1804 1196 pendent,

162 1216 294 1264 utsit
313 1217 392 1260 ubi
409 1231 583 1262 caesar.

249 1293 500 1338 Vocabitur
520 1295 752 1350 professus
773 1293 1014 1338 Societatis
1035 1293 1083 1336 in
1109 1293 1251 1338 literis
1279 1309 1335 1338 ex
1363 1294 1488 1337 nullo
1510 1294 1600 1338 alio
1633 1294 1798 1337 offitio.

250 1372 304 1415 P.
345 1370 547 1415 Victoria
582 1370 666 1414 erit
702 1377 1082 1433 consentaneum,
1123 1378 1172 1413 vt
1209 1370 1318 1425 dixi,
1348 1379 1398 1413 vt
1434 1370 1492 1414 sit
1528 1371 1605 1414 vbi
1638 1386 1802 1416 caesar

161 1447 263 1501 erit,
287 1462 392 1492 cum
414 1462 505 1503 quo
526 1447 735 1504 primaria
756 1447 941 1504 negotia
962 1455 1069 1491 sunt
1092 1447 1401 1504 transigenda.

934 1577 1018 1620 49

955 1674 986 1731 ‚¹-

453 1739 672 1824 QUAE
732 1769 962 1812 D1X1T
1023 1770 1077 1812 P.
1137 1768 1499 1814 NATALIS

535 1877 743 1908 RECTORI
773 1876 1033 1907 VIENNENSI
1063 1877 1356 1915 EXEQUENDA
1384 1866 1412 1906 ¹.

833 1969 972 2016 [Aru-xo
1002 1968 1112 2016 1560]

246 2063 505 2122 Diligenter
537 2065 775 2108 attendant
800 2065 1066 2108 confessarii
1095 2065 1301 2118 fratrum,
1336 2065 1414 2122 qui
1442 2074 1549 2109 sunt
1575 2066 1799 2123 praefecti

157 2141 376 2185 orationis
402 2155 576 2194 eorum,
608 2156 722 2197 quos
744 2141 953 2194 audiunt,
984 2149 1030 2185 et
1051 2149 1218 2194 rector,
1241 2142 1320 2198 qui
1341 2142 1544 2186 omnium
1567 2152 1637 2187 est
1666 2157 1800 2200 prae-

228 2247 240 2269 ¹
290 2248 350 2283 Ex
367 2248 580 2295 archetypo
596 2246 657 2294 (?)‚
676 2247 801 2284 nitide
819 2253 978 2284 exarato
997 2247 1130 2292 ignota
1148 2260 1280 2295 manu,
1300 2249 1339 2285 in
1357 2250 1493 2285 codice
1513 2250 1653 2286 Natal.
1675 2250 1794 2286 instr.

159 2305 315 2350 Germ„
335 2306 440 2342 foliis
458 2315 592 2351 91·102
610 2307 799 2352 (154-165)
822 2307 938 2342 simul
962 2318 1051 2343 cum
1076 2307 1162 2343 aliis
1186 2307 1431 2344 documentis
1457 2309 1506 2344 ad
1531 2310 1680 2345 Natalis
1704 2309 1801 2345 visi—

145 2365 343 2402 ‘tationem
363 2365 647 2413 spectantibus,
664 2377 765 2413 quae
783 2371 920 2413 postea
935 2366 1130 2414 dabimus,
1151 2366 1190 2403 in
1208 2368 1351 2415 quibus
1375 2380 1397 2403 a
1422 2374 1532 2415 tergo
1557 2370 1654 2404 haec
1678 2370 1795 2404 Nata-

155 2424 204 2461 lis
220 2425 460 2472 autographa
477 2425 680 2472 inscriptio
697 2425 824 2472 posita
841 2431 917 2469 est,
935 2425 1002 2461 fol.
1026 2426 1092 2471 165
1107 2437 1128 2461 a
1143 2431 1267 2472 tergo:
1283 2428 1456 2463 Austria
1472 2431 1560 2471 etc„
1574 2441 1676 2474 quae
1690 2429 1797 2463 dixit

155 2483 330 2526 Natalis,
357 2487 395 2520 et
419 2484 463 2520 in
488 2484 585 2520 aliis
609 2485 847 2528 prouinciis.
876 2485 1056 2531 Jimenez
1080 2497 1196 2522 manu
1220 2486 1380 2525 ibidem:
1392 2488 1511 2533 leus.
1540 2489 1600 2523 De
1625 2489 1799 2535 collegio

155 2543 376 2581 viennensi.
397 2544 442 2579 In
459 2545 533 2579 hoc
557 2544 682 2591 primo
705 2543 942 2580 documento
966 2545 1117 2580 Natalis
1142 2557 1278 2581 manus
1302 2557 1379 2582 non
1404 2553 1576 2593 apparet.
1607 2548 1714 2582 Haec
1740 2548 1776 2581 in

155 2602 320 2639 structio
337 2613 438 2639 anno
458 2603 549 2648 1566
566 2602 656 2639 data
673 2608 750 2649 est,
768 2609 883 2650 prout
901 2603 940 2638 in
958 2603 1042 2650 ipsa
1059 2603 1207 2639 diserte
1225 2604 1432 2650 indicatur,
1454 2605 1519 2640 ubi
1531 2606 1635 2640 ‘haec
1660 2610 1699 2639 et
1718 2605 1794 2640 alia

154 2661 296 2698 similia
320 2661 555 2699 referuntur:
581 2662 872 2700 «Conseruetur
888 2663 1100 2709 processio,
1125 2675 1225 2710 quae
1243 2663 1345 2699 facta
1370 2671 1430 2699 est
1448 2665 1520 2699 hoc
1539 2675 1640 2699 anno
1662 2664 1797 2708 1566.»

154 2721 268 2768 Quae
285 2720 334 2757 ad
351 2712 487 2757 studia?
498 2721 712 2769 pertinent,
730 2727 867 2768 utpote
880 2721 960 2768 jam
979 2733 1001 2757 a
1020 2722 1133 2758 nobis
1151 2724 1300 2769 prolata
1319 2723 1358 2758 in
1383 2723 1474 2758 Mon
1483 2736 1505 2757 u
1514 2735 1564 2757 m.
1594 2724 1792 2770 Paedag.‚

153 2791 271 2828 pagg.
291 2779 465 2825 801-803,
482 2781 546 2816 hic
564 2781 809 2817 omittuntur.
829 2782 884 2817 Ut
902 2786 1033 2816 autem
1050 2781 1099 2816 de
1118 2782 1296 2828 personis
1314 2782 1484 2827 collegii,
1505 2782 1543 2817 in
1562 2783 1633 2816 hoc
1659 2792 1794 2816 monu-

155 2845 288 2876 mento
304 2839 632 2883 commemoratis,
650 2840 800 2886 plenior
818 2839 956 2876 notitia
976 2841 1178 2882 habeatur,
1199 2847 1240 2876 et
1253 2841 1409 2876 aliunde
1425 2841 1628 2887 prolixitas
1643 2847 1683 2875 et
1696 2842 1796 2875 mul—

154 2898 280 2935 titudo
296 2899 589 2935 annotationum
606 2899 820 2945 devitetur,
838 2899 961 2934 satius
979 2899 1162 2935 duximus
1180 2900 1270 2935 huic
1285 2906 1537 2934 monumento
1552 2899 1791 2945 subjungere

153 2958 350 3004 catalogos
383 2964 423 2994 et
453 2957 732 2994 instructiones
766 2958 815 2993 de
846 2958 1022 3004 personis
1054 2963 1094 2993 et
1122 2959 1261 2994 officiis
1291 2959 1447 3003 collegii
1484 2958 1797 2994 vindobonensis

154 3028 256 3054 anno
276 3018 381 3063 1566,
400 3023 491 3053 ante
509 3017 660 3053 Natalis
678 3017 962 3064 inspectionem
981 3023 1020 3053 et
1040 3023 1128 3064 post
1147 3018 1337 3064 eamdem,
1365 3024 1542 3053 exaratos
1563 3024 1602 3053 et
1621 3030 1641 3053 a
1660 3018 1794 3053 Natali

153 3076 308 3124 propria
327 3088 442 3112 manu
460 3076 689 3112 emendatos
708 3082 748 3112 et
766 3081 918 3112 auctos.
