2098 3470
353 280 423 326 580
823 283 979 320 PATms
1005 284 1248 319 Humonvnn
1275 283 1426 319 NADAL

396 385 458 427 Vt
492 384 691 427 fructum
721 384 937 441 accipiam
976 401 1032 429 ex
1069 385 1318 441 gratiarum
1357 385 1551 439 actione,
1586 400 1667 442 pro
1699 385 1940 430 vocatione

306 475 422 513 mea,
449 460 640 516 primum
664 461 835 518 gratias
856 477 1031 505 summa
1054 476 1158 504 cum
1175 460 1430 504 humilitate
1448 470 1492 506 et
1509 462 1752 506 deuotione
1768 463 1942 507 habere

308 544 353 581 et
376 551 530 593 agere,
556 539 678 594 quod
699 553 772 582 me
793 539 850 582 ad
872 539 1146 583 Societatem
1170 538 1356 582 vocarit.

396 613 627 667 Secundo,
653 616 812 660 eodem
836 615 995 672 spiritu
1019 614 1190 670 gratias
1212 622 1256 658 et
1274 616 1443 660 habere
1460 623 1505 659 et
1522 631 1659 672 agere
1676 618 1791 668 Deo,
1813 618 1935 672 quod

305 705 378 734 me
399 691 535 735 huius
556 692 808 735 vocationis
829 706 1041 748 capacem
1066 690 1239 743 fecerit,
1265 692 1631 748 praestiteritque
1660 692 1933 749 peculiarem

304 766 514 823 gratiam,
540 782 630 825 qua
653 769 936 812 vocationem
959 768 1180 819 audirem,
1206 775 1250 812 et
1275 776 1455 824 praesto
1478 784 1624 813 essem
1647 770 1705 812 ad
1727 770 1933 814 Societa-

305 844 363 887 tis
384 844 659 901 ingressum.

391 926 475 968 568
507 922 679 974 Tertio,
705 922 876 978 gratias
899 921 1034 966 etiam
1058 936 1212 978 agere,
1239 923 1362 977 quod
1384 922 1602 978 dignatus
1629 923 1765 966 fuerit
1793 938 1865 967 me
1887 923 1932 966 in

302 1000 388 1041 hac
413 999 642 1043 Societate
664 999 782 1042 votis
803 998 1071 1054 constringi,
1097 1013 1214 1053 quae
1237 998 1322 1042 fuit
1345 999 1590 1055 singularis
1612 1000 1772 1056 gratia.

391 1077 583 1132 Quarto,
609 1061 887 1131 quotidianis
909 1075 1120 1131 precibus
1143 1076 1419 1135 contendere
1442 1091 1468 1118 a
1490 1078 1605 1130 Deo,
1632 1084 1679 1119 vt
1708 1084 1804 1120 tum
1826 1091 1933 1132 pro-

300 1159 399 1208 pter
431 1167 496 1205 se,
534 1135 693 1196 merita
721 1152 943 1208 vnigeniti
973 1151 1052 1193 filii
1082 1151 1153 1194 sui
1169 1154 1280 1209 Jesu
1310 1151 1480 1195 Christi
1502 1154 1741 1196 saluatoris
1769 1154 1933 1205 nostri,

302 1243 355 1272 ac
385 1244 465 1285 per
493 1228 869 1274 intercessionem
898 1243 950 1271 ac
980 1228 1137 1272 merita
1170 1237 1487 1273 sacrosanctae
1519 1229 1711 1286 virginis
1742 1230 1927 1283 Mariae,

302 1315 562 1349 sanctorum
600 1306 800 1350 omnium
841 1314 885 1349 et
922 1306 1205 1361 angelorum,
1244 1314 1294 1347 vt
1331 1305 1437 1348 mihi
1477 1307 1684 1349 conferat
1716 1306 1930 1351 maiorem

299 1383 437 1426 huius
473 1383 670 1426 instituti
707 1390 752 1425 et
789 1382 962 1438 gratiae
1000 1382 1241 1437 peculiaris
1272 1382 1598 1438 cognitionem,
1634 1398 1930 1439 perseueran—

302 1460 409 1504 tiam
432 1460 630 1515 denique
651 1467 696 1503 et
719 1460 1051 1502 incrementum
1073 1459 1118 1501 in
1141 1459 1460 1503 obseruatione
1483 1460 1701 1504 eiusdem.

389 1537 580 1594 Quinto,
615 1537 804 1580 dilatare
837 1537 1030 1579 virtutes
1063 1535 1344 1592 theologicas
1376 1537 1433 1579 ad
1465 1537 1610 1580 maius
1642 1537 1826 1593 spiritus
1859 1538 1934 1580 in-

298 1622 580 1659 crementum
603 1614 649 1656 in
678 1615 766 1656 hac
794 1613 1052 1656 vocatione:
1088 1614 1223 1655 fidem
1253 1613 1453 1668 quidem,
1489 1615 1715 1658 credendo
1742 1614 1935 1658 firmiter

297 1693 446 1736 Deum
468 1692 616 1748 ipsum
639 1690 750 1732 mihi
773 1691 1042 1733 collaturum
1066 1689 1282 1733 auxilium
1308 1698 1353 1734 et
1375 1691 1567 1746 gratiam
1590 1692 1647 1734 ad
1669 1705 1923 1746 consequu-

299 1769 467 1812 tionem
489 1768 592 1811 finis
614 1768 750 1811 huius
772 1767 1039 1819 vocationis,
1063 1767 1100 1809 si
1123 1781 1212 1823 ego
1233 1767 1329 1823 ipse
1353 1767 1465 1810 mihi
1489 1783 1582 1811 non
1605 1768 1763 1811 desim.
1790 1769 1930 1824 Spem

297 1862 422 1898 vero,
448 1846 571 1888 omni
594 1844 886 1897 confidentia,
912 1845 1137 1900 sperando
1160 1858 1214 1886 ex
1238 1844 1385 1900 gratia
1402 1844 1558 1887 diuina
1577 1860 1647 1888 me
1664 1845 1926 1901 participem

297 1926 397 1968 fore
417 1928 499 1970 569
522 1922 659 1965 huius
687 1921 957 1974 vocationis,
989 1921 1027 1964 si
1055 1920 1120 1963 illi
1149 1935 1381 1976 cooperer:
1414 1921 1678 1966 charitatem
1711 1922 1924 1977 denique,

258 2048 262 2052 .
297 2002 510 2052 amando,
530 2000 773 2050 laudando,
794 2006 839 2042 et
856 1998 1044 2041 summis
1061 1997 1270 2041 laudibus
1289 1999 1548 2042 extollendo
1569 1998 1768 2041 diuinam
1785 1998 1929 2055 ipsam

298 2077 596 2131 maiestatem,
622 2083 805 2132 propter
834 2074 1103 2118 beneficium
1133 2089 1236 2117 curn
1268 2075 1312 2116 in
1342 2090 1429 2127 me,
1462 2084 1558 2118 tum
1581 2075 1627 2117 in
1655 2075 1927 2120 Societatem

298 2155 527 2198 collatum.

297 2288 360 2318 DE
393 2286 518 2317 ocro
558 2284 970 2315 BEATITUDINIBUS
1011 2283 1217 2313 PROPRIE
1256 2284 1317 2312 AD
1357 2283 1583 2313 NOSTRUM
1625 2283 1929 2314 INSTITUTUM‘

389 2386 543 2431 «Beati
567 2398 791 2442 pauperes
813 2383 989 2439 spiritu,
1015 2382 1228 2438 quoniam
1252 2381 1452 2437 ipsorum
1475 2391 1543 2425 est
1562 2397 1754 2438 regnum
1776 2384 1932 2426 coelo-

295 2480 444 2508 rum.»
478 2448 738 2508 Offeramus
764 2462 880 2512 Deo,
912 2462 1089 2511 fratres,
1120 2460 1435 2501 holocaustum
1465 2467 1510 2502 et
1539 2460 1784 2514 perfectam
1816 2460 1926 2502 obe-

297 2541 513 2587 dientiam
556 2541 779 2582 bonorum
824 2545 1083 2580 nostrorum
1126 2535 1348 2587 omnium,
1395 2535 1690 2588 exteriorum,
1729 2535 1928 2592 corporis

297 2627 435 2674 atque
457 2605 610 2669 animi,
637 2630 715 2672 per
737 2612 1033 2670 paupertatis,
1065 2611 1285 2655 castitatis
1317 2619 1454 2667 atque
1485 2611 1771 2656 obedientiae
1803 2619 1924 2664 vota,

297 2697 370 2740 vel
391 2702 515 2739 certe
536 2709 615 2750 per
637 2691 774 2736 animi
803 2690 1083 2746 propositum
1116 2696 1160 2733 et
1191 2688 1492 2732 vocationem.
1519 2689 1611 2744 Qui
1634 2696 1740 2731 sunt
1762 2689 1926 2732 nouitii

297 2774 453 2817 eadem
476 2774 668 2817 offerant
690 2771 805 2812 Deo.
831 2766 1110 2810 Coelestium
1133 2766 1356 2808 bonorum
1386 2765 1716 2820 possessionem
1747 2780 1828 2821 pro
1855 2765 1930 2808 his,

296 2843 473 2907 reponit
490 2847 621 2892 nobis
643 2845 871 2897 Christus.

390 2926 545 2971 «Beati
567 2924 715 2975 mites,
740 2920 951 2977 quoniam
980 2918 1065 2975 ipsi
1094 2918 1391 2974 possidebunt
1419 2928 1629 2963 terram.»
1663 2920 1923 2964 Contenda-

296 3020 398 3048 mus
419 3004 506 3046 illis
528 2999 783 3059 praesidiis,
809 2996 1091 3048 consulente,
1122 2999 1207 3042 570
1237 2995 1521 3047 adhortante,
1557 3002 1764 3048 vocante,
1788 3002 1927 3050 atque

297 3083 492 3125 authore
530 3078 729 3129 Christo,
770 3082 819 3116 vt
856 3071 1140 3129 passionibus
1176 3078 1221 3114 et
1259 3071 1409 3127 prauis
1441 3071 1676 3114 affectibus
1708 3071 1928 3127 repressis
