2098 3470
340 264 411 300 320
812 267 966 303 PA‘rms
992 267 1233 303 Hissnonwm
1259 267 1409 304 NADAL

385 368 545 423 Aeque
567 376 584 393 ²¹
606 369 722 412 bene
745 376 996 414 tractentur
1013 384 1192 426 semper
1215 370 1372 420 nostri,
1391 372 1771 426 quemadmodum
1796 386 1925 418 com—

294 445 534 489 mensales.
1286 450 1288 453 ’

385 522 541 564 Potest
573 536 682 564 usus
705 522 841 566 studii
864 524 1117 566 tabularum
1155 522 1379 566 introduci
1402 523 1447 567 in
1470 524 1679 581 collegio,
1705 527 1924 582 quemad-

293 599 477 642 modum
510 601 624 642 solet
649 602 822 652 Romae
852 601 948 644 fieri
971 602 1092 657 apud
1113 601 1308 654 vineam;
1348 602 1428 645 sed
1450 602 1528 645 fiat
1556 602 1692 656 domi,
1718 607 1923 659 quando·

294 675 475 731 quidem
500 691 593 719 non
616 678 785 721 habent
807 677 943 721 alium
974 679 1142 731 locum,
1169 679 1248 722 sed
1276 679 1322 722 in
1346 680 1445 722 loco
1473 694 1606 734 quam
1638 680 1735 724 fieri
1759 682 1925 737 poterit

293 753 613 806 secretissimO,
639 755 758 798 vnde
780 755 962 798 minime
986 755 1228 798 audiantur
1250 757 1307 798 ab
1331 756 1545 810 externis3
1571 763 1616 800 et
1638 757 1803 813 poterit
1820 758 1922 814 qui—

292 831 395 875 dem
419 830 515 874 fieri
539 830 584 872 in
608 829 680 874 die
703 832 1008 885 recreationis,
1036 831 1072 875 si
1095 832 1172 887 qui
1195 847 1284 875 non
1312 840 1526 888 poterunt
1548 833 1613 878 ire
1636 835 1692 876 ad
1716 848 1919 891 campos:

294 906 458 962 poterit
482 907 616 951 etiam
640 907 881 964 aliquando
904 909 999 952 fieri
1016 909 1089 952 die
1106 909 1256 965 aliquo
1275 911 1406 962 festo,
1428 909 1505 952 ubi
1522 911 1688 954 absunt
1705 912 1918 956 scolares.

382 983 586 1040 Singulis
608 984 903 1029 hebdomadis
934 986 1101 1042 singuli
1131 987 1389 1030 sacerdotes
1417 987 1711 1030 celebrabunt
1741 987 1921 1032 missam

294 1075 427 1103 vnam
451 1075 531 1116 pro
557 1063 689 1112 Patre
712 1062 860 1105 Natali
880 1070 924 1105 et
947 1063 1045 1107 eius
1069 1062 1332 1106 ministerio:
1353 1063 1522 1119 singuli
1555 1063 1690 1106 etiam
1714 1066 1921 1109 sacerdo-

294 1144 361 1181 tes
377 1137 571 1193 singulis
588 1134 948 1182 hebdomadibus
966 1140 1197 1183 celebrent
1219 1155 1355 1182 vnam
1377 1140 1558 1183 missam
1581 1155 1662 1196 pro
1686 1142 1821 1186 Patre
1838 1156 1922 1198 ge-

293 1214 434 1257 nerali
458 1221 502 1258 et
524 1215 735 1258 omnibus
757 1216 923 1259 nostris
948 1216 1175 1278 Patribus,
1197 1216 1273 1271 qui
1296 1223 1403 1259 sunt
1425 1217 1471 1258 in
1493 1217 1684 1260 concilio
1705 1216 1739 1261 b:
1765 1232 1924 1263 omnes

296 1291 456 1334 fratres
479 1291 547 1334 bis
570 1291 705 1336 etiam
723 1292 770 1334 in
794 1293 1079 1337 hebdomada
1102 1294 1298 1337 orabunt
1320 1294 1377 1336 ad
1399 1293 1534 1337 idem.

1009 1446 1012 1449 ·
1067 1424 1149 1467 53

470 1591 472 1596 .
1041 1514 1174 1607 JhiJS.

460 1616 655 1701 QUAE
691 1646 886 1688 DIXIT
926 1647 982 1705 Ρ.
1025 1646 1330 1689 NATALIS
1369 1646 1754 1690 HERBIPOLI

574 1754 715 1783 PATRt
741 1754 1051 1784 PROUINCIALI
1078 1741 1134 1782 26
1156 1753 1436 1784 NOUEMBRIS
1466 1741 1577 1795 1566
1604 1743 1632 1784 ¹.

382 1839 630 1892 Postquam
653 1849 709 1878 ex
731 1836 855 1879 Vrbe
878 1835 1094 1891 scriptum
1118 1842 1186 1879 est
1208 1850 1434 1878 summum
1453 1836 1712 1892 pontificem
1731 1837 1922 1881 restrin-

289 1913 409 1957 xisse
431 1920 630 1956 nostram
659 1913 920 1955 facultatem
949 1912 1215 1955 absoluendi
1246 1913 1444 1968 relapsos
1472 1913 1518 1955 in
1546 1913 1786 1965 haeresim,
1821 1928 1919 1973 mlo-

289 1989 426 2032 nendi
448 1996 583 2032 erunt
604 1987 865 2032 confessarii
888 2003 945 2031 ne
968 1988 1222 2040 absoluant;
1249 1988 1328 2031 sed
1355 1995 1506 2032 tamen
1528 1989 1654 2031 nullo
1684 1996 1815 2045 pacto
1845 2005 1894 2034 re
1910 2015 1921 2021 ·

289 2066 427 2123 lapsis
450 2065 709 2122 significent
731 2079 824 2116 eos,
851 2056 1091 2120 propterea
1114 2065 1235 2119 quod
1265 2064 1426 2120 relapsi
1455 2073 1578 2118 sunt,
1604 2080 1695 2108 non
1723 2065 1919 2109 absolui:-

291 2144 465 2187 interea
487 2142 713 2186 scribetur
736 2143 925 2185 Romam
948 2141 1191 2198 diligenter
1213 2142 1245 2184 ².

380 2222 484 2264 Non
508 2221 676 2264 debent
697 2218 789 2275 legi
811 2218 1004 2274 singulis
1027 2218 1260 2263 mensibus
1277 2218 1642 2272 constitutiones,
1662 2233 1745 2262 nec
1763 2219 1809 2262 id
1825 2219 1923 2262 col-—

359 2375 376 2391 a
426 2364 499 2399 Ms.
519 2374 656 2409 equae.
707 2363 774 2389 —b
800 2362 965 2397 consilio
983 2373 1060 2397 ms.

357 2490 365 2510 ¹
420 2489 479 2523 Ex
507 2489 735 2535 archetypo,
754 2498 776 2522 a
794 2487 838 2522 P.
859 2487 1038 2532 Jimenez
1057 2491 1230 2534 exarato,
1251 2491 1291 2522 et
1316 2486 1469 2522 Natalis
1494 2498 1610 2522 manu
1638 2486 1860 2532 emendato,
1879 2486 1921 2522 in·

283 2547 421 2583 codice
435 2548 575 2585 Natal.
595 2547 717 2582 instr.
743 2546 897 2588 Germ„
917 2551 1082 2593 quatuor
1100 2545 1219 2591 foliis,
1237 2546 1348 2590 67—70
1367 2547 1438 2592 (72,
1457 2545 1518 2590 73,
1537 2545 1613 2591 74l.
1629 2546 1832 2592 Responsa
1846 2546 1916 2581 Pa-

286 2607 357 2643 tris
374 2608 586 2654 generalis,
607 2605 766 2642 Polanci
784 2617 900 2641 manu
918 2610 1090 2651 exarata,
1110 2605 1149 2641 in
1168 2605 1342 2651 margine
1366 2606 1574 2641 habentur.
1606 2605 1770 2640 Duabus
1800 2605 1916 2652 parti-

285 2668 359 2702 bus
377 2667 451 2702 hoc
476 2670 776 2702 monumentum*
788 2670 960 2700 constat:
981 2664 1104 2710 prima
1128 2664 1429 2700 instructionem
1450 2663 1601 2699 Natalis
1631 2664 1676 2699 B.
1701 2664 1819 2700 Petro
1843 2663 1917 2700 Ca·

282 2726 382 2762 nisio
401 2725 608 2772 Herbipoli
625 2725 755 2760 datam
779 2723 827 2759 de
846 2724 964 2759 rebus
982 2723 1207 2770 provinciae
1225 2723 1463 2759 Germaniae
1485 2722 1698 2770 superioris
1725 2722 1916 2759 continet.

283 2784 464 2821 Secunda
483 2790 630 2821 statuta
647 2783 837 2832 quaedam
856 2783 979 2829 ipsius
998 2782 1163 2828 Natalis,
1184 2782 1232 2817 ad
1251 2781 1540 2818 institutionem
1559 2781 1719 2828 collegii
1736 2781 1918 2829 herbipo-

284 2844 405 2880 lensis
429 2843 667 2891 spectantia,
688 2842 863 2879 exhibet.
890 2841 990 2876 Vide
1022 2842 1152 2888 Epist„
1186 2842 1234 2876 P.
1267 2841 1420 2886 Nadal,
1449 2842 1519 2888 111,
1552 2840 1622 2885 315
1650 2845 1691 2876 et
1719 2852 1845 2888 seqq.;
1877 2846 1922 2876 et

284 2903 452 2951 append.
472 2904 617 2948 XXXI,
637 2913 724 2948 pag.
744 2910 828 2947 779.
892 2913 894 2915 ·

351 2965 366 2985 ²
415 2962 516 2998 Vide
534 2974 634 3010 quae
653 2962 702 2997 de
720 2962 794 2997 hoc
810 2961 922 3006 gravi
941 2957 1100 3006 negotio
1116 2959 1273 3007 scripsit
1292 2959 1475 2996 Canisius
1493 2960 1661 3006 Borgiae
1682 2968 1725 3005 14
1750 2960 1916 2995 Decem·

282 3023 362 3058 bris
381 3022 472 3058 anni
493 3022 597 3067 1566,
619 3022 750 3068 Epist.
769 3021 821 3056 P.
846 3020 997 3062 Nadal,
1018 3019 1086 3066 111,
1106 3028 1188 3067 7793
1210 3024 1249 3055 et
1265 3019 1424 3055 uberius
1443 3019 1482 3055 in
1498 3019 1593 3066 ipsis
1608 3019 1756 3056 Canisii
1770 3019 1920 3066 episto-

283 3083 330 3118 lis
349 3081 519 3129 saepius.
