2098 3470
805 226 1239 274 Ῑκετκυοιήιοῃεὶ-ὁι
1721 227 1796 264 603

206 332 338 375 Haec
359 345 499 386 quum
534 330 596 373 ita
619 330 727 382 sint,
757 336 916 378 curata
944 336 1096 374 tamen
1124 328 1348 373 beneficia
1376 329 1448 373 vel
1476 329 1599 373 adire
1629 331 1701 374 vel
1731 330 1836 374 reti-

206 421 316 452 nere
344 421 435 450 non
465 407 789 463 permittuntur
817 405 975 454 nostri.
1008 405 1225 452 Similiter
1261 405 1504 450 dicendum
1533 407 1590 448 de
1619 407 1843 450 adeundis

205 483 563 540 haereditatibus
579 483 876 528 secularibus.
902 484 1019 529 Nam
1043 483 1234 539 professi
1254 483 1324 526 vel
1347 483 1528 526 formati
1552 483 1842 529 coadiutores

206 561 356 605 nullas
380 568 572 617 possunt
610 561 751 613 adire,
789 575 876 606 nec
902 561 1082 613 illorum
1120 559 1303 603 nomine
1330 558 1526 617 collegia
1556 562 1627 604 vel
1659 561 1836 609 domus.

206 637 316 690 Alii,
340 638 477 683 etiam
498 638 536 680 si
559 646 667 703 yota
687 637 927 694 ediderint,
951 644 1144 694 possunt
1165 652 1220 680 ea
1242 636 1439 683 retinere
1460 638 1534 680 vel
1556 637 1680 680 adire
1704 639 1840 689 bona,

209 716 267 759 ad
290 728 408 770 quae
430 714 502 757 ius
523 715 755 758 habebant
775 729 914 770 quum
940 722 1047 760 vota
1074 714 1332 766 ediderunt,
1358 728 1451 756 non
1473 715 1530 756 ad
1553 714 1639 757 alia
1662 722 1696 758 ².
1731 715 1840 758 Sus—

208 798 385 835 tentare
413 792 533 836 enim
563 792 610 834 in
642 793 728 835 hac
758 791 933 843 ratione
959 791 1045 837 632
1073 791 1356 847 paupertatis
1382 800 1576 847 possunt
1605 805 1684 834 sua
1724 791 1839 843 iura,

207 875 259 910 vt
282 867 573 921 distribuant3
600 883 721 911 noua
757 868 856 912 iura
887 869 957 912 vel
979 868 1366 923 bonaadquirere
1398 875 1725 926 nonpossunt.
1760 868 1841 912 Sin

209 952 314 988 vota
335 959 428 988 non
448 945 690 997 ediderint,
726 961 816 989 non
855 946 1002 989 solum
1040 952 1231 1001 possunt
1253 960 1308 988 ea
1335 947 1459 988 bona
1485 945 1698 997 retinere,
1725 959 1842 999 quae

152 1075 156 1079 ¹
206 1021 456 1078 possident,
495 1031 542 1065 et
568 1021 644 1065 illa
676 1023 819 1075 adire,
842 1023 900 1065 ad
926 1036 1045 1078 quae
1070 1022 1143 1065 ius
1179 1023 1369 1075 habent,
1394 1023 1476 1079 sed
1512 1037 1632 1064 noua
1663 1021 1762 1064 iura
1797 1031 1843 1065 et

206 1099 328 1142 bona
350 1099 491 1142 adire.
518 1100 574 1142 Et
595 1100 712 1143 haec
733 1100 918 1156 quidem
940 1099 1061 1142 dicta
1083 1107 1192 1143 sunt
1213 1115 1270 1144 ex
1292 1099 1468 1143 ratione
1496 1100 1607 1142 voti.
1635 1101 1750 1142 Nam
1776 1101 1842 1141 fa-

209 1175 300 1220 ciet
322 1177 475 1219 forsan
497 1174 515 1201 ¹³
538 1176 864 1220 offendiculum
889 1177 1012 1232 quod
1031 1176 1228 1234 capient,
1253 1176 1331 1232 qui
1352 1184 1483 1220 erant
1504 1176 1765 1220 successuri
1788 1177 1843 1219 ad

208 1251 347 1306 bona,
372 1266 489 1308 quae
511 1261 682 1306 noster,
708 1254 884 1296 habens
904 1261 1029 1307 vota,
1053 1253 1163 1306 adit,
1187 1260 1238 1295 vt
1265 1267 1338 1296 res
1367 1261 1462 1296 tota
1490 1254 1569 1296 fiat
1597 1253 1777 1296 dificilis
1799 1261 1844 1296 et

208 1327 287 1372 vix
306 1329 537 1385 possimus
558 1329 630 1372 ius
651 1337 856 1373 nostrum
884 1330 1104 1379 obtinere,
1131 1330 1342 1375 Viderint
1370 1330 1643 1386 superiores.
1672 1331 1842 1374 Verum

211 1405 322 1461 quid
342 1405 587 1461 dicendum
610 1409 794 1462 quando
817 1407 969 1450 iussus
989 1414 1060 1452 est
1087 1406 1251 1464 aliquis
1271 1407 1544 1452 distribuere
1572 1409 1644 1451 vel
1672 1422 1843 1452 renun-

206 1482 329 1526 ciare
343 1484 465 1527 bona
483 1484 556 1528 vel
573 1484 814 1536 beneficia,
834 1485 933 1529 siue
950 1492 1072 1537 ante,
1087 1485 1187 1528 siue
1202 1494 1305 1541 post
1322 1492 1430 1528 uota
1446 1484 1846 1529 scholasticorum?

210 1561 328 1604 Nam
354 1559 431 1603 hic
462 1559 667 1616 priuatus
698 1561 920 1617 legittime
946 1570 992 1607 et
1018 1562 1075 1605 iis
1104 1561 1252 1613 bonis,
1278 1576 1396 1618 quae
1425 1562 1641 1618 possidet,
1675 1570 1721 1604 et
1743 1561 1840 1604 iure

209 1638 333 1692 quod
354 1637 442 1680 sibi
464 1639 750 1693 competebat
772 1639 830 1681 ad
851 1640 1018 1682 futura.
1045 1639 1170 1694 Quid
1197 1638 1339 1696 igitur
1366 1639 1425 1683 de
1445 1638 1516 1691 iis,
1543 1640 1600 1682 ad
1629 1652 1747 1694 quae
1769 1638 1840 1680 ius

208 1715 384 1757 nullum
406 1715 624 1758 habebat?
646 1716 762 1766 Nam
786 1715 859 1758 his
879 1716 1016 1759 etiam
1037 1731 1087 1760 se
1110 1716 1276 1772 priuat.
1302 1716 1496 1760 Videtur
1517 1716 1762 1760 dicendum
1786 1730 1842 1757 eo

209 1791 344 1836 etiam
369 1791 467 1835 iure
488 1806 539 1835 se
559 1792 757 1847 priuare‚
782 1794 869 1835 hoc
892 1807 961 1837 est
984 1793 1109 1836 omni
1129 1807 1210 1850 spe
1231 1795 1473 1846 bonorum,
1500 1801 1548 1836 vt
1570 1801 1639 1836 est
1661 1793 1706 1836 in
1730 1807 1841 1836 con-

206 1867 458 1912 stitutione.
486 1865 602 1912 Nam
624 1868 662 1911 si
685 1869 770 1912 iuri
792 1877 825 1923 ⁰,
850 1870 971 1926 quod
993 1869 1035 1914 ei
1056 1869 1279 1926 legittime
1299 1870 1534 1926 competit,
1559 1870 1745 1914 iubetur
1768 1885 1841 1912 re—

209 1932 443 1998 nunciare,
469 1947 612 1989 multo
633 1947 781 2003 magis
801 1947 842 1991 ei
864 1933 900 2000 d,
925 1948 1048 2003 quod
1069 1947 1133 1990 illi
1153 1948 1303 1991 adhuc
1326 1962 1417 1990 non
1439 1947 1670 2003 competit.

209 2063 298 2109 633
527 2080 589 2109 DE
619 2079 859 2109 LECTIONE
889 2079 950 2109 ET
972 2079 1099 2109 AL11s
1122 2080 1263 2110 cch
1293 2079 1490 2110 MENSAM

298 2178 416 2221 Cum
446 2179 497 2221 fit
528 2179 663 2222 lectio
694 2193 894 2231 mensae,
920 2179 1104 2234 reliquis
1131 2179 1417 2234 ceremoniis,
1440 2179 1478 2223 si
1507 2194 1625 2235 quae
1646 2179 1840 2235 irrepse-

211 2253 318 2306 rint,
340 2254 688 2310 praetermissis,
713 2255 788 2298 vbi
818 2255 1011 2311 primum
1050 2256 1236 2301 mantile
1265 2256 1533 2312 explicuerit
1562 2257 1639 2312 qui
1670 2256 1842 2311 primus

210 2330 381 2375 assidet
418 2346 617 2384 mensae,
646 2333 805 2386 lector,
836 2332 955 2389 pileo
990 2333 1214 2389 deposito,
1243 2334 1396 2390 signet
1424 2349 1474 2378 se
1512 2334 1645 2390 signo
1674 2333 1839 2383 crucis,

214 2406 519 2464 impositoque
549 2409 668 2466 pileo
694 2409 846 2466 capiti,
872 2410 958 2453 nisi
986 2412 1167 2466 quando
1198 2411 1367 2468 legitur
1395 2420 1532 2467 caput
1559 2426 1614 2453 ex
1638 2424 1843 2466 euange-

211 2483 289 2535 lio,
314 2483 557 2528 lectionem
587 2485 793 2542 incipiat,
824 2486 1008 2542 reliquis
1036 2486 1148 2529 nihil
1174 2489 1336 2530 horum
1356 2488 1624 2543 'agentibus;
1664 2501 1745 2528 nec
1777 2494 1843 2528 est

213 2562 498 2605 consuetudo
526 2570 575 2604 vt
611 2564 670 2605 ad
707 2564 843 2608 finem
882 2563 1088 2607 lectionis
1125 2564 1318 2607 dicatur:
1354 2566 1451 2608 «Tu
1483 2574 1649 2606 autern,
1683 2562 1839 2605 Domi-

212 2651 317 2691 ne»,
341 2649 433 2684 etc.

302 2715 352 2760 Si
374 2716 577 2772 superior
604 2718 784 2774 collegii
812 2734 1028 2774 praesens
1056 2719 1114 2763 sit
1145 2719 1191 2762 in
1220 2719 1474 2770 refectorio,
1501 2719 1620 2761 dicet
1655 2716 1843 2759 benedi-

214 2791 411 2836 ctionem
434 2808 633 2847 mensae,
658 2803 737 2837 aut
758 2796 1032 2852 designabit,
1058 2796 1136 2852 qui
1159 2797 1295 2840 dicat.
1318 2797 1437 2839 ldem
1464 2795 1596 2837 faciet
1619 2793 1842 2844 minister,

213 2869 403 2913 absente
424 2870 670 2926 superiore.
703 2871 752 2916 Si
783 2887 893 2916 vero
921 2881 1110 2929 vterque
1139 2875 1303 2917 absens
1333 2872 1483 2923 fuerit,
1511 2871 1726 2926 magister
1758 2884 1842 2911 no-

283 3045 301 3062 ²
326 3037 381 3072 ad
397 3029 593 3083 posterius
605 3037 779 3073 additum
795 3038 880 3074 fuit.
932 3042 1000 3067 -b
1017 3039 1173 3084 forsam
1191 3052 1261 3074 ms,
1314 3048 1375 3065 -c
1396 3039 1482 3072 iure
1498 3049 1566 3071 ms.
1623 3038 1685 3062 -11
1705 3047 1748 3070 eo
1767 3037 1840 3069 ms.
