2098 3470
14 1034 19 1044 ,
0 761 19 935 *vnvm-,v
0 739 10 752 τ
0 679 10 727 ⁵⁴¹2*
0 554 18 671 '‘W-⁴⁷*

47 967 49 969 .
46 950 50 951 ,
39 877 50 886 0
40 857 42 861 '
28 836 30 840 *

822 201 1203 238 tus-rnucrromzs—
1211 201 1255 236 61
1737 201 1809 248 607

216 303 298 359 qui
319 308 478 347 omnes
498 317 590 346 vno
611 304 864 359 eodemque
884 301 974 346 cibi
995 315 1170 358 genere
1188 309 1235 346 et
1265 301 1472 357 obsequii
1504 303 1639 346 modo
1669 311 1855 346 vtantur

216 379 414 424 facilius.
641 436 647 446 ·
904 365 910 369 '
1188 438 1189 441 Ἰ
1546 368 1552 373 κ

309 456 516 513 Singulis
536 456 698 500 diebus
721 472 748 499 a
771 456 958 514 prandio
980 464 1027 501 et
1047 469 1190 499 coena
1211 456 1491 500 mundentur
1511 471 1711 509 mensae,
1742 471 1854 499 con-

214 534 479 589 danturque
497 533 648 577 omnia
669 542 715 578 et
737 549 844 578 vasa
865 542 911 578 et
931 532 1133 576 mantilia
1154 532 1200 575 in
1223 533 1373 575 locum
1402 547 1554 586 suum,
1587 533 1664 587 qui
1694 548 1856 578 neces-
1896 575 1898 577 .

220 610 340 654 sario
361 611 600 654 habendus
620 611 705 654 erit
726 611 852 654 iuxta
873 609 1180 684 refectorium,
1205 609 1313 652 vel
1301 625 1345 652 m
1372 610 1630 662 refectorio,
1662 610 1699 653 si
1728 625 1855 653 com-

215 688 353 731 mode
373 687 472 731 fieri
493 695 661 743 potest.

206 817 211 822 ι
290 763 529 822 ‘Quotidie
546 766 791 809 abluantur
821 765 1198 821 anteprandium
1231 772 1278 809 et
1310 763 1486 820 vesperi
1519 772 1625 807 ante
1664 779 1849 808 coenam

217 841 373 895 ciathi,
397 849 444 886 et
464 841 684 886 coclearia
708 844 999 894 mundentur,
1024 842 1065 885 si
1090 841 1181 884 inis
1209 841 1282 884 vsi
1308 841 1495 886 fuerint.
1527 841 1716 896 Reliqua
1744 857 1853 884 vasa

217 932 364 974 aquae
390 926 436 962 et
464 918 558 961 vini
587 918 657 961 bis
689 918 735 961 in
772 919 1056 963 hebdomada
1093 919 1387 962 mundentur
1423 918 1564 974 Quod
1598 917 1639 960 si
1673 917 1853 974 saepius

202 1005 335 1055 *opus
357 993 508 1047 fuerit,
533 995 736 1038 iudicent
763 995 1032 1052 superiores

225 1074 229 1078 '
305 1073 546 1129 Oportune
582 1071 800 1128 incipiant
827 1087 1011 1116 mensae
1040 1073 1199 1124 sterni,
1231 1072 1294 1115 ita
1322 1079 1370 1114 vt
1398 1079 1554 1128 parata
1582 1072 1672 1115 sint
1701 1073 1851 1115 omnia

216 1162 323 1191 cum
344 1149 600 1204 pulsabitur
621 1150 872 1204 quadrante
894 1156 1000 1192 ante
1020 1149 1262 1206 prandium
1287 1157 1307 1174 ³
1326 1156 1374 1192 et
1394 1163 1602 1201 coenam,
1626 1164 1718 1204 quo
1739 1157 1851 1194 tem-

217 1238 326 1281 pore
347 1225 566 1282 incipient
586 1241 748 1281 aquam
771 1241 1000 1283 apponere
1022 1233 1068 1271 et
1091 1226 1261 1269 vinum.

304 1303 432 1346 Ordo
459 1304 757 1359 praeparandi
785 1318 986 1347 mensam
1008 1304 1083 1347 hic
1110 1303 1212 1347 erit:
1237 1311 1286 1346 vt
1314 1304 1405 1347 sint
1425 1304 1616 1347 orbiculi
1644 1319 1726 1360 pro
1754 1305 1848 1347 sin-

213 1379 352 1435 gulis,
376 1394 430 1423 ac
450 1394 588 1436 super
610 1394 888 1436 unoquoque
911 1387 1104 1437 ponatur
1125 1380 1270 1436 panis,
1296 1395 1434 1436 supra
1454 1396 1618 1436 panem
1641 1387 1728 1428 642
1751 1397 1847 1424 ma-

212 1455 323 1520 pula
343 1456 626 1512 complicata,
658 1464 764 1500 ante
793 1457 1048 1500 orbiculum
1076 1464 1229 1501 autem
1258 1458 1471 1502 cultellus
1497 1472 1602 1500 cum
1630 1459 1839 1501 cocleari.

272 1552 274 1556 ·
302 1533 421 1576 Cum
438 1533 682 1590 apponitur
698 1533 892 1590 primum
910 1535 1149 1586 ferculum,
1169 1536 1292 1590 quod
1313 1534 1592 1591 antipastum
1611 1549 1844 1588 vocamus,

211 1617 318 1654 ante
344 1611 499 1654 orbem
526 1610 748 1667 cuiusque
775 1611 1021 1663 locabitur,
1046 1619 1093 1654 et
1113 1613 1236 1667 quod
1259 1611 1482 1668 reliquum
1505 1613 1642 1657 fuerit
1670 1614 1742 1656 vel
1771 1628 1846 1655 os-

209 1687 330 1731 sium
350 1689 422 1732 vel
447 1688 696 1741 fructuum,
720 1696 828 1739 ete.,
855 1688 901 1731 in
923 1688 1048 1732 disco
1066 1698 1325 1746 reponatur,
1346 1690 1439 1744 qui,
1462 1690 1534 1732 vbi
1553 1691 1743 1733 scutella
1764 1692 1844 1733 ad-

207 1765 371 1817 fertur,
395 1773 648 1817 amouetur;
674 1765 750 1808 illa
771 1780 878 1808 vero
900 1780 1037 1822 super
1058 1767 1215 1810 orbem
1238 1767 1504 1810 collocatur.

297 1842 556 1898 Antequam
578 1842 858 1885 absoluerint
875 1841 1125 1898 appositam
1148 1840 1306 1895 offam,
1326 1859 1384 1888 ne
1406 1845 1739 1899 expectandum
1762 1844 1839 1896 sit,

208 1918 458 1962 afferantur
479 1933 638 1962 carnes
659 1920 731 1964 vel
755 1919 901 1975 pisces
924 1920 996 1963 vel
1017 1934 1106 1962 oua
1123 1919 1168 1962 in
1190 1920 1332 1972 disco,
1357 1935 1492 1976 quem
1526 1921 1840 1976 vnusquisque

138 2022 140 2025 -
205 2001 314 2038 ante
337 1995 589 2038 orbiculum
612 2003 797 2048 statuet,
822 2003 1102 2052 acceptoque
1123 2011 1180 2040 ex
1201 2011 1256 2041 eo
1278 1997 1397 2049 cibo,
1422 2012 1477 2041 eo
1499 1999 1622 2053 quod
1650 2013 1841 2054 supere-

206 2069 266 2114 rit
286 2071 334 2115 in
354 2071 534 2114 discum
557 2072 770 2128 reposito,
795 2073 971 2115 discum
997 2073 1200 2117 orbiculo
1223 2075 1471 2130 cooperiet«,
1493 2082 1539 2119 et
1557 2075 1842 2131 promouebit

205 2149 264 2191 ad
286 2147 418 2192 aliam
440 2163 626 2193 mensae
647 2157 837 2205 partem.

297 2226 420 2268 Vasa
440 2225 540 2268 vini*
555 2225 645 2268 sint
673 2226 958 2270 mediocriter
990 2226 1196 2282 grandia,
1232 2236 1280 2269 vt
1310 2227 1468 2271 vinum
1498 2228 1695 2284 capiant,
1722 2230 1843 2284 quod

207 2301 354 2344 tribus
374 2302 431 2345 ad
454 2301 688 2344 minimum
713 2303 821 2345 satis
843 2302 901 2346 sit
917 2304 975 2346 ad
997 2318 1132 2346 vnam
1155 2304 1465 2357 refectionem,
1486 2321 1539 2350 ea
1562 2306 1668 2357 sint,
1690 2306 1726 2348 si
1746 2306 1841 2349 fieri

207 2378 368 2434 possit,
393 2394 448 2422 ex
471 2387 649 2422 stanno.

294 2455 414 2498 Vasa
435 2469 580 2510 aquae
602 2455 693 2498 sint
715 2456 837 2499 intus
858 2466 904 2500 et
925 2458 1034 2500 foris
1055 2458 1252 2512 vitriata,
1278 2459 1419 2502 ciathi
1442 2475 1550 2502 vero
1573 2459 1670 2504 eius
1700 2474 1831 2515 capa-

206 2531 370 2583 citatis,
386 2546 478 2588 quo
495 2532 605 2575 satis
621 2532 679 2575 sit
697 2540 745 2575 vt
758 2533 859 2588 quis
876 2533 1100 2578 ordinarie
1117 2537 1256 2580 semel
1275 2536 1415 2589 bibat,
1437 2551 1520 2579 nec
1539 2537 1593 2578 ad
1613 2550 1838 2578 summum

203 2608 460 2664 implendus
480 2609 539 2652 sit
560 2611 756 2665 cyathus
780 2609 812 2652 b.

292 2678 380 2731 643
400 2685 474 2728 Ad
494 2688 762 2742 apponenda
784 2703 892 2731 vasa
914 2688 1009 2730 vini
1031 2696 1077 2732 et
1098 2704 1243 2744 aquae
1266 2691 1375 2734 fiant
1407 2691 1589 2745 quidam
1621 2700 1835 2744 tanquam

203 2761 397 2805 orbiculi
419 2778 475 2807 ex
496 2763 639 2819 ligno,
665 2764 727 2807 ita
748 2765 973 2817 excauati,
1000 2773 1049 2808 vt
1071 2767 1203 2810 bases
1225 2782 1435 2810 vasorum
1459 2782 1620 2821 capere
1643 2765 1831 2821 possint:

199 2838 239 2881 si
261 2839 324 2882 ita
345 2839 443 2886 fieri
465 2854 555 2883 non
577 2849 745 2896 posset,
769 2841 960 2885 tabellae
979 2842 1097 2886 idem
1118 2844 1211 2888 fere
1230 2845 1541 2900 praestabunt.
1564 2844 1836 2898 Apponatur

268 2961 285 2977 a
333 2949 356 2985 3
374 2952 493 2987 verba
512 2953 786 2999 praecedentia
804 2954 880 2989 alia
900 2965 1015 2990 manu
1035 2962 1191 2990 exarata
1206 2964 1309 2991 sunt.
1366 2958 1428 2980 *b
1456 2955 1478 2988 ὁ
1497 2956 1565 2990 ult,
1586 2956 1703 2990 verba
1725 2954 1836 2990 addi-

199 3013 238 3043 ta
255 3010 464 3055 posterius.
