<?xml version="1.0" encoding="UTF-8"?>
<!DOCTYPE html PUBLIC "-//W3C//DTD XHTML 1.0 Transitional//EN"
    "http://www.w3.org/TR/xhtml1/DTD/xhtml1-transitional.dtd">
<html xmlns="http://www.w3.org/1999/xhtml" xml:lang="en" lang="en">
 <head>
  <title>
</title>
<meta http-equiv="Content-Type" content="text/html;charset=utf-8" />
  <meta name='ocr-system' content='tesseract 3.04.00' />
  <meta name='ocr-capabilities' content='ocr_page ocr_carea ocr_par ocr_line ocrx_word'/>
</head>
<body>
  <div class='ocr_page' id='page_1' title='image "./epistolaephieron04nadauoft_0043.png"; bbox 0 0 2098 3470; ppageno 0'>
   <div class='ocr_carea' id='block_1_1' title="bbox 0 2418 35 3470">
    <p class='ocr_par' dir='ltr' id='par_1_1' title="bbox 0 2418 35 3470">
     <span class='ocr_line' id='line_1_1' title="bbox 0 2418 35 3470; baseline 0 0"><span class='ocrx_word' id='word_1_1' title='bbox 0 2418 35 3470; x_wconf 95' lang='lat' dir='ltr'> </span> 
     </span>
    </p>
   </div>
   <div class='ocr_carea' id='block_1_2' title="bbox 0 148 69 728">
    <p class='ocr_par' dir='ltr' id='par_1_2' title="bbox 0 148 49 223">
     <span class='ocr_line' id='line_1_2' title="bbox 0 148 49 207; baseline 0 0"><span class='ocrx_word' id='word_1_2' title='bbox 0 148 25 207; x_wconf 21' lang='grc' dir='ltr'>ἑ.</span> <span class='ocrx_word' id='word_1_3' title='bbox 44 155 49 160; x_wconf 68' lang='grc'><strong>’</strong></span> 
     </span>
     <span class='ocr_line' id='line_1_3' title="bbox 0 212 23 223; baseline 0.043 -1"><span class='ocrx_word' id='word_1_4' title='bbox 0 212 23 223; x_wconf 12' lang='grc' dir='ltr'>,γ</span> 
     </span>
    </p>

    <p class='ocr_par' dir='ltr' id='par_1_3' title="bbox 0 222 25 329">
     <span class='ocr_line' id='line_1_4' title="bbox 0 222 24 299; baseline 0 -5"><span class='ocrx_word' id='word_1_5' title='bbox 0 222 24 299; x_wconf 95' lang='grc' dir='ltr'>Ξ</span> 
     </span>
     <span class='ocr_line' id='line_1_5' title="bbox 0 308 25 329; baseline 0 0"><span class='ocrx_word' id='word_1_6' title='bbox 0 308 25 329; x_wconf 42' lang='grc' dir='ltr'>Ν.</span> 
     </span>
    </p>

    <p class='ocr_par' dir='ltr' id='par_1_4' title="bbox 0 333 20 386">
     <span class='ocr_line' id='line_1_6' title="bbox 0 333 20 386; baseline 0 0"><span class='ocrx_word' id='word_1_7' title='bbox 0 333 20 386; x_wconf 57' lang='grc'><strong>3</strong></span> 
     </span>
    </p>

    <p class='ocr_par' dir='ltr' id='par_1_5' title="bbox 0 383 24 442">
     <span class='ocr_line' id='line_1_7' title="bbox 0 383 24 442; baseline 0 0"><span class='ocrx_word' id='word_1_8' title='bbox 0 383 24 442; x_wconf 46' lang='lat' dir='ltr'>{T-</span> 
     </span>
    </p>

    <p class='ocr_par' dir='ltr' id='par_1_6' title="bbox 0 522 69 728">
     <span class='ocr_line' id='line_1_8' title="bbox 0 522 69 555; baseline -0.043 -22"><span class='ocrx_word' id='word_1_9' title='bbox 0 522 22 555; x_wconf 55' lang='lat'>,4</span> <span class='ocrx_word' id='word_1_10' title='bbox 63 526 69 530; x_wconf 89' lang='lat'>.</span> 
     </span>
     <span class='ocr_line' id='line_1_9' title="bbox 0 547 21 704; baseline 0 -33"><span class='ocrx_word' id='word_1_11' title='bbox 0 547 21 704; x_wconf 62' lang='grc' dir='ltr'><strong><em>ξ</em></strong></span> 
     </span>
     <span class='ocr_line' id='line_1_10' title="bbox 0 714 6 728; baseline 0 0"><span class='ocrx_word' id='word_1_12' title='bbox 0 714 6 728; x_wconf 76' lang='grc' dir='ltr'>Ι</span> 
     </span>
    </p>
   </div>
   <div class='ocr_carea' id='block_1_3' title="bbox 0 0 560 144">
    <p class='ocr_par' dir='ltr' id='par_1_7' title="bbox 0 0 560 144">
     <span class='ocr_line' id='line_1_11' title="bbox 0 0 560 144; baseline 0 3326"><span class='ocrx_word' id='word_1_13' title='bbox 0 0 560 144; x_wconf 95' lang='lat' dir='ltr'> </span> 
     </span>
    </p>
   </div>
   <div class='ocr_carea' id='block_1_4' title="bbox 805 294 1768 339">
    <p class='ocr_par' dir='ltr' id='par_1_8' title="bbox 805 294 1768 339">
     <span class='ocr_line' id='line_1_12' title="bbox 805 294 1768 339; baseline -0.001 -9"><span class='ocrx_word' id='word_1_14' title='bbox 805 294 984 331; x_wconf 74' lang='grc' dir='ltr'>ΝοτιτιΑ</span> <span class='ocrx_word' id='word_1_15' title='bbox 1009 301 1201 332; x_wconf 68' lang='lat' dir='ltr'>comem(</span> <span class='ocrx_word' id='word_1_16' title='bbox 1726 303 1768 339; x_wconf 94' lang='lat'>17</span> 
     </span>
    </p>
   </div>
   <div class='ocr_carea' id='block_1_5' title="bbox 184 395 1812 446">
    <p class='ocr_par' dir='ltr' id='par_1_9' title="bbox 184 395 1812 446">
     <span class='ocr_line' id='line_1_13' title="bbox 184 395 1812 446; baseline -0.001 -11"><span class='ocrx_word' id='word_1_17' title='bbox 184 403 366 436; x_wconf 86' lang='lat' dir='ltr'>mentum</span> <span class='ocrx_word' id='word_1_18' title='bbox 404 398 647 436; x_wconf 85' lang='lat' dir='ltr'>continetur.</span> <span class='ocrx_word' id='word_1_19' title='bbox 681 396 782 437; x_wconf 92' lang='lat' dir='ltr'>Inc.:</span> <span class='ocrx_word' id='word_1_20' title='bbox 818 407 881 437; x_wconf 80' lang='grc' dir='ltr'>«Ι.</span> <span class='ocrx_word' id='word_1_21' title='bbox 913 395 1078 446; x_wconf 88' lang='lat' dir='ltr'>Cogitet</span> <span class='ocrx_word' id='word_1_22' title='bbox 1109 408 1157 434; x_wconf 88' lang='lat' dir='ltr'>ac</span> <span class='ocrx_word' id='word_1_23' title='bbox 1183 402 1322 446; x_wconf 85' lang='lat' dir='ltr'><strong>speret</strong></span> <span class='ocrx_word' id='word_1_24' title='bbox 1354 397 1394 434; x_wconf 93' lang='lat' dir='ltr'>in</span> <span class='ocrx_word' id='word_1_25' title='bbox 1428 397 1670 435; x_wconf 79' lang='lat' dir='ltr'>Domino...»</span> <span class='ocrx_word' id='word_1_26' title='bbox 1702 398 1812 435; x_wconf 86' lang='lat' dir='ltr'>Des.:</span> 
     </span>
    </p>
   </div>
   <div class='ocr_carea' id='block_1_6' title="bbox 134 467 1814 521">
    <p class='ocr_par' dir='ltr' id='par_1_10' title="bbox 134 467 1814 521">
     <span class='ocr_line' id='line_1_14' title="bbox 134 467 1814 521; baseline -0.001 -13"><span class='ocrx_word' id='word_1_27' title='bbox 134 474 138 479; x_wconf 83' lang='lat'><strong><em>&#39;</em></strong></span> <span class='ocrx_word' id='word_1_28' title='bbox 160 520 165 521; x_wconf 39' lang='lat'>.</span> <span class='ocrx_word' id='word_1_29' title='bbox 187 469 276 513; x_wconf 80' lang='lat'>«8...</span> <span class='ocrx_word' id='word_1_30' title='bbox 296 474 342 507; x_wconf 92' lang='lat' dir='ltr'>ut</span> <span class='ocrx_word' id='word_1_31' title='bbox 365 469 477 509; x_wconf 84' lang='lat' dir='ltr'>solus</span> <span class='ocrx_word' id='word_1_32' title='bbox 503 480 595 507; x_wconf 89' lang='lat' dir='ltr'>eam</span> <span class='ocrx_word' id='word_1_33' title='bbox 613 468 764 506; x_wconf 90' lang='lat' dir='ltr'>debeat</span> <span class='ocrx_word' id='word_1_34' title='bbox 791 473 1090 518; x_wconf 78' lang='lat' dir='ltr'>agere.»——3.¹¹³</span> <span class='ocrx_word' id='word_1_35' title='bbox 1113 467 1247 506; x_wconf 81' lang='lat' dir='ltr'>«Vsus</span> <span class='ocrx_word' id='word_1_36' title='bbox 1267 468 1389 506; x_wconf 88' lang='lat' dir='ltr'>officii</span> <span class='ocrx_word' id='word_1_37' title='bbox 1414 469 1619 506; x_wconf 78' lang='lat' dir='ltr'>ministri.»</span> <span class='ocrx_word' id='word_1_38' title='bbox 1648 468 1814 517; x_wconf 78' lang='lat' dir='ltr'>Septem</span> 
     </span>
    </p>
   </div>
   <div class='ocr_carea' id='block_1_7' title="bbox 180 539 1814 946">
    <p class='ocr_par' dir='ltr' id='par_1_11' title="bbox 180 539 1814 946">
     <span class='ocr_line' id='line_1_15' title="bbox 182 539 1812 591; baseline -0.001 -13"><span class='ocrx_word' id='word_1_39' title='bbox 182 540 345 591; x_wconf 82' lang='lat' dir='ltr'>regulas</span> <span class='ocrx_word' id='word_1_40' title='bbox 364 541 526 578; x_wconf 89' lang='lat' dir='ltr'>duabus</span> <span class='ocrx_word' id='word_1_41' title='bbox 545 541 585 578; x_wconf 91' lang='lat' dir='ltr'>in</span> <span class='ocrx_word' id='word_1_42' title='bbox 604 540 763 590; x_wconf 85' lang='lat' dir='ltr'>paginis</span> <span class='ocrx_word' id='word_1_43' title='bbox 782 539 919 586; x_wconf 91' lang='lat' dir='ltr'>habet,</span> <span class='ocrx_word' id='word_1_44' title='bbox 944 551 1111 588; x_wconf 89' lang='lat' dir='ltr'>prorsus</span> <span class='ocrx_word' id='word_1_45' title='bbox 1131 539 1314 577; x_wconf 87' lang='lat' dir='ltr'>diversas</span> <span class='ocrx_word' id='word_1_46' title='bbox 1333 539 1386 576; x_wconf 88' lang='lat' dir='ltr'>ab</span> <span class='ocrx_word' id='word_1_47' title='bbox 1413 539 1472 585; x_wconf 90' lang='lat' dir='ltr'>iis,</span> <span class='ocrx_word' id='word_1_48' title='bbox 1494 551 1600 587; x_wconf 91' lang='lat' dir='ltr'>quae</span> <span class='ocrx_word' id='word_1_49' title='bbox 1626 540 1666 576; x_wconf 91' lang='lat' dir='ltr'>in</span> <span class='ocrx_word' id='word_1_50' title='bbox 1696 540 1812 576; x_wconf 88' lang='lat' dir='ltr'>Insti-</span> 
     </span>
     <span class='ocr_line' id='line_1_16' title="bbox 180 610 1812 660; baseline -0.002 -9"><span class='ocrx_word' id='word_1_51' title='bbox 180 617 270 657; x_wconf 84' lang='lat' dir='ltr'>tuto</span> <span class='ocrx_word' id='word_1_52' title='bbox 294 611 335 650; x_wconf 93' lang='lat' dir='ltr'>S.</span> <span class='ocrx_word' id='word_1_53' title='bbox 351 611 385 660; x_wconf 88' lang='lat' dir='ltr'>J.</span> <span class='ocrx_word' id='word_1_54' title='bbox 411 612 675 660; x_wconf 87' lang='lat' dir='ltr'>reperiuntur.</span> <span class='ocrx_word' id='word_1_55' title='bbox 701 611 798 649; x_wconf 89' lang='lat' dir='ltr'>Inc.:</span> <span class='ocrx_word' id='word_1_56' title='bbox 822 611 876 648; x_wconf 78' lang='grc' dir='ltr'>«Ι.</span> <span class='ocrx_word' id='word_1_57' title='bbox 896 610 1080 648; x_wconf 87' lang='lat' dir='ltr'>Minister</span> <span class='ocrx_word' id='word_1_58' title='bbox 1099 611 1200 648; x_wconf 91' lang='lat' dir='ltr'>sciat</span> <span class='ocrx_word' id='word_1_59' title='bbox 1226 622 1270 648; x_wconf 92' lang='lat' dir='ltr'>se</span> <span class='ocrx_word' id='word_1_60' title='bbox 1290 622 1382 647; x_wconf 90' lang='lat' dir='ltr'>esse</span> <span class='ocrx_word' id='word_1_61' title='bbox 1402 611 1714 648; x_wconf 82' lang='lat' dir='ltr'>instrumentum</span> <span class='ocrx_word' id='word_1_62' title='bbox 1739 611 1812 647; x_wconf 94' lang='lat' dir='ltr'>im-</span> 
     </span>
     <span class='ocr_line' id='line_1_17' title="bbox 182 681 1813 730; baseline -0.001 -10"><span class='ocrx_word' id='word_1_63' title='bbox 182 683 405 721; x_wconf 87' lang='lat' dir='ltr'>mediatum</span> <span class='ocrx_word' id='word_1_64' title='bbox 423 683 654 720; x_wconf 75' lang='lat' dir='ltr'>rectoris...»</span> <span class='ocrx_word' id='word_1_65' title='bbox 676 682 786 720; x_wconf 91' lang='lat' dir='ltr'>Des.:</span> <span class='ocrx_word' id='word_1_66' title='bbox 811 682 1140 720; x_wconf 61' lang='lat' dir='ltr'>«mreferendum</span> <span class='ocrx_word' id='word_1_67' title='bbox 1160 681 1212 719; x_wconf 92' lang='lat' dir='ltr'>ad</span> <span class='ocrx_word' id='word_1_68' title='bbox 1233 682 1497 730; x_wconf 87' lang='lat' dir='ltr'>superiorem,</span> <span class='ocrx_word' id='word_1_69' title='bbox 1514 681 1554 718; x_wconf 93' lang='lat' dir='ltr'>id</span> <span class='ocrx_word' id='word_1_70' title='bbox 1569 681 1701 719; x_wconf 57' lang='lat' dir='ltr'>‘libere</span> <span class='ocrx_word' id='word_1_71' title='bbox 1722 687 1813 730; x_wconf 86' lang='lat' dir='ltr'>pot-</span> 
     </span>
     <span class='ocr_line' id='line_1_18' title="bbox 182 752 1814 803; baseline -0.002 -11"><span class='ocrx_word' id='word_1_72' title='bbox 182 759 335 792; x_wconf 82' lang='lat' dir='ltr'>erunt.»</span> <span class='ocrx_word' id='word_1_73' title='bbox 347 760 473 801; x_wconf 71' lang='lat'>-4128</span> <span class='ocrx_word' id='word_1_74' title='bbox 495 753 628 792; x_wconf 79' lang='lat' dir='ltr'>«Vsus</span> <span class='ocrx_word' id='word_1_75' title='bbox 654 753 776 791; x_wconf 90' lang='lat' dir='ltr'>officii</span> <span class='ocrx_word' id='word_1_76' title='bbox 802 752 1088 792; x_wconf 73' lang='lat' dir='ltr'>subministri.»</span> <span class='ocrx_word' id='word_1_77' title='bbox 1126 763 1174 791; x_wconf 93' lang='lat'>10</span> <span class='ocrx_word' id='word_1_78' title='bbox 1198 753 1360 803; x_wconf 89' lang='lat' dir='ltr'>regulas</span> <span class='ocrx_word' id='word_1_79' title='bbox 1386 754 1427 790; x_wconf 89' lang='lat' dir='ltr'>in</span> <span class='ocrx_word' id='word_1_80' title='bbox 1461 753 1623 791; x_wconf 87' lang='lat' dir='ltr'>duabus</span> <span class='ocrx_word' id='word_1_81' title='bbox 1656 754 1814 802; x_wconf 81' lang='lat' dir='ltr'>paginis</span> 
     </span>
     <span class='ocr_line' id='line_1_19' title="bbox 183 824 1814 874; baseline -0.001 -11"><span class='ocrx_word' id='word_1_82' title='bbox 183 825 503 874; x_wconf 85' lang='lat' dir='ltr'>comprehendit.</span> <span class='ocrx_word' id='word_1_83' title='bbox 535 825 632 863; x_wconf 88' lang='lat' dir='ltr'>Inc.:</span> <span class='ocrx_word' id='word_1_84' title='bbox 661 825 715 863; x_wconf 80' lang='grc' dir='ltr'>«Ι.</span> <span class='ocrx_word' id='word_1_85' title='bbox 749 824 1018 863; x_wconf 89' lang='lat' dir='ltr'>Subminister</span> <span class='ocrx_word' id='word_1_86' title='bbox 1050 830 1267 874; x_wconf 90' lang='lat' dir='ltr'>propterea</span> <span class='ocrx_word' id='word_1_87' title='bbox 1300 830 1426 862; x_wconf 84' lang='lat' dir='ltr'>est...»</span> <span class='ocrx_word' id='word_1_88' title='bbox 1457 824 1568 862; x_wconf 91' lang='lat' dir='ltr'>Des.:</span> <span class='ocrx_word' id='word_1_89' title='bbox 1606 834 1719 862; x_wconf 78' lang='lat'>«10...</span> <span class='ocrx_word' id='word_1_90' title='bbox 1755 825 1814 861; x_wconf 88' lang='lat' dir='ltr'>di-</span> 
     </span>
     <span class='ocr_line' id='line_1_20' title="bbox 182 888 1813 946; baseline -0.001 -12"><span class='ocrx_word' id='word_1_91' title='bbox 182 901 293 935; x_wconf 91' lang='lat' dir='ltr'>ctum</span> <span class='ocrx_word' id='word_1_92' title='bbox 311 897 352 934; x_wconf 92' lang='lat' dir='ltr'>in</span> <span class='ocrx_word' id='word_1_93' title='bbox 372 897 459 934; x_wconf 90' lang='lat' dir='ltr'>eius</span> <span class='ocrx_word' id='word_1_94' title='bbox 478 896 652 934; x_wconf 80' lang='lat' dir='ltr'>officio.»</span> <span class='ocrx_word' id='word_1_95' title='bbox 674 896 944 934; x_wconf 88' lang='lat' dir='ltr'>Undecimam</span> <span class='ocrx_word' id='word_1_96' title='bbox 961 897 1144 946; x_wconf 89' lang='lat' dir='ltr'>regulam</span> <span class='ocrx_word' id='word_1_97' title='bbox 1163 888 1379 934; x_wconf 82' lang='lat' dir='ltr'>addiderat</span> <span class='ocrx_word' id='word_1_98' title='bbox 1403 896 1564 944; x_wconf 90' lang='lat' dir='ltr'>propria</span> <span class='ocrx_word' id='word_1_99' title='bbox 1586 907 1709 932; x_wconf 87' lang='lat' dir='ltr'>manu</span> <span class='ocrx_word' id='word_1_100' title='bbox 1731 895 1813 932; x_wconf 81' lang='lat' dir='ltr'>Na-</span> 
     </span>
    </p>
   </div>
   <div class='ocr_carea' id='block_1_8' title="bbox 167 967 1813 1017">
    <p class='ocr_par' dir='ltr' id='par_1_12' title="bbox 167 967 1813 1017">
     <span class='ocr_line' id='line_1_21' title="bbox 167 967 1813 1017; baseline 0 -13"><span class='ocrx_word' id='word_1_101' title='bbox 167 968 286 1013; x_wconf 60' lang='lat' dir='ltr'>⁴talis,</span> <span class='ocrx_word' id='word_1_102' title='bbox 305 967 378 1005; x_wconf 90' lang='lat' dir='ltr'>sed</span> <span class='ocrx_word' id='word_1_103' title='bbox 393 973 538 1016; x_wconf 90' lang='lat' dir='ltr'>postea</span> <span class='ocrx_word' id='word_1_104' title='bbox 557 979 648 1005; x_wconf 89' lang='lat' dir='ltr'>eam</span> <span class='ocrx_word' id='word_1_105' title='bbox 667 967 831 1008; x_wconf 87' lang='lat' dir='ltr'>delevit.</span> <span class='ocrx_word' id='word_1_106' title='bbox 854 967 947 1005; x_wconf 90' lang='lat' dir='ltr'>Hae</span> <span class='ocrx_word' id='word_1_107' title='bbox 965 967 1131 1017; x_wconf 88' lang='lat' dir='ltr'>regulae</span> <span class='ocrx_word' id='word_1_108' title='bbox 1150 979 1307 1014; x_wconf 89' lang='lat' dir='ltr'>omnes,</span> <span class='ocrx_word' id='word_1_109' title='bbox 1328 967 1404 1004; x_wconf 90' lang='lat' dir='ltr'>sub</span> <span class='ocrx_word' id='word_1_110' title='bbox 1425 967 1537 1004; x_wconf 90' lang='lat' dir='ltr'>hisce</span> <span class='ocrx_word' id='word_1_111' title='bbox 1556 978 1583 1014; x_wconf 89' lang='lat'><strong>4</strong></span> <span class='ocrx_word' id='word_1_112' title='bbox 1599 967 1723 1004; x_wconf 90' lang='lat' dir='ltr'>titulis</span> <span class='ocrx_word' id='word_1_113' title='bbox 1743 979 1813 1015; x_wconf 90' lang='lat' dir='ltr'>po-</span> 
     </span>
    </p>
   </div>
   <div class='ocr_carea' id='block_1_9' title="bbox 179 1038 1818 2302">
    <p class='ocr_par' dir='ltr' id='par_1_13' title="bbox 183 1038 1815 1231">
     <span class='ocr_line' id='line_1_22' title="bbox 183 1038 1813 1088; baseline -0.001 -12"><span class='ocrx_word' id='word_1_114' title='bbox 183 1039 298 1085; x_wconf 87' lang='lat' dir='ltr'>sitae,</span> <span class='ocrx_word' id='word_1_115' title='bbox 317 1038 370 1076; x_wconf 88' lang='lat' dir='ltr'>ab</span> <span class='ocrx_word' id='word_1_116' title='bbox 403 1050 486 1076; x_wconf 90' lang='lat' dir='ltr'>uno</span> <span class='ocrx_word' id='word_1_117' title='bbox 516 1038 691 1085; x_wconf 91' lang='lat' dir='ltr'>librario,</span> <span class='ocrx_word' id='word_1_118' title='bbox 723 1038 843 1076; x_wconf 90' lang='lat' dir='ltr'>nobis</span> <span class='ocrx_word' id='word_1_119' title='bbox 871 1039 1039 1086; x_wconf 90' lang='lat' dir='ltr'>quidem</span> <span class='ocrx_word' id='word_1_120' title='bbox 1071 1039 1227 1088; x_wconf 87' lang='lat' dir='ltr'>ignoto,</span> <span class='ocrx_word' id='word_1_121' title='bbox 1254 1043 1460 1085; x_wconf 86' lang='lat' dir='ltr'>exaratae,</span> <span class='ocrx_word' id='word_1_122' title='bbox 1488 1038 1608 1075; x_wconf 86' lang='lat' dir='ltr'>variis</span> <span class='ocrx_word' id='word_1_123' title='bbox 1634 1049 1657 1075; x_wconf 93' lang='lat' dir='ltr'>a</span> <span class='ocrx_word' id='word_1_124' title='bbox 1683 1038 1813 1075; x_wconf 90' lang='lat' dir='ltr'>Natali</span> 
     </span>
     <span class='ocr_line' id='line_1_23' title="bbox 183 1109 1815 1160; baseline -0.001 -12"><span class='ocrx_word' id='word_1_125' title='bbox 183 1109 539 1148; x_wconf 87' lang='lat' dir='ltr'>emendationibus</span> <span class='ocrx_word' id='word_1_126' title='bbox 559 1110 780 1160; x_wconf 78' lang='lat' dir='ltr'>casu‘gatae</span> <span class='ocrx_word' id='word_1_127' title='bbox 800 1114 908 1149; x_wconf 89' lang='lat' dir='ltr'>sunt.</span> <span class='ocrx_word' id='word_1_128' title='bbox 932 1109 999 1147; x_wconf 87' lang='lat' dir='ltr'>Ex</span> <span class='ocrx_word' id='word_1_129' title='bbox 1018 1110 1066 1147; x_wconf 89' lang='lat' dir='ltr'>iis</span> <span class='ocrx_word' id='word_1_130' title='bbox 1085 1110 1222 1158; x_wconf 92' lang='lat' dir='ltr'>plures</span> <span class='ocrx_word' id='word_1_131' title='bbox 1240 1110 1293 1147; x_wconf 90' lang='lat' dir='ltr'>ad</span> <span class='ocrx_word' id='word_1_132' title='bbox 1314 1110 1440 1147; x_wconf 88' lang='lat' dir='ltr'>nostri</span> <span class='ocrx_word' id='word_1_133' title='bbox 1461 1109 1636 1146; x_wconf 89' lang='lat' dir='ltr'>Instituti</span> <span class='ocrx_word' id='word_1_134' title='bbox 1654 1110 1815 1158; x_wconf 85' lang='lat' dir='ltr'>regulas</span> 
     </span>
     <span class='ocr_line' id='line_1_24' title="bbox 184 1181 1489 1231; baseline -0.001 -12"><span class='ocrx_word' id='word_1_135' title='bbox 184 1185 414 1230; x_wconf 60' lang='lat' dir='ltr'>cooptatae,</span> <span class='ocrx_word' id='word_1_136' title='bbox 433 1181 526 1218; x_wconf 91' lang='lat' dir='ltr'>licet</span> <span class='ocrx_word' id='word_1_137' title='bbox 545 1181 707 1219; x_wconf 90' lang='lat' dir='ltr'>diverso</span> <span class='ocrx_word' id='word_1_138' title='bbox 726 1181 852 1219; x_wconf 92' lang='lat' dir='ltr'>modo</span> <span class='ocrx_word' id='word_1_139' title='bbox 874 1186 915 1219; x_wconf 91' lang='lat' dir='ltr'>et</span> <span class='ocrx_word' id='word_1_140' title='bbox 934 1181 1077 1219; x_wconf 87' lang='lat' dir='ltr'>ordine</span> <span class='ocrx_word' id='word_1_141' title='bbox 1098 1181 1295 1231; x_wconf 86' lang='lat' dir='ltr'>digestae,</span> <span class='ocrx_word' id='word_1_142' title='bbox 1315 1181 1489 1219; x_wconf 89' lang='lat' dir='ltr'>fuerunt.</span> 
     </span>
    </p>

    <p class='ocr_par' dir='ltr' id='par_1_14' title="bbox 179 1251 1818 2229">
     <span class='ocr_line' id='line_1_25' title="bbox 258 1251 1814 1301; baseline -0.001 -11"><span class='ocrx_word' id='word_1_143' title='bbox 258 1258 317 1299; x_wconf 84' lang='lat'>15.</span> <span class='ocrx_word' id='word_1_144' title='bbox 374 1251 702 1301; x_wconf 81' lang='lat' dir='ltr'>«compendium</span> <span class='ocrx_word' id='word_1_145' title='bbox 726 1252 1001 1291; x_wconf 89' lang='lat' dir='ltr'>instructionis</span> <span class='ocrx_word' id='word_1_146' title='bbox 1022 1264 1096 1301; x_wconf 89' lang='lat' dir='ltr'>pro</span> <span class='ocrx_word' id='word_1_147' title='bbox 1122 1253 1183 1299; x_wconf 85' lang='lat' dir='ltr'>iis,</span> <span class='ocrx_word' id='word_1_148' title='bbox 1213 1253 1282 1300; x_wconf 93' lang='lat' dir='ltr'>qui</span> <span class='ocrx_word' id='word_1_149' title='bbox 1307 1257 1537 1300; x_wconf 75' lang='lat' dir='ltr'>praesunt.»</span> <span class='ocrx_word' id='word_1_150' title='bbox 1566 1252 1668 1290; x_wconf 90' lang='lat' dir='ltr'>Sunt</span> <span class='ocrx_word' id='word_1_151' title='bbox 1693 1264 1814 1300; x_wconf 87' lang='lat' dir='ltr'>quae·</span> 
     </span>
     <span class='ocr_line' id='line_1_26' title="bbox 183 1309 1818 1373; baseline 0 -13"><span class='ocrx_word' id='word_1_152' title='bbox 183 1309 279 1360; x_wconf 87' lang='lat' dir='ltr'>dam</span> <span class='ocrx_word' id='word_1_153' title='bbox 298 1323 464 1369; x_wconf 89' lang='lat' dir='ltr'>monita,</span> <span class='ocrx_word' id='word_1_154' title='bbox 490 1323 766 1371; x_wconf 90' lang='lat' dir='ltr'>superioribus</span> <span class='ocrx_word' id='word_1_155' title='bbox 791 1323 912 1361; x_wconf 89' lang='lat' dir='ltr'>valde</span> <span class='ocrx_word' id='word_1_156' title='bbox 937 1323 1047 1361; x_wconf 88' lang='lat' dir='ltr'>utilia</span> <span class='ocrx_word' id='word_1_157' title='bbox 1067 1323 1120 1361; x_wconf 90' lang='lat' dir='ltr'>ad</span> <span class='ocrx_word' id='word_1_158' title='bbox 1149 1329 1260 1361; x_wconf 90' lang='lat' dir='ltr'>recte</span> <span class='ocrx_word' id='word_1_159' title='bbox 1285 1323 1610 1373; x_wconf 88' lang='lat' dir='ltr'>gubernandum.</span> <span class='ocrx_word' id='word_1_160' title='bbox 1633 1323 1818 1372; x_wconf 81' lang='lat' dir='ltr'>Quatuor</span> 
     </span>
     <span class='ocr_line' id='line_1_27' title="bbox 183 1393 1816 1443; baseline 0 -12"><span class='ocrx_word' id='word_1_161' title='bbox 183 1394 288 1432; x_wconf 88' lang='lat' dir='ltr'>foliis</span> <span class='ocrx_word' id='word_1_162' title='bbox 307 1394 566 1432; x_wconf 90' lang='lat' dir='ltr'>continentur</span> <span class='ocrx_word' id='word_1_163' title='bbox 592 1394 668 1432; x_wconf 93' lang='lat' dir='ltr'>sub</span> <span class='ocrx_word' id='word_1_164' title='bbox 689 1396 768 1432; x_wconf 87' lang='lat' dir='ltr'>hoc</span> <span class='ocrx_word' id='word_1_165' title='bbox 793 1395 921 1432; x_wconf 84' lang='lat' dir='ltr'>titulo:</span> <span class='ocrx_word' id='word_1_166' title='bbox 955 1393 1282 1443; x_wconf 79' lang='lat' dir='ltr'>«compendium</span> <span class='ocrx_word' id='word_1_167' title='bbox 1307 1395 1596 1440; x_wconf 86' lang='lat' dir='ltr'>instructionis,</span> <span class='ocrx_word' id='word_1_168' title='bbox 1622 1406 1726 1442; x_wconf 89' lang='lat' dir='ltr'>quae</span> <span class='ocrx_word' id='word_1_169' title='bbox 1758 1394 1816 1437; x_wconf 81' lang='lat' dir='ltr'>iis,</span> 
     </span>
     <span class='ocr_line' id='line_1_28' title="bbox 183 1462 1816 1516; baseline -0.001 -13"><span class='ocrx_word' id='word_1_170' title='bbox 183 1465 254 1514; x_wconf 90' lang='lat' dir='ltr'>qui</span> <span class='ocrx_word' id='word_1_171' title='bbox 270 1470 477 1514; x_wconf 88' lang='lat' dir='ltr'>praesunt,</span> <span class='ocrx_word' id='word_1_172' title='bbox 497 1465 592 1503; x_wconf 89' lang='lat' dir='ltr'>data</span> <span class='ocrx_word' id='word_1_173' title='bbox 612 1471 674 1503; x_wconf 90' lang='lat' dir='ltr'>est</span> <span class='ocrx_word' id='word_1_174' title='bbox 693 1466 746 1503; x_wconf 90' lang='lat' dir='ltr'>de</span> <span class='ocrx_word' id='word_1_175' title='bbox 765 1477 816 1504; x_wconf 89' lang='lat' dir='ltr'>eo</span> <span class='ocrx_word' id='word_1_176' title='bbox 835 1462 1185 1514; x_wconf 77' lang='lat' dir='ltr'>quemadmodum</span> <span class='ocrx_word' id='word_1_177' title='bbox 1205 1477 1249 1503; x_wconf 91' lang='lat' dir='ltr'>se</span> <span class='ocrx_word' id='word_1_178' title='bbox 1269 1477 1411 1516; x_wconf 89' lang='lat' dir='ltr'>gerere</span> <span class='ocrx_word' id='word_1_179' title='bbox 1431 1465 1611 1503; x_wconf 89' lang='lat' dir='ltr'>debeant</span> <span class='ocrx_word' id='word_1_180' title='bbox 1630 1476 1726 1514; x_wconf 87' lang='lat' dir='ltr'>erga</span> <span class='ocrx_word' id='word_1_181' title='bbox 1746 1477 1816 1513; x_wconf 86' lang='lat' dir='ltr'>pa-</span> 
     </span>
     <span class='ocr_line' id='line_1_29' title="bbox 181 1536 1817 1588; baseline -0.001 -14"><span class='ocrx_word' id='word_1_182' title='bbox 181 1541 264 1574; x_wconf 91' lang='lat' dir='ltr'>tres</span> <span class='ocrx_word' id='word_1_183' title='bbox 282 1547 331 1574; x_wconf 91' lang='lat' dir='ltr'>ac</span> <span class='ocrx_word' id='word_1_184' title='bbox 347 1536 524 1575; x_wconf 80' lang='lat' dir='ltr'>fratres.»</span> <span class='ocrx_word' id='word_1_185' title='bbox 548 1537 779 1575; x_wconf 89' lang='lat' dir='ltr'>Nonnullae</span> <span class='ocrx_word' id='word_1_186' title='bbox 798 1538 1106 1576; x_wconf 89' lang='lat' dir='ltr'>emendationes</span> <span class='ocrx_word' id='word_1_187' title='bbox 1121 1538 1401 1588; x_wconf 88' lang='lat' dir='ltr'>autographae</span> <span class='ocrx_word' id='word_1_188' title='bbox 1420 1537 1463 1575; x_wconf 92' lang='lat' dir='ltr'>P.-</span> <span class='ocrx_word' id='word_1_189' title='bbox 1483 1537 1650 1575; x_wconf 89' lang='lat' dir='ltr'>Natalis.</span> <span class='ocrx_word' id='word_1_190' title='bbox 1671 1537 1817 1574; x_wconf 86' lang='lat' dir='ltr'>Manus</span> 
     </span>
     <span class='ocr_line' id='line_1_30' title="bbox 182 1607 1815 1658; baseline -0.001 -12"><span class='ocrx_word' id='word_1_191' title='bbox 182 1612 247 1646; x_wconf 86' lang='lat' dir='ltr'>est</span> <span class='ocrx_word' id='word_1_192' title='bbox 262 1608 448 1657; x_wconf 81' lang='lat' dir='ltr'>ejnsdem</span> <span class='ocrx_word' id='word_1_193' title='bbox 466 1608 628 1655; x_wconf 86' lang='lat' dir='ltr'>librarii,</span> <span class='ocrx_word' id='word_1_194' title='bbox 657 1610 727 1656; x_wconf 92' lang='lat' dir='ltr'>qui</span> <span class='ocrx_word' id='word_1_195' title='bbox 747 1609 906 1658; x_wconf 89' lang='lat' dir='ltr'>scripsit</span> <span class='ocrx_word' id='word_1_196' title='bbox 931 1614 1207 1656; x_wconf 88' lang='lat' dir='ltr'>monumenta,</span> <span class='ocrx_word' id='word_1_197' title='bbox 1228 1608 1305 1647; x_wconf 90' lang='lat' dir='ltr'>sub</span> <span class='ocrx_word' id='word_1_198' title='bbox 1325 1607 1503 1647; x_wconf 85' lang='lat' dir='ltr'>numeris</span> <span class='ocrx_word' id='word_1_199' title='bbox 1529 1618 1570 1655; x_wconf 82' lang='lat'>13</span> <span class='ocrx_word' id='word_1_200' title='bbox 1603 1614 1644 1646; x_wconf 88' lang='lat' dir='ltr'>et</span> <span class='ocrx_word' id='word_1_201' title='bbox 1679 1619 1724 1655; x_wconf 93' lang='lat'>14</span> <span class='ocrx_word' id='word_1_202' title='bbox 1753 1620 1815 1645; x_wconf 89' lang='lat' dir='ltr'>re—</span> 
     </span>
     <span class='ocr_line' id='line_1_31' title="bbox 182 1679 1815 1728; baseline 0 -12"><span class='ocrx_word' id='word_1_203' title='bbox 182 1679 329 1728; x_wconf 86' lang='lat' dir='ltr'>posita,</span> <span class='ocrx_word' id='word_1_204' title='bbox 347 1679 593 1727; x_wconf 89' lang='lat' dir='ltr'>quibuscum</span> <span class='ocrx_word' id='word_1_205' title='bbox 612 1681 714 1718; x_wconf 89' lang='lat' dir='ltr'>haec</span> <span class='ocrx_word' id='word_1_206' title='bbox 734 1681 775 1718; x_wconf 90' lang='lat' dir='ltr'>in</span> <span class='ocrx_word' id='word_1_207' title='bbox 794 1692 878 1718; x_wconf 95' lang='lat' dir='ltr'>uno</span> <span class='ocrx_word' id='word_1_208' title='bbox 898 1682 1165 1728; x_wconf 88' lang='lat' dir='ltr'>quaternione</span> <span class='ocrx_word' id='word_1_209' title='bbox 1185 1681 1303 1718; x_wconf 90' lang='lat' dir='ltr'>simul</span> <span class='ocrx_word' id='word_1_210' title='bbox 1323 1681 1494 1718; x_wconf 91' lang='lat' dir='ltr'>collecta</span> <span class='ocrx_word' id='word_1_211' title='bbox 1514 1680 1685 1726; x_wconf 87' lang='lat' dir='ltr'>fuerant,</span> <span class='ocrx_word' id='word_1_212' title='bbox 1705 1685 1815 1717; x_wconf 89' lang='lat' dir='ltr'>ante-</span> 
     </span>
     <span class='ocr_line' id='line_1_32' title="bbox 182 1722 1817 1801; baseline 0 -13"><span class='ocrx_word' id='word_1_213' title='bbox 182 1761 307 1798; x_wconf 83' lang='lat' dir='ltr'>quam</span> <span class='ocrx_word' id='word_1_214' title='bbox 325 1751 366 1788; x_wconf 91' lang='lat' dir='ltr'>in</span> <span class='ocrx_word' id='word_1_215' title='bbox 383 1751 580 1800; x_wconf 87' lang='lat' dir='ltr'>majorem</span> <span class='ocrx_word' id='word_1_216' title='bbox 599 1751 786 1790; x_wconf 92' lang='lat' dir='ltr'>codicem</span> <span class='ocrx_word' id='word_1_217' title='bbox 813 1752 1068 1799; x_wconf 89' lang='lat' dir='ltr'>referrentur,</span> <span class='ocrx_word' id='word_1_218' title='bbox 1088 1757 1129 1790; x_wconf 90' lang='lat' dir='ltr'>et</span> <span class='ocrx_word' id='word_1_219' title='bbox 1150 1722 1194 1790; x_wconf 62' lang='lat' dir='ltr'>1&#39;n</span> <span class='ocrx_word' id='word_1_220' title='bbox 1222 1752 1364 1790; x_wconf 89' lang='lat' dir='ltr'>ultimo</span> <span class='ocrx_word' id='word_1_221' title='bbox 1394 1753 1514 1801; x_wconf 86' lang='lat' dir='ltr'>hujus</span> <span class='ocrx_word' id='word_1_222' title='bbox 1539 1752 1817 1799; x_wconf 88' lang='lat' dir='ltr'>quaternionis</span> 
     </span>
     <span class='ocr_line' id='line_1_33' title="bbox 181 1821 1768 1874; baseline 0.002 -15"><span class='ocrx_word' id='word_1_223' title='bbox 181 1821 278 1859; x_wconf 85' lang='lat' dir='ltr'>folio</span> <span class='ocrx_word' id='word_1_224' title='bbox 297 1821 414 1868; x_wconf 91' lang='lat' dir='ltr'>haec,</span> <span class='ocrx_word' id='word_1_225' title='bbox 432 1822 587 1860; x_wconf 89' lang='lat' dir='ltr'>Natalis</span> <span class='ocrx_word' id='word_1_226' title='bbox 601 1834 738 1870; x_wconf 88' lang='lat' dir='ltr'>manu,</span> <span class='ocrx_word' id='word_1_227' title='bbox 758 1828 952 1861; x_wconf 89' lang='lat' dir='ltr'>annotata</span> <span class='ocrx_word' id='word_1_228' title='bbox 974 1823 1144 1862; x_wconf 83' lang='lat' dir='ltr'>fuerant:</span> <span class='ocrx_word' id='word_1_229' title='bbox 1181 1823 1388 1874; x_wconf 82' lang='lat' dir='ltr'>«Regulae</span> <span class='ocrx_word' id='word_1_230' title='bbox 1403 1829 1443 1861; x_wconf 94' lang='lat' dir='ltr'>et</span> <span class='ocrx_word' id='word_1_231' title='bbox 1477 1823 1552 1860; x_wconf 89' lang='lat' dir='ltr'>alia</span> <span class='ocrx_word' id='word_1_232' title='bbox 1572 1829 1632 1870; x_wconf 65' lang='grc' dir='ltr'>τῆς</span> <span class='ocrx_word' id='word_1_233' title='bbox 1655 1827 1768 1874; x_wconf 71' lang='grc' dir='ltr'>τρίτης</span> 
     </span>
     <span class='ocr_line' id='line_1_34' title="bbox 181 1881 1813 1945; baseline 0 -15"><span class='ocrx_word' id='word_1_234' title='bbox 181 1892 295 1941; x_wconf 90' lang='lat' dir='ltr'>quod</span> <span class='ocrx_word' id='word_1_235' title='bbox 314 1893 577 1943; x_wconf 90' lang='lat' dir='ltr'>probabiliter</span> <span class='ocrx_word' id='word_1_236' title='bbox 598 1894 650 1932; x_wconf 93' lang='lat' dir='ltr'>de</span> <span class='ocrx_word' id='word_1_237' title='bbox 671 1895 788 1932; x_wconf 87' lang='lat' dir='ltr'>tertia</span> <span class='ocrx_word' id='word_1_238' title='bbox 808 1895 963 1932; x_wconf 90' lang='lat' dir='ltr'>Natalis</span> <span class='ocrx_word' id='word_1_239' title='bbox 990 1896 1183 1933; x_wconf 90' lang='lat' dir='ltr'>missione</span> <span class='ocrx_word' id='word_1_240' title='bbox 1215 1895 1382 1945; x_wconf 86' lang='lat' dir='ltr'>intelligi</span> <span class='ocrx_word' id='word_1_241' title='bbox 1408 1895 1545 1940; x_wconf 89' lang='lat' dir='ltr'>debet,</span> <span class='ocrx_word' id='word_1_242' title='bbox 1571 1881 1736 1940; x_wconf 79' lang='lat' dir='ltr'>scilicet,</span> <span class='ocrx_word' id='word_1_243' title='bbox 1764 1906 1813 1930; x_wconf 86' lang='lat' dir='ltr'>eo</span> 
     </span>
     <span class='ocr_line' id='line_1_35' title="bbox 181 1965 1813 2015; baseline 0.001 -13"><span class='ocrx_word' id='word_1_244' title='bbox 181 1970 365 2013; x_wconf 88' lang='lat' dir='ltr'>tempore</span> <span class='ocrx_word' id='word_1_245' title='bbox 385 1965 491 2002; x_wconf 87' lang='lat' dir='ltr'>hanc</span> <span class='ocrx_word' id='word_1_246' title='bbox 511 1965 819 2003; x_wconf 79' lang='lat' dir='ltr'>instructionem</span> <span class='ocrx_word' id='word_1_247' title='bbox 845 1967 1114 2015; x_wconf 88' lang='lat' dir='ltr'>compositam</span> <span class='ocrx_word' id='word_1_248' title='bbox 1139 1967 1263 2004; x_wconf 86' lang='lat' dir='ltr'>fuisse</span> <span class='ocrx_word' id='word_1_249' title='bbox 1284 1973 1325 2004; x_wconf 90' lang='lat' dir='ltr'>et</span> <span class='ocrx_word' id='word_1_250' title='bbox 1348 1978 1430 2004; x_wconf 88' lang='lat' dir='ltr'>una</span> <span class='ocrx_word' id='word_1_251' title='bbox 1456 1978 1549 2003; x_wconf 89' lang='lat' dir='ltr'>cum</span> <span class='ocrx_word' id='word_1_252' title='bbox 1568 1966 1716 2015; x_wconf 85' lang='lat' dir='ltr'>regulis</span> <span class='ocrx_word' id='word_1_253' title='bbox 1737 1971 1813 2003; x_wconf 89' lang='lat' dir='ltr'>etc.</span> 
     </span>
     <span class='ocr_line' id='line_1_36' title="bbox 181 2035 1813 2086; baseline 0.001 -13"><span class='ocrx_word' id='word_1_254' title='bbox 181 2040 430 2073; x_wconf 87' lang='lat' dir='ltr'>asservatam</span> <span class='ocrx_word' id='word_1_255' title='bbox 461 2035 514 2073; x_wconf 91' lang='lat' dir='ltr'>ab</span> <span class='ocrx_word' id='word_1_256' title='bbox 547 2037 638 2085; x_wconf 91' lang='lat' dir='ltr'>ipso</span> <span class='ocrx_word' id='word_1_257' title='bbox 671 2037 714 2075; x_wconf 91' lang='lat' dir='ltr'>P.</span> <span class='ocrx_word' id='word_1_258' title='bbox 748 2037 893 2075; x_wconf 86' lang='lat' dir='ltr'>Natali.</span> <span class='ocrx_word' id='word_1_259' title='bbox 927 2037 1012 2075; x_wconf 92' lang='lat' dir='ltr'>Inc.</span> <span class='ocrx_word' id='word_1_260' title='bbox 1050 2037 1186 2076; x_wconf 77' lang='lat' dir='ltr'>«Gerit</span> <span class='ocrx_word' id='word_1_261' title='bbox 1218 2037 1366 2076; x_wconf 82' lang='lat' dir='ltr'>Christi</span> <span class='ocrx_word' id='word_1_262' title='bbox 1400 2049 1679 2086; x_wconf 88' lang='lat' dir='ltr'>personam...»</span> <span class='ocrx_word' id='word_1_263' title='bbox 1716 2036 1813 2074; x_wconf 87' lang='lat' dir='ltr'>Des.</span> 
     </span>
     <span class='ocr_line' id='line_1_37' title="bbox 181 2107 1811 2157; baseline 0.001 -14"><span class='ocrx_word' id='word_1_264' title='bbox 181 2111 339 2155; x_wconf 87' lang='lat' dir='ltr'>septem</span> <span class='ocrx_word' id='word_1_265' title='bbox 356 2107 555 2154; x_wconf 88' lang='lat' dir='ltr'>versibus,</span> <span class='ocrx_word' id='word_1_266' title='bbox 575 2108 628 2146; x_wconf 90' lang='lat' dir='ltr'>ab</span> <span class='ocrx_word' id='word_1_267' title='bbox 653 2109 744 2157; x_wconf 85' lang='lat' dir='ltr'>ipso</span> <span class='ocrx_word' id='word_1_268' title='bbox 774 2108 816 2147; x_wconf 92' lang='lat' dir='ltr'>P.</span> <span class='ocrx_word' id='word_1_269' title='bbox 837 2109 970 2146; x_wconf 84' lang='lat' dir='ltr'>Natali</span> <span class='ocrx_word' id='word_1_270' title='bbox 990 2109 1168 2147; x_wconf 89' lang='lat' dir='ltr'>exaratis</span> <span class='ocrx_word' id='word_1_271' title='bbox 1190 2115 1231 2147; x_wconf 91' lang='lat' dir='ltr'>et</span> <span class='ocrx_word' id='word_1_272' title='bbox 1258 2109 1407 2147; x_wconf 91' lang='lat' dir='ltr'>additis</span> <span class='ocrx_word' id='word_1_273' title='bbox 1435 2109 1487 2145; x_wconf 90' lang='lat' dir='ltr'>ad</span> <span class='ocrx_word' id='word_1_274' title='bbox 1517 2108 1683 2153; x_wconf 88' lang='lat' dir='ltr'>calcem,</span> <span class='ocrx_word' id='word_1_275' title='bbox 1709 2120 1811 2155; x_wconf 87' lang='lat' dir='ltr'>quo-</span> 
     </span>
     <span class='ocr_line' id='line_1_38' title="bbox 179 2174 1809 2229; baseline -0.001 -14"><span class='ocrx_word' id='word_1_276' title='bbox 179 2189 270 2223; x_wconf 82' lang='lat' dir='ltr'>rum</span> <span class='ocrx_word' id='word_1_277' title='bbox 286 2174 389 2216; x_wconf 86' lang='lat' dir='ltr'>haec</span> <span class='ocrx_word' id='word_1_278' title='bbox 409 2178 548 2216; x_wconf 88' lang='lat' dir='ltr'>ultima</span> <span class='ocrx_word' id='word_1_279' title='bbox 573 2184 668 2216; x_wconf 90' lang='lat' dir='ltr'>sunt</span> <span class='ocrx_word' id='word_1_280' title='bbox 694 2179 832 2217; x_wconf 88' lang='lat' dir='ltr'>verba:</span> <span class='ocrx_word' id='word_1_281' title='bbox 862 2195 924 2218; x_wconf 68' lang='grc' dir='ltr'><strong>ι...</strong></span> <span class='ocrx_word' id='word_1_282' title='bbox 934 2180 974 2217; x_wconf 89' lang='lat' dir='ltr'>in</span> <span class='ocrx_word' id='word_1_283' title='bbox 1001 2181 1267 2218; x_wconf 88' lang='lat' dir='ltr'>instructione</span> <span class='ocrx_word' id='word_1_284' title='bbox 1293 2180 1602 2229; x_wconf 86' lang='lat' dir='ltr'>prouincialium</span> <span class='ocrx_word' id='word_1_285' title='bbox 1628 2179 1809 2216; x_wconf 85' lang='lat' dir='ltr'>dicitur.»</span> 
     </span>
    </p>

    <p class='ocr_par' dir='ltr' id='par_1_15' title="bbox 265 2249 1813 2302">
     <span class='ocr_line' id='line_1_39' title="bbox 265 2249 1813 2302; baseline 0.003 -16"><span class='ocrx_word' id='word_1_286' title='bbox 265 2249 328 2288; x_wconf 85' lang='lat'>16.</span> <span class='ocrx_word' id='word_1_287' title='bbox 387 2249 594 2299; x_wconf 81' lang='lat' dir='ltr'>‹Regulae</span> <span class='ocrx_word' id='word_1_288' title='bbox 640 2251 1011 2299; x_wconf 88' lang='lat' dir='ltr'>superintendentis</span> <span class='ocrx_word' id='word_1_289' title='bbox 1050 2252 1315 2302; x_wconf 88' lang='lat' dir='ltr'>collegiorum</span> <span class='ocrx_word' id='word_1_290' title='bbox 1361 2265 1633 2290; x_wconf 89' lang='lat' dir='ltr'>romanorum.</span> <span class='ocrx_word' id='word_1_291' title='bbox 1646 2269 1664 2286; x_wconf 90' lang='lat'>&gt;›</span> <span class='ocrx_word' id='word_1_292' title='bbox 1718 2253 1813 2290; x_wconf 91' lang='lat' dir='ltr'>Duo</span> 
     </span>
    </p>
   </div>
   <div class='ocr_carea' id='block_1_10' title="bbox 180 2320 1813 2371">
    <p class='ocr_par' dir='ltr' id='par_1_16' title="bbox 180 2320 1813 2371">
     <span class='ocr_line' id='line_1_40' title="bbox 180 2320 1813 2371; baseline 0.002 -14"><span class='ocrx_word' id='word_1_293' title='bbox 180 2324 338 2358; x_wconf 87' lang='lat' dir='ltr'>tantum</span> <span class='ocrx_word' id='word_1_294' title='bbox 362 2320 455 2358; x_wconf 87' lang='lat' dir='ltr'>folia</span> <span class='ocrx_word' id='word_1_295' title='bbox 480 2322 558 2358; x_wconf 88' lang='lat' dir='ltr'>hae</span> <span class='ocrx_word' id='word_1_296' title='bbox 583 2322 747 2371; x_wconf 85' lang='lat' dir='ltr'>regulae</span> <span class='ocrx_word' id='word_1_297' title='bbox 775 2328 991 2371; x_wconf 86' lang='lat' dir='ltr'>occupant,</span> <span class='ocrx_word' id='word_1_298' title='bbox 1017 2324 1215 2362; x_wconf 90' lang='lat' dir='ltr'>tredecim</span> <span class='ocrx_word' id='word_1_299' title='bbox 1241 2325 1419 2362; x_wconf 87' lang='lat' dir='ltr'>numeris</span> <span class='ocrx_word' id='word_1_300' title='bbox 1448 2324 1676 2370; x_wconf 83' lang='lat' dir='ltr'>distinctae,</span> <span class='ocrx_word' id='word_1_301' title='bbox 1697 2330 1736 2360; x_wconf 92' lang='lat' dir='ltr'>et</span> <span class='ocrx_word' id='word_1_302' title='bbox 1762 2324 1813 2360; x_wconf 85' lang='lat' dir='ltr'>ab</span> 
     </span>
    </p>
   </div>
   <div class='ocr_carea' id='block_1_11' title="bbox 95 2391 1811 2444">
    <p class='ocr_par' dir='ltr' id='par_1_17' title="bbox 95 2391 1811 2444">
     <span class='ocr_line' id='line_1_41' title="bbox 95 2391 1811 2444; baseline 0.001 -16"><span class='ocrx_word' id='word_1_303' title='bbox 95 2434 102 2440; x_wconf 49' lang='grc'><em>,</em></span> <span class='ocrx_word' id='word_1_304' title='bbox 181 2391 323 2440; x_wconf 82' lang='lat' dir='ltr'>ignoto</span> <span class='ocrx_word' id='word_1_305' title='bbox 342 2391 462 2430; x_wconf 90' lang='lat' dir='ltr'>nobis</span> <span class='ocrx_word' id='word_1_306' title='bbox 486 2392 648 2430; x_wconf 89' lang='lat' dir='ltr'>librario</span> <span class='ocrx_word' id='word_1_307' title='bbox 675 2394 861 2442; x_wconf 89' lang='lat' dir='ltr'>scriptae.</span> <span class='ocrx_word' id='word_1_308' title='bbox 888 2394 972 2432; x_wconf 89' lang='lat' dir='ltr'>Inc.</span> <span class='ocrx_word' id='word_1_309' title='bbox 1002 2394 1226 2444; x_wconf 81' lang='lat' dir='ltr'>«Imprimis</span> <span class='ocrx_word' id='word_1_310' title='bbox 1254 2396 1436 2443; x_wconf 89' lang='lat' dir='ltr'>superior</span> <span class='ocrx_word' id='word_1_311' title='bbox 1458 2396 1532 2432; x_wconf 88' lang='lat' dir='ltr'>erit</span> <span class='ocrx_word' id='word_1_312' title='bbox 1553 2395 1711 2444; x_wconf 85' lang='lat' dir='ltr'>collegii</span> <span class='ocrx_word' id='word_1_313' title='bbox 1739 2407 1811 2431; x_wconf 86' lang='lat' dir='ltr'>no-</span> 
     </span>
    </p>
   </div>
   <div class='ocr_carea' id='block_1_12' title="bbox 180 2463 1814 3079">
    <p class='ocr_par' dir='ltr' id='par_1_18' title="bbox 180 2463 1814 2868">
     <span class='ocr_line' id='line_1_42' title="bbox 181 2463 1812 2514; baseline 0.001 -14"><span class='ocrx_word' id='word_1_314' title='bbox 181 2463 264 2508; x_wconf 87' lang='lat' dir='ltr'>stri,</span> <span class='ocrx_word' id='word_1_315' title='bbox 278 2464 512 2512; x_wconf 88' lang='lat' dir='ltr'>germanici,</span> <span class='ocrx_word' id='word_1_316' title='bbox 531 2464 746 2511; x_wconf 75' lang='lat' dir='ltr'>seminarfi,</span> <span class='ocrx_word' id='word_1_317' title='bbox 762 2470 803 2502; x_wconf 90' lang='lat' dir='ltr'>et</span> <span class='ocrx_word' id='word_1_318' title='bbox 817 2465 965 2503; x_wconf 86' lang='lat' dir='ltr'>domus</span> <span class='ocrx_word' id='word_1_319' title='bbox 979 2467 1378 2512; x_wconf 90' lang='lat' dir='ltr'>catechumenorum,</span> <span class='ocrx_word' id='word_1_320' title='bbox 1396 2466 1472 2503; x_wconf 91' lang='lat' dir='ltr'>sub</span> <span class='ocrx_word' id='word_1_321' title='bbox 1490 2466 1725 2514; x_wconf 90' lang='lat' dir='ltr'>prouinciali</span> <span class='ocrx_word' id='word_1_322' title='bbox 1747 2477 1812 2501; x_wconf 88' lang='lat' dir='ltr'>ro-</span> 
     </span>
     <span class='ocr_line' id='line_1_43' title="bbox 181 2535 1810 2587; baseline 0.001 -17"><span class='ocrx_word' id='word_1_323' title='bbox 181 2544 304 2571; x_wconf 86' lang='lat' dir='ltr'>mano</span> <span class='ocrx_word' id='word_1_324' title='bbox 324 2539 365 2571; x_wconf 92' lang='lat' dir='ltr'>et</span> <span class='ocrx_word' id='word_1_325' title='bbox 383 2535 598 2584; x_wconf 78' lang='lat' dir='ltr'>generali.»</span> <span class='ocrx_word' id='word_1_326' title='bbox 621 2535 718 2574; x_wconf 89' lang='lat' dir='ltr'>Des.</span> <span class='ocrx_word' id='word_1_327' title='bbox 741 2548 856 2574; x_wconf 66' lang='lat' dir='ltr'>«mse</span> <span class='ocrx_word' id='word_1_328' title='bbox 882 2548 975 2574; x_wconf 91' lang='lat' dir='ltr'>cum</span> <span class='ocrx_word' id='word_1_329' title='bbox 1002 2538 1181 2587; x_wconf 89' lang='lat' dir='ltr'>generali</span> <span class='ocrx_word' id='word_1_330' title='bbox 1207 2543 1428 2575; x_wconf 89' lang='lat' dir='ltr'>acturum.»</span> <span class='ocrx_word' id='word_1_331' title='bbox 1462 2537 1506 2573; x_wconf 93' lang='lat' dir='ltr'>In</span> <span class='ocrx_word' id='word_1_332' title='bbox 1537 2537 1721 2584; x_wconf 88' lang='lat' dir='ltr'>sequenti</span> <span class='ocrx_word' id='word_1_333' title='bbox 1750 2536 1810 2572; x_wconf 87' lang='lat' dir='ltr'>fo-</span> 
     </span>
     <span class='ocr_line' id='line_1_44' title="bbox 180 2604 1814 2658; baseline 0.001 -16"><span class='ocrx_word' id='word_1_334' title='bbox 180 2604 235 2642; x_wconf 92' lang='lat' dir='ltr'>lio</span> <span class='ocrx_word' id='word_1_335' title='bbox 254 2605 357 2643; x_wconf 87' lang='lat' dir='ltr'>haec</span> <span class='ocrx_word' id='word_1_336' title='bbox 376 2607 539 2654; x_wconf 89' lang='lat' dir='ltr'>propria</span> <span class='ocrx_word' id='word_1_337' title='bbox 557 2618 681 2644; x_wconf 89' lang='lat' dir='ltr'>manu</span> <span class='ocrx_word' id='word_1_338' title='bbox 700 2608 859 2656; x_wconf 90' lang='lat' dir='ltr'>scripsit</span> <span class='ocrx_word' id='word_1_339' title='bbox 873 2608 1087 2646; x_wconf 88' lang='lat' dir='ltr'>Polancus:</span> <span class='ocrx_word' id='word_1_340' title='bbox 1113 2609 1315 2658; x_wconf 81' lang='lat' dir='ltr'>«Quando</span> <span class='ocrx_word' id='word_1_341' title='bbox 1337 2620 1380 2646; x_wconf 92' lang='lat' dir='ltr'>se</span> <span class='ocrx_word' id='word_1_342' title='bbox 1400 2608 1568 2645; x_wconf 84' lang='lat' dir='ltr'>vbieren</span> <span class='ocrx_word' id='word_1_343' title='bbox 1597 2608 1647 2643; x_wconf 88' lang='lat' dir='ltr'>de</span> <span class='ocrx_word' id='word_1_344' title='bbox 1668 2607 1814 2655; x_wconf 79' lang='lat' dir='ltr'>ynbiar</span> 
     </span>
     <span class='ocr_line' id='line_1_45' title="bbox 181 2674 1811 2727; baseline 0.001 -15"><span class='ocrx_word' id='word_1_345' title='bbox 181 2674 354 2724; x_wconf 87' lang='lat' dir='ltr'>algunos</span> <span class='ocrx_word' id='word_1_346' title='bbox 373 2675 485 2714; x_wconf 86' lang='lat' dir='ltr'>fuera</span> <span class='ocrx_word' id='word_1_347' title='bbox 503 2689 529 2726; x_wconf 90' lang='lat' dir='ltr'>y</span> <span class='ocrx_word' id='word_1_348' title='bbox 549 2688 668 2715; x_wconf 92' lang='lat' dir='ltr'>cerca</span> <span class='ocrx_word' id='word_1_349' title='bbox 688 2678 740 2715; x_wconf 92' lang='lat' dir='ltr'>de</span> <span class='ocrx_word' id='word_1_350' title='bbox 761 2678 892 2716; x_wconf 90' lang='lat' dir='ltr'>Roma</span> <span class='ocrx_word' id='word_1_351' title='bbox 895 2708 989 2717; x_wconf 93' lang='grc'><strong>......</strong></span> <span class='ocrx_word' id='word_1_352' title='bbox 993 2679 1146 2716; x_wconf 88' lang='lat' dir='ltr'>hallase</span> <span class='ocrx_word' id='word_1_353' title='bbox 1165 2691 1215 2716; x_wconf 89' lang='lat' dir='ltr'>en</span> <span class='ocrx_word' id='word_1_354' title='bbox 1242 2679 1282 2716; x_wconf 91' lang='lat' dir='ltr'>lo</span> <span class='ocrx_word' id='word_1_355' title='bbox 1302 2679 1518 2727; x_wconf 85' lang='lat' dir='ltr'>particular</span> <span class='ocrx_word' id='word_1_356' title='bbox 1538 2678 1684 2727; x_wconf 84' lang='lat' dir='ltr'>alguna</span> <span class='ocrx_word' id='word_1_357' title='bbox 1706 2677 1811 2714; x_wconf 86' lang='lat' dir='ltr'>disfi-</span> 
     </span>
     <span class='ocr_line' id='line_1_46' title="bbox 180 2745 1812 2799; baseline 0.001 -16"><span class='ocrx_word' id='word_1_358' title='bbox 180 2745 330 2793; x_wconf 87' lang='lat' dir='ltr'>cultad,</span> <span class='ocrx_word' id='word_1_359' title='bbox 348 2747 387 2784; x_wconf 92' lang='lat' dir='ltr'>la</span> <span class='ocrx_word' id='word_1_360' title='bbox 405 2747 536 2796; x_wconf 74' lang='lat' dir='ltr'>podrd</span> <span class='ocrx_word' id='word_1_361' title='bbox 554 2754 845 2797; x_wconf 78' lang='lat' dir='ltr'>representat.»</span> <span class='ocrx_word' id='word_1_362' title='bbox 876 2750 1076 2798; x_wconf 81' lang='lat' dir='ltr'>Quisnam</span> <span class='ocrx_word' id='word_1_363' title='bbox 1095 2757 1237 2788; x_wconf 87' lang='lat' dir='ltr'>auctor</span> <span class='ocrx_word' id='word_1_364' title='bbox 1256 2752 1398 2788; x_wconf 87' lang='lat' dir='ltr'>harum</span> <span class='ocrx_word' id='word_1_365' title='bbox 1418 2750 1648 2799; x_wconf 84' lang='lat' dir='ltr'>regularum</span> <span class='ocrx_word' id='word_1_366' title='bbox 1667 2750 1812 2785; x_wconf 86' lang='lat' dir='ltr'>extite-</span> 
     </span>
     <span class='ocr_line' id='line_1_47' title="bbox 181 2817 1155 2868; baseline 0.005 -14"><span class='ocrx_word' id='word_1_367' title='bbox 181 2817 242 2863; x_wconf 87' lang='lat' dir='ltr'>rit,</span> <span class='ocrx_word' id='word_1_368' title='bbox 261 2822 303 2854; x_wconf 89' lang='lat' dir='ltr'>et</span> <span class='ocrx_word' id='word_1_369' title='bbox 321 2818 487 2865; x_wconf 88' lang='lat' dir='ltr'>quando</span> <span class='ocrx_word' id='word_1_370' title='bbox 507 2820 680 2868; x_wconf 89' lang='lat' dir='ltr'>scriptae</span> <span class='ocrx_word' id='word_1_371' title='bbox 700 2820 859 2867; x_wconf 85' lang='lat' dir='ltr'>suerint,</span> <span class='ocrx_word' id='word_1_372' title='bbox 879 2833 962 2858; x_wconf 92' lang='lat' dir='ltr'>non</span> <span class='ocrx_word' id='word_1_373' title='bbox 983 2827 1155 2859; x_wconf 90' lang='lat' dir='ltr'>constat.</span> 
     </span>
    </p>

    <p class='ocr_par' dir='ltr' id='par_1_19' title="bbox 180 2888 1812 3079">
     <span class='ocr_line' id='line_1_48' title="bbox 266 2888 1808 2940; baseline -0.001 -12"><span class='ocrx_word' id='word_1_374' title='bbox 266 2897 328 2937; x_wconf 89' lang='lat'>17.</span> <span class='ocrx_word' id='word_1_375' title='bbox 389 2888 562 2927; x_wconf 84' lang='lat' dir='ltr'>«Avisos</span> <span class='ocrx_word' id='word_1_376' title='bbox 581 2902 678 2938; x_wconf 86' lang='lat' dir='ltr'>para</span> <span class='ocrx_word' id='word_1_377' title='bbox 697 2891 734 2928; x_wconf 92' lang='lat' dir='ltr'>el</span> <span class='ocrx_word' id='word_1_378' title='bbox 754 2892 924 2929; x_wconf 79' lang='lat' dir='ltr'>sindaco</span> <span class='ocrx_word' id='word_1_379' title='bbox 944 2898 986 2929; x_wconf 92' lang='lat' dir='ltr'>et</span> <span class='ocrx_word' id='word_1_380' title='bbox 1009 2904 1107 2940; x_wconf 89' lang='lat' dir='ltr'>para</span> <span class='ocrx_word' id='word_1_381' title='bbox 1131 2892 1193 2929; x_wconf 93' lang='lat' dir='ltr'>los</span> <span class='ocrx_word' id='word_1_382' title='bbox 1214 2897 1324 2929; x_wconf 90' lang='lat' dir='ltr'>otros</span> <span class='ocrx_word' id='word_1_383' title='bbox 1345 2891 1538 2928; x_wconf 87' lang='lat' dir='ltr'>officiales</span> <span class='ocrx_word' id='word_1_384' title='bbox 1565 2890 1808 2927; x_wconf 57' lang='lat' dir='ltr'>inferiores.»</span> 
     </span>
     <span class='ocr_line' id='line_1_49' title="bbox 180 2957 1811 3012; baseline 0.002 -18"><span class='ocrx_word' id='word_1_385' title='bbox 180 2957 305 2995; x_wconf 86' lang='lat' dir='ltr'>Foliis</span> <span class='ocrx_word' id='word_1_386' title='bbox 330 2959 377 2996; x_wconf 89' lang='lat'>16</span> <span class='ocrx_word' id='word_1_387' title='bbox 395 2959 461 2996; x_wconf 90' lang='lat' dir='ltr'>hic</span> <span class='ocrx_word' id='word_1_388' title='bbox 480 2962 692 3007; x_wconf 87' lang='lat' dir='ltr'>quaternio</span> <span class='ocrx_word' id='word_1_389' title='bbox 712 2962 924 3008; x_wconf 89' lang='lat' dir='ltr'>conflatur,</span> <span class='ocrx_word' id='word_1_390' title='bbox 946 2974 1120 3010; x_wconf 89' lang='lat' dir='ltr'>quorum</span> <span class='ocrx_word' id='word_1_391' title='bbox 1138 2964 1269 3012; x_wconf 87' lang='lat' dir='ltr'>primo</span> <span class='ocrx_word' id='word_1_392' title='bbox 1296 2964 1397 2999; x_wconf 90' lang='lat' dir='ltr'>haec</span> <span class='ocrx_word' id='word_1_393' title='bbox 1422 2967 1579 2999; x_wconf 87' lang='lat' dir='ltr'>tantum</span> <span class='ocrx_word' id='word_1_394' title='bbox 1606 2962 1811 3008; x_wconf 89' lang='lat' dir='ltr'>inscriptio</span> 
     </span>
     <span class='ocr_line' id='line_1_50' title="bbox 182 3029 1812 3079; baseline 0.001 -13"><span class='ocrx_word' id='word_1_395' title='bbox 182 3029 337 3066; x_wconf 89' lang='lat' dir='ltr'>Natalis</span> <span class='ocrx_word' id='word_1_396' title='bbox 359 3032 612 3079; x_wconf 84' lang='lat' dir='ltr'>autographa</span> <span class='ocrx_word' id='word_1_397' title='bbox 631 3032 747 3070; x_wconf 89' lang='lat' dir='ltr'>inest:</span> <span class='ocrx_word' id='word_1_398' title='bbox 771 3033 917 3070; x_wconf 76' lang='lat' dir='ltr'>«Vtilia</span> <span class='ocrx_word' id='word_1_399' title='bbox 937 3045 992 3071; x_wconf 87' lang='lat' dir='ltr'>ex</span> <span class='ocrx_word' id='word_1_400' title='bbox 1012 3034 1054 3071; x_wconf 93' lang='lat' dir='ltr'>P.</span> <span class='ocrx_word' id='word_1_401' title='bbox 1070 3040 1111 3072; x_wconf 88' lang='lat' dir='ltr'>et</span> <span class='ocrx_word' id='word_1_402' title='bbox 1129 3034 1252 3071; x_wconf 83' lang='lat' dir='ltr'>aliis.»</span> <span class='ocrx_word' id='word_1_403' title='bbox 1276 3034 1355 3071; x_wconf 89' lang='lat' dir='ltr'>Ubi</span> <span class='ocrx_word' id='word_1_404' title='bbox 1371 3033 1467 3070; x_wconf 90' lang='lat' dir='ltr'>illud</span> <span class='ocrx_word' id='word_1_405' title='bbox 1489 3032 1812 3070; x_wconf 59' lang='lat' dir='ltr'>animadverten—</span> 
     </span>
    </p>
   </div>
   <div class='ocr_carea' id='block_1_13' title="bbox 183 3099 1811 3207">
    <p class='ocr_par' dir='ltr' id='par_1_20' title="bbox 183 3099 1811 3207">
     <span class='ocr_line' id='line_1_51' title="bbox 183 3099 1811 3151; baseline 0.001 -15"><span class='ocrx_word' id='word_1_406' title='bbox 183 3099 284 3136; x_wconf 91' lang='lat' dir='ltr'>dum</span> <span class='ocrx_word' id='word_1_407' title='bbox 316 3105 396 3147; x_wconf 91' lang='lat' dir='ltr'>est,</span> <span class='ocrx_word' id='word_1_408' title='bbox 429 3100 506 3138; x_wconf 85' lang='lat' dir='ltr'>sub</span> <span class='ocrx_word' id='word_1_409' title='bbox 539 3102 812 3150; x_wconf 85' lang='lat' dir='ltr'>appellatione</span> <span class='ocrx_word' id='word_1_410' title='bbox 844 3103 992 3142; x_wconf 81' lang='lat' dir='ltr'>Patris</span> <span class='ocrx_word' id='word_1_411' title='bbox 1020 3105 1107 3142; x_wconf 91' lang='lat' dir='ltr'>sine</span> <span class='ocrx_word' id='word_1_412' title='bbox 1137 3105 1295 3151; x_wconf 87' lang='lat' dir='ltr'>addito,</span> <span class='ocrx_word' id='word_1_413' title='bbox 1324 3104 1510 3141; x_wconf 89' lang='lat' dir='ltr'>Natalem</span> <span class='ocrx_word' id='word_1_414' title='bbox 1539 3103 1668 3140; x_wconf 90' lang='lat' dir='ltr'>solere</span> <span class='ocrx_word' id='word_1_415' title='bbox 1705 3103 1811 3138; x_wconf 85' lang='lat' dir='ltr'>desi—</span> 
     </span>
     <span class='ocr_line' id='line_1_52' title="bbox 365 3168 1651 3207; baseline 0.009 -9"><span class='ocrx_word' id='word_1_416' title='bbox 365 3168 481 3198; x_wconf 72' lang='lat' dir='ltr'>vasr.</span> <span class='ocrx_word' id='word_1_417' title='bbox 501 3170 539 3199; x_wconf 92' lang='lat' dir='ltr'>P.</span> <span class='ocrx_word' id='word_1_418' title='bbox 559 3169 694 3207; x_wconf 74' lang='lat' dir='ltr'>NADAL,</span> <span class='ocrx_word' id='word_1_419' title='bbox 713 3179 791 3200; x_wconf 73' lang='lat' dir='ltr'>rou.</span> <span class='ocrx_word' id='word_1_420' title='bbox 812 3172 875 3202; x_wconf 90' lang='lat' dir='ltr'>IV.</span> <span class='ocrx_word' id='word_1_421' title='bbox 1634 3172 1651 3198; x_wconf 86' lang='lat'><strong>3</strong></span> 
     </span>
    </p>
   </div>
  </div>
 </body>
</html>
