<?xml version="1.0" encoding="UTF-8"?>
<!DOCTYPE html PUBLIC "-//W3C//DTD XHTML 1.0 Transitional//EN"
    "http://www.w3.org/TR/xhtml1/DTD/xhtml1-transitional.dtd">
<html xmlns="http://www.w3.org/1999/xhtml" xml:lang="en" lang="en">
 <head>
  <title>
</title>
<meta http-equiv="Content-Type" content="text/html;charset=utf-8" />
  <meta name='ocr-system' content='tesseract 3.04.00' />
  <meta name='ocr-capabilities' content='ocr_page ocr_carea ocr_par ocr_line ocrx_word'/>
</head>
<body>
  <div class='ocr_page' id='page_1' title='image "./epistolaephieron04nadauoft_0182.png"; bbox 0 0 2098 3470; ppageno 0'>
   <div class='ocr_carea' id='block_1_1' title="bbox 286 269 1357 324">
    <p class='ocr_par' dir='ltr' id='par_1_1' title="bbox 286 269 1357 324">
     <span class='ocr_line' id='line_1_1' title="bbox 286 269 1357 324; baseline 0.006 -10"><span class='ocrx_word' id='word_1_1' title='bbox 286 281 352 324; x_wconf 77' lang='lat'>156</span> <span class='ocrx_word' id='word_1_2' title='bbox 516 269 519 272; x_wconf 50' lang='grc'><strong>’</strong></span> <span class='ocrx_word' id='word_1_3' title='bbox 756 282 912 318; x_wconf 66' lang='lat' dir='ltr'>Parius</span> <span class='ocrx_word' id='word_1_4' title='bbox 938 284 1182 319; x_wconf 74' lang='lat' dir='ltr'>HrERONYMr</span> <span class='ocrx_word' id='word_1_5' title='bbox 1208 284 1357 321; x_wconf 78' lang='lat' dir='ltr'><strong>NADAL</strong></span> 
     </span>
    </p>
   </div>
   <div class='ocr_carea' id='block_1_2' title="bbox 238 383 1899 2287">
    <p class='ocr_par' dir='ltr' id='par_1_2' title="bbox 238 383 1883 1365">
     <span class='ocr_line' id='line_1_2' title="bbox 308 383 1871 441; baseline 0.007 -18"><span class='ocrx_word' id='word_1_6' title='bbox 308 386 618 432; x_wconf 69' lang='lat' dir='ltr'>Responsio.</span> <span class='ocrx_word' id='word_1_7' title='bbox 682 383 797 427; x_wconf 80' lang='lat' dir='ltr'><strong>Fieri</strong></span> <span class='ocrx_word' id='word_1_8' title='bbox 823 384 971 441; x_wconf 89' lang='lat' dir='ltr'>potuit</span> <span class='ocrx_word' id='word_1_9' title='bbox 994 392 1042 427; x_wconf 93' lang='lat' dir='ltr'>ut</span> <span class='ocrx_word' id='word_1_10' title='bbox 1065 386 1227 441; x_wconf 90' lang='lat' dir='ltr'>aliquis</span> <span class='ocrx_word' id='word_1_11' title='bbox 1256 403 1281 431; x_wconf 91' lang='lat' dir='ltr'>e</span> <span class='ocrx_word' id='word_1_12' title='bbox 1304 388 1470 431; x_wconf 90' lang='lat' dir='ltr'>nostris</span> <span class='ocrx_word' id='word_1_13' title='bbox 1493 389 1625 432; x_wconf 88' lang='lat' dir='ltr'>alicui</span> <span class='ocrx_word' id='word_1_14' title='bbox 1651 391 1871 434; x_wconf 86' lang='lat' dir='ltr'>consulu-</span> 
     </span>
     <span class='ocr_line' id='line_1_3' title="bbox 238 458 1872 518; baseline 0.006 -17"><span class='ocrx_word' id='word_1_15' title='bbox 238 458 338 511; x_wconf 83' lang='lat' dir='ltr'>erit,</span> <span class='ocrx_word' id='word_1_16' title='bbox 366 474 421 502; x_wconf 91' lang='lat' dir='ltr'>ne</span> <span class='ocrx_word' id='word_1_17' title='bbox 444 460 699 515; x_wconf 81' lang='lat' dir='ltr'>accederet,</span> <span class='ocrx_word' id='word_1_18' title='bbox 725 476 814 504; x_wconf 93' lang='lat' dir='ltr'>non</span> <span class='ocrx_word' id='word_1_19' title='bbox 840 463 897 504; x_wconf 89' lang='lat' dir='ltr'>ad</span> <span class='ocrx_word' id='word_1_20' title='bbox 920 462 1118 518; x_wconf 82' lang='lat' dir='ltr'>nuptias,</span> <span class='ocrx_word' id='word_1_21' title='bbox 1145 465 1225 507; x_wconf 91' lang='lat' dir='ltr'>sed</span> <span class='ocrx_word' id='word_1_22' title='bbox 1248 479 1304 507; x_wconf 92' lang='lat' dir='ltr'>ne</span> <span class='ocrx_word' id='word_1_23' title='bbox 1333 466 1390 508; x_wconf 91' lang='lat' dir='ltr'>ad</span> <span class='ocrx_word' id='word_1_24' title='bbox 1412 479 1510 509; x_wconf 90' lang='lat' dir='ltr'>eam</span> <span class='ocrx_word' id='word_1_25' title='bbox 1531 480 1678 509; x_wconf 90' lang='lat' dir='ltr'>rerum</span> <span class='ocrx_word' id='word_1_26' title='bbox 1705 466 1872 511; x_wconf 90' lang='lat' dir='ltr'>intem—</span> 
     </span>
     <span class='ocr_line' id='line_1_4' title="bbox 242 537 1874 596; baseline 0.004 -17"><span class='ocrx_word' id='word_1_27' title='bbox 242 537 490 591; x_wconf 87' lang='lat' dir='ltr'>perantiam</span> <span class='ocrx_word' id='word_1_28' title='bbox 514 537 709 591; x_wconf 88' lang='lat' dir='ltr'>ueniret,</span> <span class='ocrx_word' id='word_1_29' title='bbox 734 552 851 593; x_wconf 90' lang='lat' dir='ltr'>quae</span> <span class='ocrx_word' id='word_1_30' title='bbox 874 539 1133 594; x_wconf 85' lang='lat' dir='ltr'>nuptiarum</span> <span class='ocrx_word' id='word_1_31' title='bbox 1157 555 1246 583; x_wconf 93' lang='lat' dir='ltr'>non</span> <span class='ocrx_word' id='word_1_32' title='bbox 1278 549 1363 596; x_wconf 90' lang='lat' dir='ltr'>est,</span> <span class='ocrx_word' id='word_1_33' title='bbox 1398 543 1478 586; x_wconf 89' lang='lat' dir='ltr'>sed</span> <span class='ocrx_word' id='word_1_34' title='bbox 1509 543 1696 587; x_wconf 88' lang='lat' dir='ltr'>humani</span> <span class='ocrx_word' id='word_1_35' title='bbox 1730 544 1874 586; x_wconf 81' lang='lat' dir='ltr'>fastus</span> 
     </span>
     <span class='ocr_line' id='line_1_5' title="bbox 241 611 1869 674; baseline 0.003 -18"><span class='ocrx_word' id='word_1_36' title='bbox 241 619 286 656; x_wconf 91' lang='lat' dir='ltr'>et</span> <span class='ocrx_word' id='word_1_37' title='bbox 310 612 539 656; x_wconf 82' lang='lat' dir='ltr'>vanitatis.</span> <span class='ocrx_word' id='word_1_38' title='bbox 571 615 705 657; x_wconf 85' lang='lat' dir='ltr'>Vnde</span> <span class='ocrx_word' id='word_1_39' title='bbox 742 611 836 658; x_wconf 87' lang='lat' dir='ltr'>non</span> <span class='ocrx_word' id='word_1_40' title='bbox 867 617 1249 660; x_wconf 88' lang='lat' dir='ltr'>contemnendum</span> <span class='ocrx_word' id='word_1_41' title='bbox 1276 618 1529 674; x_wconf 89' lang='lat' dir='ltr'>periculum</span> <span class='ocrx_word' id='word_1_42' title='bbox 1559 619 1699 662; x_wconf 91' lang='lat' dir='ltr'>creari</span> <span class='ocrx_word' id='word_1_43' title='bbox 1738 621 1869 664; x_wconf 89' lang='lat' dir='ltr'>solet.</span> 
     </span>
     <span class='ocr_line' id='line_1_6' title="bbox 244 689 1873 751; baseline 0.004 -19"><span class='ocrx_word' id='word_1_44' title='bbox 244 691 299 732; x_wconf 78' lang='lat' dir='ltr'>Et</span> <span class='ocrx_word' id='word_1_45' title='bbox 321 691 407 732; x_wconf 94' lang='lat' dir='ltr'>hoc</span> <span class='ocrx_word' id='word_1_46' title='bbox 432 689 613 744; x_wconf 86' lang='lat' dir='ltr'>quidem</span> <span class='ocrx_word' id='word_1_47' title='bbox 637 705 692 735; x_wconf 91' lang='lat' dir='ltr'>eo</span> <span class='ocrx_word' id='word_1_48' title='bbox 715 692 969 734; x_wconf 90' lang='lat' dir='ltr'>consultius</span> <span class='ocrx_word' id='word_1_49' title='bbox 999 692 1141 735; x_wconf 83' lang='lat' dir='ltr'>nostri</span> <span class='ocrx_word' id='word_1_50' title='bbox 1169 694 1413 738; x_wconf 87' lang='lat' dir='ltr'>admonere</span> <span class='ocrx_word' id='word_1_51' title='bbox 1443 703 1642 751; x_wconf 80' lang='lat' dir='ltr'>possent,</span> <span class='ocrx_word' id='word_1_52' title='bbox 1675 696 1710 739; x_wconf 92' lang='lat' dir='ltr'>si</span> <span class='ocrx_word' id='word_1_53' title='bbox 1740 711 1873 751; x_wconf 90' lang='lat' dir='ltr'>quem</span> 
     </span>
     <span class='ocr_line' id='line_1_7' title="bbox 245 766 1876 828; baseline 0.004 -20"><span class='ocrx_word' id='word_1_54' title='bbox 245 779 524 821; x_wconf 86' lang='lat' dir='ltr'>propensum</span> <span class='ocrx_word' id='word_1_55' title='bbox 548 766 758 812; x_wconf 88' lang='lat' dir='ltr'>uiderent</span> <span class='ocrx_word' id='word_1_56' title='bbox 780 769 837 811; x_wconf 93' lang='lat' dir='ltr'>ad</span> <span class='ocrx_word' id='word_1_57' title='bbox 860 768 1108 813; x_wconf 89' lang='lat' dir='ltr'>uanitatem</span> <span class='ocrx_word' id='word_1_58' title='bbox 1130 777 1176 812; x_wconf 91' lang='lat' dir='ltr'>et</span> <span class='ocrx_word' id='word_1_59' title='bbox 1207 769 1293 813; x_wconf 91' lang='lat' dir='ltr'>alia</span> <span class='ocrx_word' id='word_1_60' title='bbox 1322 770 1448 825; x_wconf 88' lang='lat' dir='ltr'>uitia,</span> <span class='ocrx_word' id='word_1_61' title='bbox 1480 786 1596 827; x_wconf 88' lang='lat' dir='ltr'>quae</span> <span class='ocrx_word' id='word_1_62' title='bbox 1623 772 1670 814; x_wconf 92' lang='lat' dir='ltr'>in</span> <span class='ocrx_word' id='word_1_63' title='bbox 1698 772 1876 828; x_wconf 90' lang='lat' dir='ltr'>nuptia-</span> 
     </span>
     <span class='ocr_line' id='line_1_8' title="bbox 245 842 1877 899; baseline 0.004 -15"><span class='ocrx_word' id='word_1_64' title='bbox 245 856 344 884; x_wconf 87' lang='lat' dir='ltr'>rum</span> <span class='ocrx_word' id='word_1_65' title='bbox 370 856 533 898; x_wconf 88' lang='lat' dir='ltr'>pompa</span> <span class='ocrx_word' id='word_1_66' title='bbox 556 842 602 886; x_wconf 93' lang='lat' dir='ltr'>in</span> <span class='ocrx_word' id='word_1_67' title='bbox 626 844 815 899; x_wconf 91' lang='lat' dir='ltr'>procliui</span> <span class='ocrx_word' id='word_1_68' title='bbox 839 852 963 897; x_wconf 89' lang='lat' dir='ltr'>sunt,</span> <span class='ocrx_word' id='word_1_69' title='bbox 995 853 1041 888; x_wconf 92' lang='lat' dir='ltr'>et</span> <span class='ocrx_word' id='word_1_70' title='bbox 1068 845 1303 888; x_wconf 90' lang='lat' dir='ltr'>hominum</span> <span class='ocrx_word' id='word_1_71' title='bbox 1329 855 1504 892; x_wconf 82' lang='lat' dir='ltr'>mentes</span> <span class='ocrx_word' id='word_1_72' title='bbox 1534 848 1665 892; x_wconf 91' lang='lat' dir='ltr'>facile</span> <span class='ocrx_word' id='word_1_73' title='bbox 1686 856 1704 874; x_wconf 71' lang='lat'>³</span> <span class='ocrx_word' id='word_1_74' title='bbox 1726 847 1877 891; x_wconf 91' lang='lat' dir='ltr'>solici-</span> 
     </span>
     <span class='ocr_line' id='line_1_9' title="bbox 247 919 1877 978; baseline 0.004 -17"><span class='ocrx_word' id='word_1_75' title='bbox 247 926 359 962; x_wconf 84' lang='lat' dir='ltr'>tant.</span> <span class='ocrx_word' id='word_1_76' title='bbox 387 919 540 975; x_wconf 85' lang='lat' dir='ltr'>Atque</span> <span class='ocrx_word' id='word_1_77' title='bbox 563 919 735 964; x_wconf 90' lang='lat' dir='ltr'>utinam</span> <span class='ocrx_word' id='word_1_78' title='bbox 760 921 944 977; x_wconf 87' lang='lat' dir='ltr'>nuptiae</span> <span class='ocrx_word' id='word_1_79' title='bbox 966 923 1303 972; x_wconf 74' lang='lat' dir='ltr'>celebrarentur</span> <span class='ocrx_word' id='word_1_80' title='bbox 1327 932 1417 966; x_wconf 89' lang='lat' dir='ltr'>tam</span> <span class='ocrx_word' id='word_1_81' title='bbox 1441 932 1611 978; x_wconf 88' lang='lat' dir='ltr'>sancte,</span> <span class='ocrx_word' id='word_1_82' title='bbox 1646 933 1694 968; x_wconf 94' lang='lat' dir='ltr'>ut</span> <span class='ocrx_word' id='word_1_83' title='bbox 1718 925 1877 968; x_wconf 89' lang='lat' dir='ltr'>merito</span> 
     </span>
     <span class='ocr_line' id='line_1_10' title="bbox 247 997 1880 1057; baseline 0.004 -18"><span class='ocrx_word' id='word_1_84' title='bbox 247 1003 366 1040; x_wconf 89' lang='lat' dir='ltr'>esset</span> <span class='ocrx_word' id='word_1_85' title='bbox 395 997 667 1052; x_wconf 90' lang='lat' dir='ltr'>culpandus,</span> <span class='ocrx_word' id='word_1_86' title='bbox 709 999 781 1042; x_wconf 93' lang='lat' dir='ltr'>uel</span> <span class='ocrx_word' id='word_1_87' title='bbox 821 999 1037 1055; x_wconf 88' lang='lat' dir='ltr'>scrupuli,</span> <span class='ocrx_word' id='word_1_88' title='bbox 1082 1001 1153 1044; x_wconf 92' lang='lat' dir='ltr'>uel</span> <span class='ocrx_word' id='word_1_89' title='bbox 1189 1000 1564 1057; x_wconf 85' lang='lat' dir='ltr'>importunitatis,</span> <span class='ocrx_word' id='word_1_90' title='bbox 1608 1004 1677 1046; x_wconf 91' lang='lat' dir='ltr'>uel</span> <span class='ocrx_word' id='word_1_91' title='bbox 1718 1001 1880 1045; x_wconf 86' lang='lat' dir='ltr'>nimiae</span> 
     </span>
     <span class='ocr_line' id='line_1_11' title="bbox 247 1073 1882 1130; baseline 0.002 -14"><span class='ocrx_word' id='word_1_92' title='bbox 247 1073 521 1126; x_wconf 86' lang='lat' dir='ltr'>seueritatis,</span> <span class='ocrx_word' id='word_1_93' title='bbox 546 1075 870 1127; x_wconf 86' lang='lat' dir='ltr'>confessarius,</span> <span class='ocrx_word' id='word_1_94' title='bbox 892 1075 968 1130; x_wconf 89' lang='lat' dir='ltr'>qui</span> <span class='ocrx_word' id='word_1_95' title='bbox 992 1076 1155 1121; x_wconf 89' lang='lat' dir='ltr'>itiones</span> <span class='ocrx_word' id='word_1_96' title='bbox 1178 1078 1235 1120; x_wconf 91' lang='lat' dir='ltr'>ad</span> <span class='ocrx_word' id='word_1_97' title='bbox 1257 1077 1355 1121; x_wconf 88' lang='lat' dir='ltr'>illas</span> <span class='ocrx_word' id='word_1_98' title='bbox 1376 1077 1680 1123; x_wconf 88' lang='lat' dir='ltr'>interdiceret.</span> <span class='ocrx_word' id='word_1_99' title='bbox 1708 1080 1803 1122; x_wconf 92' lang='lat' dir='ltr'>Nos</span> <span class='ocrx_word' id='word_1_100' title='bbox 1819 1078 1882 1130; x_wconf 79' lang='lat' dir='ltr'>ita</span> 
     </span>
     <span class='ocr_line' id='line_1_12' title="bbox 249 1151 1881 1211; baseline 0.002 -19"><span class='ocrx_word' id='word_1_101' title='bbox 249 1158 495 1206; x_wconf 90' lang='lat' dir='ltr'>temperate</span> <span class='ocrx_word' id='word_1_102' title='bbox 517 1151 830 1196; x_wconf 83' lang='lat' dir='ltr'>existimamus</span> <span class='ocrx_word' id='word_1_103' title='bbox 860 1154 1028 1195; x_wconf 80' lang='lat' dir='ltr'>factum</span> <span class='ocrx_word' id='word_1_104' title='bbox 1052 1168 1152 1197; x_wconf 91' lang='lat' dir='ltr'>esse</span> <span class='ocrx_word' id='word_1_105' title='bbox 1175 1169 1201 1196; x_wconf 90' lang='lat' dir='ltr'>a</span> <span class='ocrx_word' id='word_1_106' title='bbox 1232 1155 1414 1206; x_wconf 89' lang='lat' dir='ltr'>nostris,</span> <span class='ocrx_word' id='word_1_107' title='bbox 1450 1155 1488 1198; x_wconf 93' lang='lat' dir='ltr'>si</span> <span class='ocrx_word' id='word_1_108' title='bbox 1525 1155 1634 1211; x_wconf 87' lang='lat' dir='ltr'>quid</span> <span class='ocrx_word' id='word_1_109' title='bbox 1671 1154 1881 1210; x_wconf 84' lang='lat' dir='ltr'>cuiquam</span> 
     </span>
     <span class='ocr_line' id='line_1_13' title="bbox 251 1227 1883 1286; baseline 0.003 -18"><span class='ocrx_word' id='word_1_110' title='bbox 251 1227 532 1283; x_wconf 88' lang='lat' dir='ltr'>prohibitum</span> <span class='ocrx_word' id='word_1_111' title='bbox 550 1238 635 1282; x_wconf 83' lang='lat' dir='ltr'>est,</span> <span class='ocrx_word' id='word_1_112' title='bbox 658 1236 707 1271; x_wconf 94' lang='lat' dir='ltr'>ut</span> <span class='ocrx_word' id='word_1_113' title='bbox 724 1229 834 1271; x_wconf 86' lang='lat' dir='ltr'>nihil</span> <span class='ocrx_word' id='word_1_114' title='bbox 854 1229 911 1272; x_wconf 89' lang='lat' dir='ltr'>sit</span> <span class='ocrx_word' id='word_1_115' title='bbox 929 1229 1297 1286; x_wconf 87' lang='lat' dir='ltr'>uituperandum:</span> <span class='ocrx_word' id='word_1_116' title='bbox 1319 1239 1365 1276; x_wconf 91' lang='lat' dir='ltr'>et</span> <span class='ocrx_word' id='word_1_117' title='bbox 1383 1241 1532 1277; x_wconf 92' lang='lat' dir='ltr'>tamen</span> <span class='ocrx_word' id='word_1_118' title='bbox 1555 1247 1648 1276; x_wconf 90' lang='lat' dir='ltr'>rem</span> <span class='ocrx_word' id='word_1_119' title='bbox 1674 1241 1719 1276; x_wconf 90' lang='lat' dir='ltr'>et</span> <span class='ocrx_word' id='word_1_120' title='bbox 1736 1231 1883 1275; x_wconf 90' lang='lat' dir='ltr'>homi—</span> 
     </span>
     <span class='ocr_line' id='line_1_14' title="bbox 255 1306 1815 1365; baseline 0.004 -20"><span class='ocrx_word' id='word_1_121' title='bbox 255 1319 357 1348; x_wconf 84' lang='lat' dir='ltr'>nem</span> <span class='ocrx_word' id='word_1_122' title='bbox 384 1319 664 1361; x_wconf 85' lang='lat' dir='ltr'>cognoscere</span> <span class='ocrx_word' id='word_1_123' title='bbox 685 1306 914 1362; x_wconf 82' lang='lat' dir='ltr'>cupimus,</span> <span class='ocrx_word' id='word_1_124' title='bbox 942 1314 992 1349; x_wconf 92' lang='lat' dir='ltr'>ut</span> <span class='ocrx_word' id='word_1_125' title='bbox 1012 1307 1247 1364; x_wconf 88' lang='lat' dir='ltr'>disciplina</span> <span class='ocrx_word' id='word_1_126' title='bbox 1271 1308 1289 1334; x_wconf 77' lang='lat' dir='ltr'>b</span> <span class='ocrx_word' id='word_1_127' title='bbox 1314 1310 1377 1352; x_wconf 91' lang='lat' dir='ltr'>uti</span> <span class='ocrx_word' id='word_1_128' title='bbox 1400 1309 1624 1365; x_wconf 89' lang='lat' dir='ltr'>possimus</span> <span class='ocrx_word' id='word_1_129' title='bbox 1647 1316 1815 1352; x_wconf 88' lang='lat' dir='ltr'>nostra.</span> 
     </span>
    </p>

    <p class='ocr_par' dir='ltr' id='par_1_3' title="bbox 254 1384 1888 1593">
     <span class='ocr_line' id='line_1_15' title="bbox 325 1384 1888 1442; baseline 0.003 -19"><span class='ocrx_word' id='word_1_130' title='bbox 325 1386 575 1424; x_wconf 70' lang='lat' dir='ltr'>obiectio.</span> <span class='ocrx_word' id='word_1_131' title='bbox 639 1384 776 1438; x_wconf 78' lang='lat' dir='ltr'>Quod</span> <span class='ocrx_word' id='word_1_132' title='bbox 799 1384 957 1426; x_wconf 91' lang='lat' dir='ltr'>vltimo</span> <span class='ocrx_word' id='word_1_133' title='bbox 978 1384 1114 1427; x_wconf 87' lang='lat' dir='ltr'>huius</span> <span class='ocrx_word' id='word_1_134' title='bbox 1137 1385 1254 1428; x_wconf 90' lang='lat' dir='ltr'>tituli</span> <span class='ocrx_word' id='word_1_135' title='bbox 1278 1385 1425 1442; x_wconf 90' lang='lat' dir='ltr'>capite</span> <span class='ocrx_word' id='word_1_136' title='bbox 1447 1393 1646 1438; x_wconf 88' lang='lat' dir='ltr'>notatur,</span> <span class='ocrx_word' id='word_1_137' title='bbox 1673 1398 1757 1428; x_wconf 92' lang='lat' dir='ltr'>nos</span> <span class='ocrx_word' id='word_1_138' title='bbox 1779 1398 1888 1440; x_wconf 89' lang='lat' dir='ltr'>pro-</span> 
     </span>
     <span class='ocr_line' id='line_1_16' title="bbox 254 1458 1886 1511; baseline 0.001 -10"><span class='ocrx_word' id='word_1_139' title='bbox 254 1458 424 1511; x_wconf 88' lang='lat' dir='ltr'>hibere,</span> <span class='ocrx_word' id='word_1_140' title='bbox 451 1474 508 1502; x_wconf 89' lang='lat' dir='ltr'>ne</span> <span class='ocrx_word' id='word_1_141' title='bbox 530 1460 588 1503; x_wconf 91' lang='lat' dir='ltr'>ad</span> <span class='ocrx_word' id='word_1_142' title='bbox 618 1460 774 1503; x_wconf 91' lang='lat' dir='ltr'>diuina</span> <span class='ocrx_word' id='word_1_143' title='bbox 801 1461 947 1504; x_wconf 82' lang='lat' dir='ltr'>officia</span> <span class='ocrx_word' id='word_1_144' title='bbox 977 1461 1062 1505; x_wconf 89' lang='lat' dir='ltr'>nisi</span> <span class='ocrx_word' id='word_1_145' title='bbox 1091 1463 1147 1505; x_wconf 90' lang='lat' dir='ltr'>ad</span> <span class='ocrx_word' id='word_1_146' title='bbox 1185 1470 1382 1505; x_wconf 90' lang='lat' dir='ltr'>nostram</span> <span class='ocrx_word' id='word_1_147' title='bbox 1423 1463 1660 1507; x_wconf 87' lang='lat' dir='ltr'>ecclesiam</span> <span class='ocrx_word' id='word_1_148' title='bbox 1700 1460 1886 1506; x_wconf 89' lang='lat' dir='ltr'>ueniant</span> 
     </span>
     <span class='ocr_line' id='line_1_17' title="bbox 255 1536 869 1593; baseline 0.005 -14"><span class='ocrx_word' id='word_1_149' title='bbox 255 1544 436 1579; x_wconf 90' lang='lat' dir='ltr'>nostrae</span> <span class='ocrx_word' id='word_1_150' title='bbox 458 1536 714 1593; x_wconf 89' lang='lat' dir='ltr'>spirituales</span> <span class='ocrx_word' id='word_1_151' title='bbox 736 1538 869 1582; x_wconf 88' lang='lat' dir='ltr'>filiae.</span> 
     </span>
    </p>

    <p class='ocr_par' dir='ltr' id='par_1_4' title="bbox 258 1615 1899 2287">
     <span class='ocr_line' id='line_1_18' title="bbox 328 1615 1889 1672; baseline 0.001 -16"><span class='ocrx_word' id='word_1_152' title='bbox 328 1619 640 1665; x_wconf 69' lang='lat' dir='ltr'>Responsio.</span> <span class='ocrx_word' id='word_1_153' title='bbox 702 1615 882 1659; x_wconf 87' lang='lat' dir='ltr'>Scimus</span> <span class='ocrx_word' id='word_1_154' title='bbox 900 1631 1045 1672; x_wconf 91' lang='lat' dir='ltr'>nuper</span> <span class='ocrx_word' id='word_1_155' title='bbox 1061 1631 1266 1661; x_wconf 87' lang='lat' dir='ltr'>rumores</span> <span class='ocrx_word' id='word_1_156' title='bbox 1282 1631 1382 1661; x_wconf 88' lang='lat' dir='ltr'>esse</span> <span class='ocrx_word' id='word_1_157' title='bbox 1399 1617 1620 1661; x_wconf 86' lang='lat' dir='ltr'>excitatos</span> <span class='ocrx_word' id='word_1_158' title='bbox 1641 1617 1763 1672; x_wconf 91' lang='lat' dir='ltr'>quod</span> <span class='ocrx_word' id='word_1_159' title='bbox 1785 1615 1889 1658; x_wconf 88' lang='lat' dir='ltr'>nul-</span> 
     </span>
     <span class='ocr_line' id='line_1_19' title="bbox 258 1691 1891 1747; baseline 0.001 -14"><span class='ocrx_word' id='word_1_160' title='bbox 258 1692 328 1734; x_wconf 89' lang='lat' dir='ltr'>lus</span> <span class='ocrx_word' id='word_1_161' title='bbox 350 1698 502 1747; x_wconf 88' lang='lat' dir='ltr'>posset</span> <span class='ocrx_word' id='word_1_162' title='bbox 529 1691 577 1734; x_wconf 90' lang='lat' dir='ltr'>in</span> <span class='ocrx_word' id='word_1_163' title='bbox 605 1699 759 1735; x_wconf 89' lang='lat' dir='ltr'>nostra</span> <span class='ocrx_word' id='word_1_164' title='bbox 788 1693 979 1737; x_wconf 90' lang='lat' dir='ltr'>ecclesia</span> <span class='ocrx_word' id='word_1_165' title='bbox 1016 1693 1191 1747; x_wconf 90' lang='lat' dir='ltr'>missas,</span> <span class='ocrx_word' id='word_1_166' title='bbox 1233 1695 1385 1737; x_wconf 91' lang='lat' dir='ltr'>nullus</span> <span class='ocrx_word' id='word_1_167' title='bbox 1421 1694 1703 1746; x_wconf 88' lang='lat' dir='ltr'>concionem,</span> <span class='ocrx_word' id='word_1_168' title='bbox 1738 1692 1891 1736; x_wconf 89' lang='lat' dir='ltr'>nullus</span> 
     </span>
     <span class='ocr_line' id='line_1_20' title="bbox 259 1767 1887 1823; baseline 0.001 -13"><span class='ocrx_word' id='word_1_169' title='bbox 259 1768 571 1812; x_wconf 88' lang='lat' dir='ltr'>ecclesiastica</span> <span class='ocrx_word' id='word_1_170' title='bbox 593 1769 742 1812; x_wconf 90' lang='lat' dir='ltr'>officia</span> <span class='ocrx_word' id='word_1_171' title='bbox 765 1770 937 1823; x_wconf 87' lang='lat' dir='ltr'>audire,</span> <span class='ocrx_word' id='word_1_172' title='bbox 963 1771 1116 1814; x_wconf 88' lang='lat' dir='ltr'>nullus</span> <span class='ocrx_word' id='word_1_173' title='bbox 1138 1771 1303 1814; x_wconf 89' lang='lat' dir='ltr'>nostris</span> <span class='ocrx_word' id='word_1_174' title='bbox 1326 1771 1636 1815; x_wconf 87' lang='lat' dir='ltr'>sacerdotibus</span> <span class='ocrx_word' id='word_1_175' title='bbox 1667 1767 1887 1813; x_wconf 91' lang='lat' dir='ltr'>confiteri.</span> 
     </span>
     <span class='ocr_line' id='line_1_21' title="bbox 263 1845 1890 1904; baseline -0.001 -17"><span class='ocrx_word' id='word_1_176' title='bbox 263 1845 324 1888; x_wconf 90' lang='lat' dir='ltr'>Hi</span> <span class='ocrx_word' id='word_1_177' title='bbox 348 1853 498 1889; x_wconf 89' lang='lat' dir='ltr'>tamen</span> <span class='ocrx_word' id='word_1_178' title='bbox 521 1854 630 1889; x_wconf 90' lang='lat' dir='ltr'>sunt</span> <span class='ocrx_word' id='word_1_179' title='bbox 651 1861 856 1891; x_wconf 86' lang='lat' dir='ltr'>rumores</span> <span class='ocrx_word' id='word_1_180' title='bbox 878 1847 1004 1891; x_wconf 87' lang='lat' dir='ltr'>breui</span> <span class='ocrx_word' id='word_1_181' title='bbox 1028 1847 1292 1904; x_wconf 89' lang='lat' dir='ltr'>compressi:</span> <span class='ocrx_word' id='word_1_182' title='bbox 1325 1863 1379 1891; x_wconf 92' lang='lat' dir='ltr'>eo</span> <span class='ocrx_word' id='word_1_183' title='bbox 1407 1847 1526 1892; x_wconf 88' lang='lat' dir='ltr'>enirn</span> <span class='ocrx_word' id='word_1_184' title='bbox 1556 1846 1769 1902; x_wconf 88' lang='lat' dir='ltr'>paulatim</span> <span class='ocrx_word' id='word_1_185' title='bbox 1801 1845 1890 1887; x_wconf 90' lang='lat' dir='ltr'>iam</span> 
     </span>
     <span class='ocr_line' id='line_1_22' title="bbox 262 1922 1894 1987; baseline 0 -23"><span class='ocrx_word' id='word_1_186' title='bbox 262 1922 686 1978; x_wconf 82' lang='lat' dir='ltr'>progrediebantur,</span> <span class='ocrx_word' id='word_1_187' title='bbox 708 1931 758 1966; x_wconf 92' lang='lat' dir='ltr'>ut</span> <span class='ocrx_word' id='word_1_188' title='bbox 774 1925 830 1966; x_wconf 90' lang='lat' dir='ltr'>ad</span> <span class='ocrx_word' id='word_1_189' title='bbox 849 1939 1022 1968; x_wconf 86' lang='lat' dir='ltr'>errores</span> <span class='ocrx_word' id='word_1_190' title='bbox 1034 1925 1223 1982; x_wconf 91' lang='lat' dir='ltr'>Joannis</span> <span class='ocrx_word' id='word_1_191' title='bbox 1240 1925 1297 1968; x_wconf 90' lang='lat' dir='ltr'>de</span> <span class='ocrx_word' id='word_1_192' title='bbox 1315 1924 1515 1967; x_wconf 88' lang='lat' dir='ltr'>Polliaco</span> <span class='ocrx_word' id='word_1_193' title='bbox 1533 1924 1750 1967; x_wconf 88' lang='lat' dir='ltr'>accedere</span> <span class='ocrx_word' id='word_1_194' title='bbox 1768 1922 1894 1987; x_wconf 67' lang='lat' dir='ltr'>uide3</span> 
     </span>
     <span class='ocr_line' id='line_1_23' title="bbox 264 1999 1894 2060; baseline -0.001 -18"><span class='ocrx_word' id='word_1_195' title='bbox 264 2007 420 2043; x_wconf 89' lang='lat' dir='ltr'>rentur</span> <span class='ocrx_word' id='word_1_196' title='bbox 447 2002 474 2053; x_wconf 76' lang='grc' dir='ltr'>Ι;</span> <span class='ocrx_word' id='word_1_197' title='bbox 502 1999 634 2042; x_wconf 90' lang='lat' dir='ltr'>timor</span> <span class='ocrx_word' id='word_1_198' title='bbox 655 1999 755 2043; x_wconf 90' lang='lat' dir='ltr'>illos</span> <span class='ocrx_word' id='word_1_199' title='bbox 771 2015 974 2057; x_wconf 83' lang='lat' dir='ltr'>rumores</span> <span class='ocrx_word' id='word_1_200' title='bbox 991 2001 1232 2057; x_wconf 88' lang='lat' dir='ltr'>dissipasse</span> <span class='ocrx_word' id='word_1_201' title='bbox 1250 2001 1335 2046; x_wconf 82' lang='lat'>268</span> <span class='ocrx_word' id='word_1_202' title='bbox 1353 2000 1476 2060; x_wconf 88' lang='lat' dir='ltr'>credi</span> <span class='ocrx_word' id='word_1_203' title='bbox 1493 2007 1655 2057; x_wconf 87' lang='lat' dir='ltr'>potest.</span> <span class='ocrx_word' id='word_1_204' title='bbox 1679 1999 1765 2042; x_wconf 87' lang='lat' dir='ltr'>His</span> <span class='ocrx_word' id='word_1_205' title='bbox 1781 2012 1894 2054; x_wconf 88' lang='lat' dir='ltr'>ergo</span> 
     </span>
     <span class='ocr_line' id='line_1_24' title="bbox 266 2075 1898 2134; baseline -0.001 -15"><span class='ocrx_word' id='word_1_206' title='bbox 266 2076 522 2120; x_wconf 89' lang='lat' dir='ltr'>rumoribus</span> <span class='ocrx_word' id='word_1_207' title='bbox 544 2079 658 2121; x_wconf 90' lang='lat' dir='ltr'>haec</span> <span class='ocrx_word' id='word_1_208' title='bbox 694 2077 860 2120; x_wconf 88' lang='lat' dir='ltr'>delatio</span> <span class='ocrx_word' id='word_1_209' title='bbox 889 2078 1136 2122; x_wconf 87' lang='lat' dir='ltr'>substituta</span> <span class='ocrx_word' id='word_1_210' title='bbox 1165 2078 1359 2123; x_wconf 90' lang='lat' dir='ltr'>uidetur.</span> <span class='ocrx_word' id='word_1_211' title='bbox 1399 2079 1503 2134; x_wconf 78' lang='lat' dir='ltr'>Qua</span> <span class='ocrx_word' id='word_1_212' title='bbox 1533 2079 1578 2119; x_wconf 88' lang='lat' dir='ltr'>in</span> <span class='ocrx_word' id='word_1_213' title='bbox 1611 2092 1660 2120; x_wconf 90' lang='lat' dir='ltr'>re</span> <span class='ocrx_word' id='word_1_214' title='bbox 1691 2075 1898 2118; x_wconf 91' lang='lat' dir='ltr'>uidemus</span> 
     </span>
     <span class='ocr_line' id='line_1_25' title="bbox 267 2151 1898 2210; baseline -0.002 -13"><span class='ocrx_word' id='word_1_215' title='bbox 267 2168 367 2197; x_wconf 89' lang='lat' dir='ltr'>esse</span> <span class='ocrx_word' id='word_1_216' title='bbox 390 2162 606 2197; x_wconf 88' lang='lat' dir='ltr'>erratum.</span> <span class='ocrx_word' id='word_1_217' title='bbox 634 2153 956 2198; x_wconf 86' lang='lat' dir='ltr'>Desideramus</span> <span class='ocrx_word' id='word_1_218' title='bbox 979 2169 1062 2198; x_wconf 91' lang='lat' dir='ltr'>nos</span> <span class='ocrx_word' id='word_1_219' title='bbox 1085 2155 1266 2210; x_wconf 89' lang='lat' dir='ltr'>quidem</span> <span class='ocrx_word' id='word_1_220' title='bbox 1289 2170 1481 2198; x_wconf 87' lang='lat' dir='ltr'>messem</span> <span class='ocrx_word' id='word_1_221' title='bbox 1506 2154 1550 2196; x_wconf 87' lang='lat' dir='ltr'>in</span> <span class='ocrx_word' id='word_1_222' title='bbox 1569 2152 1734 2195; x_wconf 90' lang='lat' dir='ltr'>nostris</span> <span class='ocrx_word' id='word_1_223' title='bbox 1754 2151 1898 2194; x_wconf 85' lang='lat' dir='ltr'>eccle-</span> 
     </span>
     <span class='ocr_line' id='line_1_26' title="bbox 269 2227 1899 2287; baseline -0.002 -13"><span class='ocrx_word' id='word_1_224' title='bbox 269 2230 346 2274; x_wconf 91' lang='lat' dir='ltr'>siis</span> <span class='ocrx_word' id='word_1_225' title='bbox 369 2231 536 2275; x_wconf 89' lang='lat' dir='ltr'>habere</span> <span class='ocrx_word' id='word_1_226' title='bbox 558 2231 803 2287; x_wconf 87' lang='lat' dir='ltr'>copiosam,</span> <span class='ocrx_word' id='word_1_227' title='bbox 829 2231 876 2274; x_wconf 90' lang='lat' dir='ltr'>in</span> <span class='ocrx_word' id='word_1_228' title='bbox 899 2246 987 2286; x_wconf 91' lang='lat' dir='ltr'>qua</span> <span class='ocrx_word' id='word_1_229' title='bbox 1009 2246 1305 2275; x_wconf 85' lang='lat' dir='ltr'>exerceamus</span> <span class='ocrx_word' id='word_1_230' title='bbox 1334 2240 1519 2274; x_wconf 85' lang='lat' dir='ltr'>nostrae</span> <span class='ocrx_word' id='word_1_231' title='bbox 1547 2229 1796 2273; x_wconf 89' lang='lat' dir='ltr'>vocationis</span> <span class='ocrx_word' id='word_1_232' title='bbox 1819 2227 1899 2270; x_wconf 91' lang='lat' dir='ltr'>mi-</span> 
     </span>
    </p>
   </div>
   <div class='ocr_carea' id='block_1_3' title="bbox 340 2378 1157 2424">
    <p class='ocr_par' dir='ltr' id='par_1_5' title="bbox 340 2378 1157 2424">
     <span class='ocr_line' id='line_1_27' title="bbox 340 2378 1157 2424; baseline -0.001 -11"><span class='ocrx_word' id='word_1_233' title='bbox 340 2391 358 2407; x_wconf 82' lang='lat' dir='ltr'>a</span> <span class='ocrx_word' id='word_1_234' title='bbox 399 2379 572 2424; x_wconf 76' lang='lat' dir='ltr'>facilem</span> <span class='ocrx_word' id='word_1_235' title='bbox 592 2389 664 2413; x_wconf 89' lang='lat' dir='ltr'>ms.</span> <span class='ocrx_word' id='word_1_236' title='bbox 716 2378 782 2405; x_wconf 89' lang='lat' dir='ltr'>-b</span> <span class='ocrx_word' id='word_1_237' title='bbox 808 2378 1067 2424; x_wconf 79' lang='lat' dir='ltr'>disciplinam</span> <span class='ocrx_word' id='word_1_238' title='bbox 1086 2389 1157 2413; x_wconf 87' lang='lat' dir='ltr'>ms.</span> 
     </span>
    </p>
   </div>
   <div class='ocr_carea' id='block_1_4' title="bbox 273 2496 1912 3024">
    <p class='ocr_par' dir='ltr' id='par_1_6' title="bbox 273 2496 1912 3024">
     <span class='ocr_line' id='line_1_28' title="bbox 343 2496 1906 2550; baseline -0.004 -11"><span class='ocrx_word' id='word_1_239' title='bbox 343 2505 354 2524; x_wconf 83' lang='lat'><strong>¹</strong></span> <span class='ocrx_word' id='word_1_240' title='bbox 405 2502 567 2550; x_wconf 88' lang='lat' dir='ltr'>Joannis</span> <span class='ocrx_word' id='word_1_241' title='bbox 585 2503 634 2538; x_wconf 88' lang='lat' dir='ltr'>de</span> <span class='ocrx_word' id='word_1_242' title='bbox 653 2502 823 2547; x_wconf 77' lang='lat' dir='ltr'>Pbliaco,</span> <span class='ocrx_word' id='word_1_243' title='bbox 842 2501 908 2548; x_wconf 86' lang='lat' dir='ltr'>qui</span> <span class='ocrx_word' id='word_1_244' title='bbox 927 2501 1025 2536; x_wconf 87' lang='lat' dir='ltr'>vixit</span> <span class='ocrx_word' id='word_1_245' title='bbox 1044 2508 1218 2548; x_wconf 84' lang='lat' dir='ltr'>tempore</span> <span class='ocrx_word' id='word_1_246' title='bbox 1237 2501 1396 2547; x_wconf 89' lang='lat' dir='ltr'>Joannis</span> <span class='ocrx_word' id='word_1_247' title='bbox 1415 2501 1539 2545; x_wconf 89' lang='lat' dir='ltr'>XXII,</span> <span class='ocrx_word' id='word_1_248' title='bbox 1557 2510 1662 2535; x_wconf 89' lang='lat' dir='ltr'>error</span> <span class='ocrx_word' id='word_1_249' title='bbox 1678 2499 1818 2546; x_wconf 84' lang='lat' dir='ltr'>triplex</span> <span class='ocrx_word' id='word_1_250' title='bbox 1832 2496 1906 2533; x_wconf 88' lang='lat' dir='ltr'>fuit</span> 
     </span>
     <span class='ocr_line' id='line_1_29' title="bbox 273 2558 1906 2610; baseline -0.005 -10"><span class='ocrx_word' id='word_1_251' title='bbox 273 2563 514 2610; x_wconf 89' lang='lat' dir='ltr'>hujusmodi:</span> <span class='ocrx_word' id='word_1_252' title='bbox 548 2562 701 2598; x_wconf 88' lang='lat' dir='ltr'>«Primo</span> <span class='ocrx_word' id='word_1_253' title='bbox 714 2590 723 2608; x_wconf 91' lang='lat'>‚</span> <span class='ocrx_word' id='word_1_254' title='bbox 752 2561 921 2597; x_wconf 87' lang='lat' dir='ltr'>confessi</span> <span class='ocrx_word' id='word_1_255' title='bbox 958 2561 1143 2596; x_wconf 86' lang='lat' dir='ltr'>fratribus</span> <span class='ocrx_word' id='word_1_256' title='bbox 1178 2560 1413 2597; x_wconf 85' lang='lat' dir='ltr'>habentibus</span> <span class='ocrx_word' id='word_1_257' title='bbox 1450 2559 1647 2596; x_wconf 88' lang='lat' dir='ltr'>licentiam</span> <span class='ocrx_word' id='word_1_258' title='bbox 1681 2558 1906 2604; x_wconf 88' lang='lat' dir='ltr'>generalem</span> 
     </span>
     <span class='ocr_line' id='line_1_30' title="bbox 273 2615 1907 2667; baseline -0.004 -9"><span class='ocrx_word' id='word_1_259' title='bbox 273 2622 457 2659; x_wconf 88' lang='lat' dir='ltr'>audiendi</span> <span class='ocrx_word' id='word_1_260' title='bbox 474 2621 756 2667; x_wconf 85' lang='lat' dir='ltr'>confessiones,</span> <span class='ocrx_word' id='word_1_261' title='bbox 777 2626 960 2656; x_wconf 90' lang='lat' dir='ltr'>tenentur</span> <span class='ocrx_word' id='word_1_262' title='bbox 978 2620 1114 2656; x_wconf 91' lang='lat' dir='ltr'>eadem</span> <span class='ocrx_word' id='word_1_263' title='bbox 1133 2627 1305 2667; x_wconf 88' lang='lat' dir='ltr'>peccata,</span> <span class='ocrx_word' id='word_1_264' title='bbox 1331 2631 1430 2666; x_wconf 91' lang='lat' dir='ltr'>quae</span> <span class='ocrx_word' id='word_1_265' title='bbox 1454 2618 1624 2654; x_wconf 84' lang='lat' dir='ltr'>confessi</span> <span class='ocrx_word' id='word_1_266' title='bbox 1648 2617 1814 2663; x_wconf 83' lang='lat' dir='ltr'>fuerant,</span> <span class='ocrx_word' id='word_1_267' title='bbox 1836 2615 1907 2651; x_wconf 90' lang='lat' dir='ltr'>ite-</span> 
     </span>
     <span class='ocr_line' id='line_1_31' title="bbox 275 2677 1910 2728; baseline -0.006 -10"><span class='ocrx_word' id='word_1_268' title='bbox 275 2694 359 2718; x_wconf 88' lang='lat' dir='ltr'>rum</span> <span class='ocrx_word' id='word_1_269' title='bbox 378 2681 556 2718; x_wconf 89' lang='lat' dir='ltr'>confiteri</span> <span class='ocrx_word' id='word_1_270' title='bbox 581 2680 735 2728; x_wconf 88' lang='lat' dir='ltr'>proprio</span> <span class='ocrx_word' id='word_1_271' title='bbox 759 2679 975 2715; x_wconf 88' lang='lat' dir='ltr'>Sacerdoti.</span> <span class='ocrx_word' id='word_1_272' title='bbox 1002 2679 1199 2725; x_wconf 90' lang='lat' dir='ltr'>Secundo,</span> <span class='ocrx_word' id='word_1_273' title='bbox 1230 2684 1358 2714; x_wconf 89' lang='lat' dir='ltr'>stante</span> <span class='ocrx_word' id='word_1_274' title='bbox 1390 2678 1532 2714; x_wconf 77' lang='lat' dir='ltr'>Omnis</span> <span class='ocrx_word' id='word_1_275' title='bbox 1557 2677 1766 2722; x_wconf 80' lang='lat' dir='ltr'>utriusque</span> <span class='ocrx_word' id='word_1_276' title='bbox 1795 2685 1910 2710; x_wconf 84' lang='lat' dir='ltr'>sexus</span> 
     </span>
     <span class='ocr_line' id='line_1_32' title="bbox 277 2734 1910 2786; baseline -0.006 -9"><span class='ocrx_word' id='word_1_277' title='bbox 277 2742 406 2777; x_wconf 90' lang='lat' dir='ltr'>edicto</span> <span class='ocrx_word' id='word_1_278' title='bbox 425 2742 464 2777; x_wconf 91' lang='lat' dir='ltr'>in</span> <span class='ocrx_word' id='word_1_279' title='bbox 483 2740 660 2777; x_wconf 87' lang='lat' dir='ltr'>Concilio</span> <span class='ocrx_word' id='word_1_280' title='bbox 676 2739 866 2786; x_wconf 84' lang='lat' dir='ltr'>generali,</span> <span class='ocrx_word' id='word_1_281' title='bbox 885 2740 1083 2774; x_wconf 87' lang='lat' dir='ltr'>Romanus</span> <span class='ocrx_word' id='word_1_282' title='bbox 1101 2738 1282 2774; x_wconf 84' lang='lat' dir='ltr'>Pontifex</span> <span class='ocrx_word' id='word_1_283' title='bbox 1300 2750 1377 2773; x_wconf 91' lang='lat' dir='ltr'>non</span> <span class='ocrx_word' id='word_1_284' title='bbox 1403 2743 1533 2784; x_wconf 89' lang='lat' dir='ltr'>potest</span> <span class='ocrx_word' id='word_1_285' title='bbox 1557 2736 1702 2780; x_wconf 82' lang='lat' dir='ltr'>facere,</span> <span class='ocrx_word' id='word_1_286' title='bbox 1720 2734 1823 2782; x_wconf 86' lang='lat' dir='ltr'>quod</span> <span class='ocrx_word' id='word_1_287' title='bbox 1841 2734 1910 2768; x_wconf 85' lang='lat' dir='ltr'>Pa-</span> 
     </span>
     <span class='ocr_line' id='line_1_33' title="bbox 278 2791 1910 2845; baseline -0.006 -9"><span class='ocrx_word' id='word_1_288' title='bbox 278 2801 451 2837; x_wconf 91' lang='lat' dir='ltr'>rochiani</span> <span class='ocrx_word' id='word_1_289' title='bbox 470 2810 547 2835; x_wconf 90' lang='lat' dir='ltr'>non</span> <span class='ocrx_word' id='word_1_290' title='bbox 566 2804 773 2835; x_wconf 86' lang='lat' dir='ltr'>teneantur</span> <span class='ocrx_word' id='word_1_291' title='bbox 791 2798 919 2834; x_wconf 88' lang='lat' dir='ltr'>omnia</span> <span class='ocrx_word' id='word_1_292' title='bbox 938 2804 1098 2845; x_wconf 88' lang='lat' dir='ltr'>peccata</span> <span class='ocrx_word' id='word_1_293' title='bbox 1115 2809 1184 2833; x_wconf 89' lang='lat' dir='ltr'>sua</span> <span class='ocrx_word' id='word_1_294' title='bbox 1203 2798 1323 2832; x_wconf 88' lang='lat' dir='ltr'>semel</span> <span class='ocrx_word' id='word_1_295' title='bbox 1342 2797 1382 2832; x_wconf 86' lang='lat' dir='ltr'>in</span> <span class='ocrx_word' id='word_1_296' title='bbox 1406 2807 1506 2831; x_wconf 87' lang='lat' dir='ltr'>anno</span> <span class='ocrx_word' id='word_1_297' title='bbox 1531 2794 1686 2842; x_wconf 87' lang='lat' dir='ltr'>proprio</span> <span class='ocrx_word' id='word_1_298' title='bbox 1711 2791 1910 2829; x_wconf 85' lang='lat' dir='ltr'>Sacerdoti</span> 
     </span>
     <span class='ocr_line' id='line_1_34' title="bbox 278 2850 1911 2906; baseline -0.006 -11"><span class='ocrx_word' id='word_1_299' title='bbox 278 2859 467 2895; x_wconf 90' lang='lat' dir='ltr'>confiteri.</span> <span class='ocrx_word' id='word_1_300' title='bbox 487 2858 636 2906; x_wconf 87' lang='lat' dir='ltr'>Tertio,</span> <span class='ocrx_word' id='word_1_301' title='bbox 654 2857 758 2905; x_wconf 91' lang='lat' dir='ltr'>quod</span> <span class='ocrx_word' id='word_1_302' title='bbox 771 2857 876 2903; x_wconf 85' lang='lat' dir='ltr'>Papa</span> <span class='ocrx_word' id='word_1_303' title='bbox 894 2867 970 2892; x_wconf 91' lang='lat' dir='ltr'>non</span> <span class='ocrx_word' id='word_1_304' title='bbox 988 2862 1118 2903; x_wconf 90' lang='lat' dir='ltr'>potest</span> <span class='ocrx_word' id='word_1_305' title='bbox 1132 2856 1224 2891; x_wconf 88' lang='lat' dir='ltr'>dare</span> <span class='ocrx_word' id='word_1_306' title='bbox 1242 2861 1477 2902; x_wconf 89' lang='lat' dir='ltr'>potestatem</span> <span class='ocrx_word' id='word_1_307' title='bbox 1488 2854 1714 2900; x_wconf 86' lang='lat' dir='ltr'>generalem</span> <span class='ocrx_word' id='word_1_308' title='bbox 1728 2850 1911 2887; x_wconf 89' lang='lat' dir='ltr'>audiendi</span> 
     </span>
     <span class='ocr_line' id='line_1_35' title="bbox 279 2912 1912 2963; baseline -0.006 -9"><span class='ocrx_word' id='word_1_309' title='bbox 279 2919 583 2963; x_wconf 85' lang='lat' dir='ltr'>confessionem,</span> <span class='ocrx_word' id='word_1_310' title='bbox 602 2918 680 2953; x_wconf 91' lang='lat' dir='ltr'>imo</span> <span class='ocrx_word' id='word_1_311' title='bbox 707 2927 780 2952; x_wconf 89' lang='lat' dir='ltr'>nec</span> <span class='ocrx_word' id='word_1_312' title='bbox 803 2917 926 2961; x_wconf 85' lang='lat' dir='ltr'>Deus,</span> <span class='ocrx_word' id='word_1_313' title='bbox 958 2916 1051 2962; x_wconf 91' lang='lat' dir='ltr'>quin</span> <span class='ocrx_word' id='word_1_314' title='bbox 1080 2915 1300 2961; x_wconf 84' lang='lat' dir='ltr'>confessus,</span> <span class='ocrx_word' id='word_1_315' title='bbox 1327 2915 1476 2949; x_wconf 88' lang='lat' dir='ltr'>habens</span> <span class='ocrx_word' id='word_1_316' title='bbox 1503 2912 1714 2957; x_wconf 87' lang='lat' dir='ltr'>licentiam,</span> <span class='ocrx_word' id='word_1_317' title='bbox 1734 2915 1912 2946; x_wconf 79' lang='lat' dir='ltr'>teneatur</span> 
     </span>
     <span class='ocr_line' id='line_1_36' title="bbox 281 2970 1911 3024; baseline -0.006 -10"><span class='ocrx_word' id='word_1_318' title='bbox 281 2978 418 3014; x_wconf 89' lang='lat' dir='ltr'>eadem</span> <span class='ocrx_word' id='word_1_319' title='bbox 437 2983 596 3024; x_wconf 90' lang='lat' dir='ltr'>peccata</span> <span class='ocrx_word' id='word_1_320' title='bbox 614 2975 792 3012; x_wconf 87' lang='lat' dir='ltr'>confiteri</span> <span class='ocrx_word' id='word_1_321' title='bbox 810 2975 964 3022; x_wconf 84' lang='lat' dir='ltr'>proprio</span> <span class='ocrx_word' id='word_1_322' title='bbox 984 2974 1192 3020; x_wconf 87' lang='lat' dir='ltr'>sacerdoti,</span> <span class='ocrx_word' id='word_1_323' title='bbox 1211 2986 1326 3021; x_wconf 90' lang='lat' dir='ltr'>quern</span> <span class='ocrx_word' id='word_1_324' title='bbox 1345 2973 1440 3008; x_wconf 90' lang='lat' dir='ltr'>dicit</span> <span class='ocrx_word' id='word_1_325' title='bbox 1465 2983 1552 3007; x_wconf 76' lang='lat' dir='ltr'>esse</span> <span class='ocrx_word' id='word_1_326' title='bbox 1579 2971 1775 3018; x_wconf 89' lang='lat' dir='ltr'>proprium</span> <span class='ocrx_word' id='word_1_327' title='bbox 1794 2970 1911 3006; x_wconf 85' lang='lat' dir='ltr'>Cura-</span> 
     </span>
    </p>
   </div>
   <div class='ocr_carea' id='block_1_5' title="bbox 281 3027 1915 3143">
    <p class='ocr_par' dir='ltr' id='par_1_7' title="bbox 281 3027 1915 3143">
     <span class='ocr_line' id='line_1_37' title="bbox 281 3027 1915 3081; baseline -0.007 -8"><span class='ocrx_word' id='word_1_328' title='bbox 281 3044 402 3075; x_wconf 87' lang='lat' dir='ltr'>tum.»</span> <span class='ocrx_word' id='word_1_329' title='bbox 433 3038 651 3081; x_wconf 79' lang='lat' dir='ltr'>VAZQUEZ,</span> <span class='ocrx_word' id='word_1_330' title='bbox 678 3036 716 3071; x_wconf 90' lang='lat' dir='ltr'>in</span> <span class='ocrx_word' id='word_1_331' title='bbox 747 3035 835 3071; x_wconf 82' lang='lat' dir='ltr'>3.am</span> <span class='ocrx_word' id='word_1_332' title='bbox 860 3040 960 3081; x_wconf 90' lang='lat' dir='ltr'>part.</span> <span class='ocrx_word' id='word_1_333' title='bbox 986 3035 1035 3072; x_wconf 90' lang='lat' dir='ltr'>D.</span> <span class='ocrx_word' id='word_1_334' title='bbox 1060 3035 1248 3079; x_wconf 88' lang='lat' dir='ltr'>Thomae,</span> <span class='ocrx_word' id='word_1_335' title='bbox 1279 3031 1601 3079; x_wconf 60' lang='lat' dir='ltr'>quaest.&gt;XCHI,</span> <span class='ocrx_word' id='word_1_336' title='bbox 1626 3030 1718 3065; x_wconf 88' lang='lat' dir='ltr'>dub.</span> <span class='ocrx_word' id='word_1_337' title='bbox 1752 3029 1819 3072; x_wconf 91' lang='lat' dir='ltr'>VI;</span> <span class='ocrx_word' id='word_1_338' title='bbox 1848 3027 1915 3063; x_wconf 93' lang='lat' dir='ltr'>ubi</span> 
     </span>
     <span class='ocr_line' id='line_1_38' title="bbox 283 3091 1424 3143; baseline -0.005 -11"><span class='ocrx_word' id='word_1_339' title='bbox 283 3098 427 3143; x_wconf 87' lang='lat' dir='ltr'>allegat</span> <span class='ocrx_word' id='word_1_340' title='bbox 445 3101 766 3141; x_wconf 86' lang='lat' dir='ltr'>extravagantem</span> <span class='ocrx_word' id='word_1_341' title='bbox 793 3095 870 3130; x_wconf 84' lang='lat' dir='ltr'>Vas</span> <span class='ocrx_word' id='word_1_342' title='bbox 888 3094 1105 3137; x_wconf 82' lang='lat' dir='ltr'>electionis,</span> <span class='ocrx_word' id='word_1_343' title='bbox 1123 3092 1172 3128; x_wconf 93' lang='lat' dir='ltr'>de</span> <span class='ocrx_word' id='word_1_344' title='bbox 1190 3091 1424 3127; x_wconf 80' lang='lat' dir='ltr'>Haereticis.</span> 
     </span>
    </p>
   </div>
   <div class='ocr_carea' id='block_1_6' title="bbox 2033 2091 2098 3470">
    <p class='ocr_par' dir='ltr' id='par_1_8' title="bbox 2033 2091 2098 3470">
     <span class='ocr_line' id='line_1_39' title="bbox 2033 2091 2098 3470; baseline 0 0"><span class='ocrx_word' id='word_1_345' title='bbox 2033 2091 2098 3470; x_wconf 95' lang='lat' dir='ltr'> </span> 
     </span>
    </p>
   </div>
  </div>
 </body>
</html>
