2098 3470
658 271 670 300 ·.
721 287 998 324 Moummu‘rA
1019 286 1289 331 luunt-17
1422 307 1433 317 -
1710 288 1776 334 153

123 414 134 419 -
189 390 323 435 nobis
349 399 616 447 persuasum
645 404 673 432 a
697 388 865 432 nostris
892 387 1126 438 obseruari
1157 394 1331 441 exacte;
1373 402 1522 444 neque
1558 389 1678 434 enim
1715 391 1821 435 alibi

189 467 350 511 maiori
370 466 523 510 studio
542 480 598 509 ac
618 464 1010 526 circunspectione
1030 463 1340 521 invigilamus,
1365 472 1411 508 et
1432 475 1555 509 certa
1584 481 1664 523 spe
1691 468 1819 511 duci-

189 558 294 588 mur
313 545 359 587 in
380 543 566 588 Christo
591 542 602 600 Ι
626 543 726 587 fore
745 542 794 585 in
814 541 1043 587 Societate
1074 540 1210 584 huius
1237 541 1355 585 sacri
1382 541 1616 586 ministerii
1646 547 1818 588 confes-

186 621 329 665 sionis
350 620 687 676 synceritatem.
709 619 848 675 Quod
868 618 907 662 si
927 617 1098 674 aliquid
1118 618 1178 662 sit
1198 619 1257 661 de
1272 619 1425 670 rebus,
1446 634 1562 675 quae
1579 620 1625 664 in
1642 623 1821 667 confes-

189 697 318 743 sione
341 698 674 755 transiguntur,
691 697 902 749 relatum,
926 709 1124 751 aequum
1146 703 1216 739 est
1238 704 1287 738 vt
1307 696 1567 740 nominetur
1589 701 1821 743 confessa-

188 774 302 828 rius,
326 783 465 831 atque
492 775 747 818 libertatem
774 773 967 830 accipiat
992 774 1050 816 ab
1071 787 1143 826 eo,
1167 772 1300 817 cuius
1326 769 1661 819 confessionem
1691 777 1821 820 audi-

190 851 276 905 uit,
301 859 350 894 vt
371 853 514 897 libere
533 851 677 908 possit
691 865 928 903 excusare,
951 861 1035 893 cur
1054 851 1113 895 de
1133 850 1222 904 his,
1247 851 1367 895 vnde
1393 859 1492 894 orta
1513 860 1582 895 est
1610 853 1818 906 offensio,

187 927 557 986 interrogauerit3
577 943 682 972 nam
702 929 847 971 multa
866 934 991 984 sunt,
1010 926 1056 970 in
1073 927 1242 983 quibus
1258 927 1437 983 peccari
1453 929 1656 984 grauiter
1673 939 1823 986 potest

191 1004 312 1050 inter
345 1005 583 1062 coniuges3
623 1004 793 1062 alioqui
821 1005 955 1060 plane
990 1018 1064 1048 res
1099 1012 1171 1048 est
1206 1004 1463 1048 miseranda
1499 1007 1823 1051 confitentibus

186 1096 289 1126 esse
321 1082 515 1126 liberum
546 1083 605 1127 de
631 1082 922 1137 confessariis
949 1081 1135 1137 obloqui
1162 1089 1212 1124 vt
1239 1082 1412 1134 lubeat,
1443 1096 1548 1125 cum
1574 1083 1620 1125 hi
1648 1084 1823 1129 hiscere

189 1174 283 1204 non
302 1159 480 1216 possint
503 1173 586 1216 pro
605 1174 690 1203 sua
709 1159 971 1204 innocentia
990 1161 1323 1204 conseruanda.

278 1241 528 1293 obiectio.
589 1238 661 1281 De
681 1235 991 1293 prohibitlone
1010 1235 1169 1279 debiti.

278 1320 589 1365 necnon-io.
650 1314 769 1358 Sunt
783 1313 936 1357 variae
953 1327 1135 1366 causae,
1156 1321 1431 1370 quapropter
1446 1314 1649 1358 debitum
1667 1315 1822 1358 coniu-

187 1405 273 1448 goe
293 1391 411 1436 inter
431 1406 481 1435 se
498 1402 668 1448 negare
683 1390 875 1447 possint,
894 1404 1238 1446 nonnumquam
1255 1390 1393 1435 etiam
1412 1392 1625 1443 debeant,
1645 1400 1823 1448 praeter

186 1483 287 1512 eam
309 1468 651 1521 continentiam,
674 1482 792 1524 quae
808 1482 866 1512 ex
880 1481 1108 1511 consensu
1125 1467 1301 1511 institui
1317 1475 1464 1523 potest
1483 1469 1540 1511 ad
1557 1476 1753 1526 tempus,
1773 1479 1823 1512 vt

183 1545 380 1589 orationi
400 1546 534 1589 detur
555 1559 708 1601 opera,
731 1545 854 1600 quod
869 1551 941 1588 est
961 1545 1178 1599 theologo
1194 1544 1502 1589 manifestum.
1530 1546 1716 1591 Praeter
1739 1549 1822 1590 has

186 1627 367 1675 causas,
392 1613 688 1666 redditionem
710 1621 852 1665 debiti
874 1621 1159 1678 prohibuisse
1181 1636 1455 1678 quemquam
1478 1638 1503 1667 e
1525 1623 1711 1676 nostris,
1737 1639 1820 1668 nec

187 1699 355 1744 scimus
376 1713 462 1744 nec
482 1698 726 1744 credimus.
756 1698 881 1742 Nihil
910 1698 995 1742 fuit
1025 1698 1208 1754 quidem
1232 1713 1317 1742 cur
1343 1699 1401 1744 de
1423 1702 1509 1743 hac
1538 1715 1588 1744 re
1615 1703 1818 1757 regulam

181 1776 485 1821 scriberemus
520 1775 810 1832 peculiarem,
850 1782 919 1819 sat
952 1778 1102 1819 tamen
1134 1775 1405 1832 intelligitur
1432 1791 1516 1838 nos
1546 1777 1686 1821 debiti
1715 1779 1814 1821 red-

181 1853 400 1896 ditionem
421 1867 512 1896 non
534 1852 789 1909 prohibere,
814 1866 919 1895 cutn
940 1851 987 1895 in
1010 1853 1168 1908 regula
1196 1867 1440 1896 caueamus
1470 1869 1528 1898 ne
1554 1854 1817 1898 communio

182 1943 313 1990 sacra
334 1929 539 1974 crebrius
560 1943 697 1986 quarn
713 1930 854 1972 semel
869 1929 916 1972 in
934 1929 1218 1972 hebdomada
1233 1930 1519 1984 exhibeatur,
1539 1931 1593 1973 iis
1610 1946 1818 1987 praeser-

185 2006 285 2060 tim,
309 2005 387 2063 qui
409 2006 696 2050 matrimonio
716 2013 824 2049 sunt
844 2005 1089 2049 coniuncti.

273 2071 521 2126 flhflootio.
581 2085 653 2130 De
690 2082 1029 2126 transmissione
1066 2097 1308 2139 puerorum
1351 2085 1408 2127 ad
1445 2085 1596 2140 plures
1638 2087 1818 2130 confes-

185 2161 334 2205 sarios
356 2175 436 2217 pro
457 2160 639 2204 casibus
660 2160 918 2204 reseruatis.

274 2243 588 2289 noun-nnio.
650 2238 789 2294 Quod
817 2237 1072 2294 legitimum
1101 2246 1147 2281 et
1174 2239 1414 2294 probatum
1443 2239 1488 2281 in
1517 2239 1706 2282 ecclesia
1732 2241 1816 2282 Dei

184 2323 272 2367 est,
297 2317 519 2359 habemus
546 2323 592 2359 et
613 2330 697 2359 nos
717 2315 764 2358 in
787 2315 1015 2359 Societate
1037 2329 1170 2358 casus
1191 2323 1464 2367 reseruatos,
1490 2329 1575 2358 nec
1598 2316 1816 2361 rationem

185 2391 319 2435 aliam
342 2392 665 2436 reseruationis
687 2392 924 2443 habemus,
950 2406 1085 2447 quam
1109 2406 1225 2446 quae
1253 2399 1323 2434 est
1351 2392 1396 2433 in
1426 2392 1615 2436 ecclesia
1638 2392 1814 2446 vsitata‚

153 2472 158 2478 ’
185 2477 252 2521 vt,
276 2468 315 2511 si
335 2469 411 2512 cui
433 2482 567 2512 casus
595 2468 823 2512 accideret
851 2476 1125 2519 reseruatus,
1157 2467 1196 2511 is
1222 2469 1280 2511 ad
1309 2482 1430 2521 eum,
1463 2468 1538 2510 cui
1560 2476 1816 2512 reseruatus

185 2544 280 2590 268
300 2553 386 2597 est,
411 2544 681 2588 mitteretur.
707 2545 869 2600 Neque
885 2559 993 2587 vero
1011 2543 1055 2586 in
1074 2544 1303 2589 Societate
1320 2545 1450 2587 aliter
1466 2545 1609 2595 fieret,
1632 2545 1666 2587 si
1686 2559 1816 2588 casus

186 2621 349 2678 aliquis
369 2621 629 2669 huiusmodi
651 2621 954 2678 contingeret,
984 2622 1107 2677 quod
1134 2621 1359 2665 Dominus
1386 2629 1578 2672 auertat:
1610 2633 1654 2663 et
1683 2622 1816 2665 mira-

186 2712 288 2741 mur
314 2699 448 2755 plane
475 2713 574 2742 eam
604 2710 704 2742 esse
728 2700 891 2741 tactam
914 2698 1203 2751 delationem3
1228 2698 1448 2753 siquidem
1475 2698 1582 2740 iuris
1605 2713 1702 2741 esse
1727 2713 1814 2740 non

186 2782 353 2832 potest,
376 2775 500 2830 quod
521 2782 591 2818 est
612 2774 659 2816 in
680 2774 873 2818 ecclesia
895 2788 1152 2826 commune,
1178 2776 1259 2818 sed
1286 2775 1409 2825 facti,
1443 2775 1563 2828 quod
1593 2775 1761 2816 factum
1790 2790 1815 2817 a

186 2851 463 2895 confessario
498 2845 691 2906 intelligi
727 2865 822 2893 non
858 2851 1021 2907 potuit3
1061 2865 1146 2895 nec
1182 2851 1302 2894 enim
1341 2852 1395 2893 de
1434 2865 1659 2905 quoquam
1692 2851 1814 2893 credi

187 2934 337 2984 potest
354 2934 531 2970 tantum
546 2927 786 2983 flagitium,
800 2934 848 2969 vt
866 2927 1200 2984 confessionem
1219 2928 1588 2970 sacramentalem
1607 2942 1663 2971 eu
1671 2928 1811 2983 ulget,

187 3005 331 3047 multo
348 3004 512 3057 minus,
531 3011 580 3046 vt
595 3004 653 3047 de
666 3005 751 3046 hac
770 3018 818 3047 re
839 3003 993 3046 audiat
1010 3004 1055 3046 in
1067 3004 1260 3059 judicio.
1282 3006 1435 3059 Quare
1453 3003 1814 3047 animaduertant

187 3080 518 3124 dominationes
539 3088 716 3123 vestrae
738 3080 905 3123 lllmae.
938 3095 996 3124 ne
1026 3081 1141 3123 forte
1172 3080 1331 3136 aliquis
1360 3080 1602 3124 Societatis
1636 3081 1705 3123 vel
1734 3082 1812 3123 de-
