2098 3470
0 0 162 36 ἔθ’-τ’
295 14 299 26 ,
330 4 337 14 =
490 0 504 13 ·=
532 2 534 6 >

776 215 1208 254 Iusrnucnonzs-61
1692 216 1757 262 561

178 321 250 366 ius
271 321 434 378 gratia,
458 321 540 365 sed
561 327 737 364 tantum
765 317 1047 364 necessitatis
1077 331 1206 374 ergo;
1241 326 1286 361 et
1318 317 1421 361 ideo
1452 327 1686 374 separetur
1718 334 1806 362 vna

177 411 336 444 mensa
364 397 411 441 in
439 398 704 450 coenaculo,
735 396 781 439 in
809 411 899 452 qua
924 402 1100 439 tantum
1130 395 1520 447 conualescentes,
1545 394 1734 448 debiles,
1760 403 1806 441 et

178 474 226 527 ii,
257 474 335 531 qui
357 481 542 531 propter
567 473 887 518 necessitatem
911 473 968 516 ab
1000 471 1153 527 aliquo
1185 471 1288 515 cibo
1309 471 1534 516 ordinarie
1557 472 1804 526 abstinent,

177 551 381 603 sedeant,
406 558 452 594 et
473 550 634 607 aliquis
655 550 742 593 illis
762 548 1001 603 ministret,
1026 549 1084 592 ad
1104 550 1191 591 hoc
1213 549 1432 592 delectus.

265 627 561 681 Aduertetur,
587 635 636 670 vt
657 627 800 670 nostri
821 640 959 670 onere
980 625 1119 669 nimio
1140 626 1213 670 vel
1235 626 1405 678 labore,
1426 633 1472 670 et
1489 626 1559 669 his
1576 627 1804 681 omnibus,

178 719 295 761 quae
316 704 623 748 valetudinem
646 691 1078 760 minuere'possunt,
1103 703 1331 756 leuentur,
1355 706 1440 748 523
1462 710 1510 745 vt
1538 717 1693 746 eorum
1724 719 1804 746 va-

177 782 334 826 letudo
356 788 672 826 conseruetur.

267 858 461 903 Bellaria
490 859 562 903 vel
589 857 770 902 delicati
798 866 843 902 et
870 857 1036 901 curiosi
1064 855 1170 910 cibi,
1203 856 1280 912 qui
1309 857 1459 900 offerri
1488 857 1619 900 nobis
1642 859 1806 911 solent,

178 935 265 980 nisi
286 950 335 979 re
356 935 455 992 ipsa
475 924 719 980 necessarii
741 934 909 980 fuerint
929 941 1115 991 propter
1136 933 1340 977 infirmos
1361 941 1406 978 et
1433 934 1805 987 valetudinarios,

178 1027 237 1056 ne
256 1019 568 1069 acceptentur3
593 1019 640 1055 et
661 1026 767 1054 cum
789 1011 1167 1068 aeceptabuntur,
1192 1010 1238 1053 id
1261 1011 1340 1054 fiat
1367 1025 1424 1054 ex
1446 1011 1635 1054 consilio
1663 1012 1808 1065 medi-

178 1090 236 1143 ci,
260 1096 448 1146 propter
469 1089 787 1134 necessitatem
817 1094 1117 1145 praesentem.
1149 1088 1275 1132 Solet
1302 1096 1320 1113 ²
1351 1095 1502 1132 tamen
1531 1089 1730 1144 permitti
1760 1096 1809 1131 vt

177 1181 350 1223 paucae
379 1166 707 1220 confectiones,
742 1165 780 1209 si
803 1180 859 1210 ex
891 1165 1180 1221 eleemosyna
1211 1165 1412 1217 veniant,
1449 1173 1731 1222 reponantur
1753 1167 1810 1208 ad

178 1243 430 1287 incidentes
451 1242 764 1295 necessitates,
792 1249 839 1285 vt
860 1242 1086 1285 confectio
1107 1257 1164 1285 ex
1186 1242 1300 1286 rosis
1322 1243 1394 1285 vel
1416 1258 1472 1287 ex
1495 1242 1703 1288 cotoniis.

266 1321 432 1364 Nullus
462 1319 668 1362 mittatur
699 1319 745 1362 in
782 1320 965 1363 domum
1003 1325 1242 1374 parentum
1280 1320 1337 1362 ad
1374 1320 1806 1372 conualescendum,

178 1397 266 1440 nisi
302 1404 504 1442 extrema
541 1395 788 1441 necessitas
824 1395 1044 1452 coegerit,
1083 1395 1251 1439 iudicio
1287 1396 1467 1440 medici.
1509 1397 1626 1440 Cum
1659 1406 1810 1442 autem

177 1474 296 1528 ierit,
321 1481 491 1530 quanta
513 1488 623 1517 cura
643 1474 701 1517 de
723 1488 778 1518 eo
800 1471 966 1529 poterit
987 1473 1162 1526 haberi,
1193 1474 1432 1527 habeatur;
1463 1489 1531 1526 ac,
1563 1474 1599 1517 si
1630 1490 1702 1519 res
1730 1491 1812 1532 pa—

151 1573 153 1575 ·
178 1552 332 1604 tiatur,
357 1551 508 1595 socius
528 1551 591 1594 illi
615 1551 895 1608 adiungatur
922 1551 1138 1606 probatae
1166 1550 1366 1604 virtutis,
1398 1559 1443 1594 et
1472 1552 1589 1595 ratio
1618 1552 1679 1595 illi
1708 1569 1810 1610 per—

177 1620 662 1684 scribatur'quomodo
691 1627 782 1670 illic
810 1626 1016 1670 victurus
1043 1627 1118 1681 sit,
1149 1627 1360 1671 nimirum
1389 1636 1439 1671 vt
1466 1630 1739 1673 confiteatur
1767 1639 1812 1674 et

178 1705 484 1751 communicet
510 1705 704 1762 singulis
731 1705 1044 1758 hebdomadis;
1076 1712 1123 1750 et
1143 1705 1338 1762 singulis
1360 1705 1521 1749 diebus
1552 1707 1740 1764 colligat
1763 1722 1812 1751 se

127 1785 130 1791 '
177 1783 235 1826 ad
255 1797 446 1828 examen
467 1789 514 1827 et
535 1782 802 1840 orationem,
827 1787 915 1830 524
935 1782 974 1826 si
995 1782 1212 1826 valetudo
1236 1782 1335 1827 eius
1352 1782 1567 1839 patiatur,
1594 1783 1811 1840 viuatque

177 1859 224 1903 in
245 1860 458 1903 omnibus
480 1859 707 1916 religiose,
742 1868 788 1903 et
819 1875 924 1904 cum
957 1858 1273 1903 aedificatione
1299 1873 1479 1912 eorum,
1510 1875 1614 1904 cum
1646 1862 1812 1916 quibus

177 1936 448 1991 versabitur;
489 1945 551 1989 et,
586 1936 624 1980 si
656 1937 754 1981 fieri
786 1938 951 1994 possit,
987 1935 1270 1992 intelligatur
1301 1936 1483 1981 aliunde
1516 1924 1812 1993 quemadmo-

177 2015 286 2058 dum
307 2029 358 2058 se
379 2021 530 2071 gerat.
563 2015 702 2070 Quod
723 2014 762 2058 si
783 2013 1115 2071 intelligeretur
1137 2013 1342 2067 distrahi,
1363 2015 1729 2071 prospiciendum
1750 2017 1811 2058 illi

177 2099 314 2145 esset,
349 2091 498 2147 quoad
525 2091 625 2134 eius
655 2091 752 2135 fieri
782 2098 952 2147 posset,
983 2091 1183 2143 absenti3
1215 2091 1289 2134 vel
1318 2092 1501 2135 omnino
1529 2101 1647 2136 esset
1677 2108 1810 2137 reuo-

177 2169 367 2212 candus.

391 2283 454 2313 DE
485 2282 946 2330 INTERPRETATIONE
978 2283 1263 2321 ALIQUARUM
1298 2284 1595 2315 REGULARUM

266 2377 457 2421 Summo
487 2375 639 2419 studio
671 2376 923 2418 curandum
957 2382 1027 2420 est
1054 2389 1112 2418 ne
1140 2376 1423 2432 superiorum
1456 2378 1574 2421 facta
1607 2378 1810 2420 iudicent

177 2451 429 2504 inferiores,
455 2466 572 2496 neue
595 2452 652 2496 de
672 2451 727 2494 iis
749 2459 1034 2495 murmurent
1057 2452 1175 2496 inter
1195 2467 1261 2498 se.

265 2529 354 2573 Vbi
387 2528 553 2572 dicitur
583 2545 641 2573 ne
672 2530 845 2584 absque
875 2528 1059 2573 licentia
1090 2530 1427 2586 praedicatores
1460 2531 1601 2574 nostri
1630 2531 1809 2587 praedi-

176 2613 297 2658 cent,
321 2605 591 2663 intelligitur
607 2605 774 2662 proprii
790 2605 936 2649 curati
952 2605 1173 2651 ecclesiae
1193 2606 1330 2661 illius,
1355 2607 1400 2650 in
1419 2622 1506 2663 qua
1530 2608 1807 2663 praedicant,

176 2684 250 2728 vel
271 2683 472 2740 episcopi
494 2683 614 2727 illius
635 2682 847 2727 diocesis.
874 2684 991 2726 Nam
1013 2682 1149 2726 etiam
1177 2683 1215 2727 si
1243 2699 1480 2740 possemus
1509 2699 1563 2727 ex
1595 2686 1809 2726 facultate

177 2760 424 2816 apostolica
456 2761 628 2816 absque
659 2760 838 2803 illorum
870 2759 1052 2805 licentia
1085 2761 1368 2813 concionari,
1405 2761 1539 2805 etiam
1575 2760 1619 2802 in
1654 2775 1808 2804 eorum

177 2836 397 2890 ecclesiis,
423 2843 574 2880 tamen
597 2843 644 2879 vt
666 2836 985 2880 contentiones
1013 2844 1059 2882 et
1088 2842 1173 2886 525
1203 2838 1476 2882 offensiones
1507 2837 1715 2886 vitemus,
1748 2835 1812 2878 ita

177 2913 432 2957 consultius
452 2913 650 2958 videtur.

249 3036 266 3054 ⁸
315 3026 453 3062 Solent
471 3037 543 3062 ms.

354 3090 470 3120 Ernst.
491 3090 530 3120 Ρ.
550 3090 684 3126 ΝΑυΑι,
705 3097 785 3118 rou.
809 3088 874 3118 lv.
1597 3088 1631 3116 37
