2098 3470
519 261 796 298 Mammam-A
818 265 1076 296 movmcuoe
1099 257 1393 294 annmffl—
1397 265 1442 301 57
1704 255 1775 302 349

229 420 233 423 1
275 361 530 406 Dominicis
565 355 743 414 diebus,
781 367 829 404 et
854 367 1040 417 propter
1067 358 1376 410 deuotionem,
1406 364 1452 400 et
1478 366 1661 414 propter
1693 372 1821 402 com·

186 439 466 493 munionem,
498 445 648 496 potest
675 437 832 481 haberi
860 435 1195 481 sanctissimum
1227 442 1562 478 sacramentum
1595 434 1640 478 in
1670 434 1825 480 medio

185 515 319 560 altari
349 514 667 560 decentissime
694 522 869 568 tamen3
901 521 1140 559 sumentur
1167 511 1418 569 particulae
1449 520 1735 556 remanentes
1763 514 1823 556 ab

186 593 348 638 ultimo
369 594 645 638 celebrante.
687 608 699 610 ·

274 671 379 714 Non
400 677 472 715 est
501 670 589 714 alia
619 668 877 712 ceremonia
909 667 1183 720 adhibenda,
1213 681 1320 710 cum
1348 666 1544 723 primum
1573 667 1690 709 fiunt
1719 675 1821 723 post

184 746 419 792 biennium
439 754 547 791 vota
567 746 855 800 scholastica,
879 761 1014 802 quam
1045 759 1162 802 quae
1183 743 1501 802 praescribunt
1528 744 1821 787 constitutio—

184 838 268 870 nes
288 832 335 868 et
355 825 494 868 habet
514 838 639 868 vsus.

273 903 378 946 Non
410 901 590 945 videtur
619 901 978 944 construendum
1010 901 1364 956 hypocaustum,
1399 905 1641 956 postquam
1672 898 1718 940 in
1750 899 1822 941 his

182 978 450 1036 regionibus
470 993 566 1022 non
587 987 656 1023 est
677 985 968 1030 consuetum,
992 978 1117 1034 quod
1137 977 1273 1020 etiam
1295 983 1366 1020 est
1385 975 1668 1019 salubrius...

271 1055 323 1101 Si
343 1063 423 1100 est
436 1069 653 1099 numerus
674 1069 871 1111 magnus
891 1068 1065 1106 eorum,
1098 1053 1176 1110 qui
1202 1054 1373 1098 debent
1399 1051 1600 1097 exerceri
1629 1053 1675 1095 in
1705 1067 1819 1096 con-

182 1132 409 1187 cionibus,
434 1133 602 1189 poterit
630 1132 912 1188 frequentius
939 1146 1075 1187 quam
1097 1131 1261 1176 diebus
1288 1130 1530 1173 dominicis
1552 1130 1715 1173 concio
1735 1132 1820 1172 ha·-

181 1209 280 1256 beri
299 1210 348 1253 in
370 1210 628 1254 refectorio.

269 1287 386 1330 Toni
409 1287 522 1330 fiant
543 1286 782 1329 dominicis
802 1286 964 1330 diebus
986 1301 1011 1328 a
1034 1284 1317 1329 scholasticis
1345 1287 1374 1327 ¹.

268 1364 341 1409 Ne
361 1363 659 1407 admittantur
681 1363 892 1408 mulieres
919 1364 976 1407 ad
999 1362 1276 1406 visitandum
1298 1361 1588 1406 conuictores
1609 1376 1714 1405 cum
1736 1362 1818 1406 de·

180 1442 421 1485 cumbunt:
446 1441 531 1486 viri
552 1449 744 1497 possunt
766 1440 999 1484 admitti...

267 1517 477 1570 Nunciis,
513 1517 590 1573 qui
618 1520 772 1563 ferunt
798 1517 1032 1574 pecunias,
1064 1517 1232 1574 poterit
1260 1515 1432 1572 aliquid
1458 1530 1582 1573 penu
1613 1516 1712 1559 dari
1739 1523 1820 1558 aut

180 1594 454 1640 refectionis.

268 1673 473 1716 Possunt
495 1671 632 1728 recipi
656 1671 773 1716 inter
789 1672 1132 1725 commensales,
1152 1671 1231 1727 qui
1248 1671 1472 1714 haberent
1489 1672 1668 1724 bursas,
1687 1685 1820 1727 prae-

178 1748 334 1793 sertim
356 1748 412 1802 si‚
436 1756 540 1806 post
559 1763 700 1792 vnum
723 1756 803 1792 aut
823 1750 1016 1793 alterum
1038 1748 1314 1801 bursarium,
1338 1747 1578 1792 deueniret
1599 1749 1739 1792 bursa
1761 1750 1818 1791 ad

181 1825 494 1870 fundationem
516 1826 697 1883 collegii
720 1827 917 1870 nostri...

270 1904 438 1947 Petant
458 1903 517 1946 ab
539 1903 752 1960 episcopo
773 1918 934 1960 parum
956 1903 1043 1947 olei
1066 1894 1366 1955 infirmorum,
1391 1903 1514 1958 quod
1535 1902 1678 1959 possit
1694 1903 1817 1945 domi

179 1978 340 2024 haberi
362 1981 422 2023 ad
444 1980 762 2025 necessitatem
783 1979 904 2023 illius
925 1979 1198 2024 sacramenti
1219 1994 1300 2036 pro
1322 1979 1539 2023 fratribus
1562 1980 1745 2032 nostris,
1771 1988 1817 2024 et

115 2079 120 2083 ·
179 2057 380 2101 habeant
400 2056 512 2100 illud
533 2057 580 2100 in
603 2058 768 2100 sacello
789 2057 1123 2101 decentissime.

269 2133 489 2179 Vestibus
509 2134 708 2178 suffultis
730 2135 922 2191 pellibus
943 2135 1009 2178 vti
1029 2134 1290 2191 possumus,
1315 2149 1420 2178 cum
1442 2149 1533 2178 non
1564 2136 1818 2179 habeamus

184 2211 483 2268 hypocausta.

269 2289 377 2332 Non
397 2287 511 2330 vidit
535 2289 587 2331 Ρ.
609 2287 784 2332 Natalis
805 2303 953 2341 vsum,
973 2296 1022 2331 vt
1044 2288 1187 2331 nostri
1208 2296 1316 2333 eant
1336 2290 1394 2331 ad
1415 2289 1649 2345 exequias,
1677 2288 1814 2331 officii

180 2378 337 2415 causa,
370 2366 751 2421 quemadmodum
785 2366 859 2408 alii
891 2373 1113 2408 vocantur
1139 2367 1384 2410 seculares:
1416 2373 1655 2422 propterea
1678 2381 1731 2409 ea
1758 2365 1816 2407 de

181 2456 232 2486 re
252 2442 521 2507 consulatur
542 2443 678 2486 Pater
698 2442 940 2498 generalis.

270 2519 406 2563 Pater
433 2518 660 2575 generalis
691 2519 918 2575 probauit,
953 2521 1075 2575 quod
1107 2527 1205 2563 erat
1234 2519 1280 2563 in
1314 2519 1536 2576 superiori
1569 2518 1814 2563 Germania

180 2594 369 2638 dictum:
394 2611 453 2640 ne
474 2596 607 2640 detur
629 2589 812 2652 signu'm
837 2610 919 2652 pro
941 2596 1145 2639 oratione
1166 2596 1331 2647 vocali,
1356 2597 1436 2640 sed
1465 2604 1674 2639 seruetur
1703 2609 1814 2637 con-

178 2672 377 2716 suetudo
398 2671 640 2716 Societatis
661 2674 718 2716 de
740 2674 873 2729 pulsu
897 2674 953 2715 ad
976 2673 1192 2716 orationis
1214 2673 1485 2728 principium
1511 2680 1555 2715 et
1579 2673 1731 2713 finem.

269 2749 444 2793 Nouitii
468 2750 613 2793 ferant
638 2764 748 2792 suas
782 2758 947 2802 vestes,
978 2750 1064 2793 nisi
1092 2758 1246 2795 essent
1275 2749 1608 2806 praetiosiores‚
1639 2756 1683 2790 et
1713 2755 1816 2789 tan—

181 2832 278 2868 tum
306 2833 566 2870 reseruetur
591 2826 636 2868 in
666 2840 847 2871 ornnem
876 2835 1091 2870 euentum
1116 2833 1303 2871 externa
1326 2825 1482 2877 vestis,
1508 2825 1552 2867 id
1575 2832 1660 2875 est,
1684 2838 1815 2866 man-

181 2903 337 2946 tellum
360 2910 440 2945 aut
463 2911 588 2959 toga.

269 2979 426 3022 Nostri
446 2980 609 3022 fratres
630 2993 723 3023 non
756 2988 862 3024 eant
893 2981 950 3023 ad
982 2979 1212 3032 conuiuia,
1248 2993 1366 3035 quae
1398 2980 1544 3021 solent
1578 2977 1735 3020 haberi
1767 2977 1815 3019 in

70 3076 110 3085 ’“
136 3087 138 3090 ’
198 3108 204 3112 ,
254 3075 264 3094 ¹
315 3073 422 3119 Quid
439 3078 619 3108 tonorum
639 3073 795 3108 nomine
814 3073 961 3115 veniat,
980 3073 1128 3109 dictum
1146 3078 1208 3109 est
1226 3073 1266 3108 in
1284 3084 1372 3119 pag.
1395 3074 1474 3118 266,
1497 3076 1630 3110 annot.
1652 3080 1685 3107 2.
