2098 3470
527 269 804 307 Mortuum-m
821 273 1085 307 moymcmz
1110 268 1427 314 Ammaia—49
1570 263 1578 275 '
1677 268 1748 315 287

118 358 122 359 ⁷
149 370 463 417 necessarium
483 385 540 414 ex
560 369 750 414 consilio
771 369 948 426 medici)
971 377 1005 422 ³,
1029 368 1062 412 ii
1084 367 1251 413 faciant
1277 383 1407 413 suam
1437 369 1663 425 integram
1693 385 1794 415 ora-

153 448 340 502 tionem;
364 455 411 491 et
429 446 468 491 si
497 447 556 491 ad
582 461 761 490 sacrum
793 460 1035 490 commune
1065 445 1255 490 fratrum
1279 446 1438 491 adesse
1462 461 1552 490 non
1581 456 1789 504 possunt,

147 524 343 568 audiant
364 523 488 567 aliud
510 524 764 568 commode.

239 603 312 646 De
334 602 510 658 regula,
534 615 651 657 quae
673 600 815 653 iubet,
842 607 908 652 ut,
934 599 1012 656 qui
1033 599 1246 644 nesciunt
1266 599 1474 657 linguam
1506 600 1604 645 eius
1634 602 1779 658 regio·

146 677 238 732 nis,
261 677 309 721 in
331 692 422 734 qua
451 686 521 721 est
542 675 805 734 collegium,
828 690 931 721 eam
959 676 1213 730 addiscant,
1237 677 1348 721 satis
1377 677 1479 730 erit,
1505 685 1572 730 ut,
1599 678 1675 733 qui
1706 695 1784 723 ne-

80 783 85 787 ·
114 746 121 752 ·
145 754 302 799 Sciunt
322 755 603 812 germanice,
628 753 677 796 hi
698 754 965 797 annitantur
990 753 1182 807 discere,
1213 761 1260 798 et
1286 754 1534 810 loquantur
1562 763 1786 810 quantum

150 838 378 889 poterunt.
398 831 631 890 Judicabit
653 845 764 875 uero
786 830 1076 887 prouincialis
1104 845 1162 874 an
1183 831 1242 874 ad
1262 830 1525 874 discendam
1547 831 1669 875 illam
1699 832 1787 875 lin—

147 923 288 966 guam
310 909 370 952 sit
389 909 669 954 instituenda
691 907 842 964 aliqua
861 907 1017 953 lectio.
1568 904 1570 906 ’

237 987 635 1043 Quemadmodum
657 987 828 1029 Romae
848 993 919 1029 est
940 971 1242 1037 consuetudo,
1268 985 1563 1038 sacristanus,
1597 986 1675 1042 qui
1706 987 1783 1029 uni

145 1077 279 1107 sacro
299 1063 558 1107 inseruierit
578 1062 743 1106 summi
765 1063 924 1106 saltem
946 1062 1117 1115 altaris,
1143 1062 1298 1106 ueniat
1320 1062 1472 1105 statim
1504 1064 1561 1106 ad
1581 1078 1686 1107 eum
1709 1079 1784 1108 sa-

143 1139 398 1193 cerdotem,
423 1139 502 1198 qui
521 1147 624 1196 post
645 1154 841 1192 sacrum,
866 1140 988 1196 quod
1015 1147 1085 1184 est
1111 1139 1397 1192 inchoatum,
1427 1148 1497 1184 est
1524 1141 1782 1184 celebratu—

146 1229 240 1271 rus,
263 1223 311 1262 et
330 1217 574 1263 admoneat
600 1216 744 1270 illum,
775 1217 899 1272 quod
927 1216 1160 1273 proximus
1187 1217 1347 1273 pulsus
1374 1231 1623 1274 campanae
1653 1217 1778 1261 illum

143 1291 327 1338 uocabit
347 1294 405 1337 ad
426 1308 560 1337 suum
582 1308 761 1337 sacrum
784 1293 1059 1347 faciendum;
1083 1294 1145 1336 ita
1167 1294 1262 1346 fiet,
1287 1301 1355 1347 ut,
1380 1293 1418 1337 si
1450 1295 1567 1337 forte
1596 1294 1779 1338 ordina—

141 1369 236 1415 rius
271 1371 483 1414 sacerdos
519 1370 578 1414 sit
614 1379 882 1427 occupatuS,
921 1370 1037 1434 alius
1073 1370 1259 1428 reperiri
1291 1370 1451 1427 possit,
1486 1378 1532 1415 et
1563 1386 1614 1416 se
1646 1386 1781 1428 prae-

141 1461 320 1504 parare.

230 1525 320 1568 Per
340 1524 639 1569 architectum
665 1524 1014 1582 diligentissime
1042 1532 1171 1570 curet
1197 1524 1454 1582 intelligere
1482 1525 1780 1582 prouincialis

136 1608 188 1644 et
207 1611 361 1645 rector
376 1617 433 1645 an
457 1601 640 1658 aliquod
661 1601 720 1645 sit
741 1601 991 1659 periculum
1014 1601 1172 1645 ruinae
1189 1617 1246 1647 ex
1268 1609 1392 1646 tectu
1407 1602 1648 1656 ecclesiae,
1670 1617 1777 1659 pro-—

63 1663 71 1682 ²
139 1684 239 1735 pter
260 1677 546 1736 putredinem
579 1678 790 1731 trabium,
825 1693 942 1735 quae
974 1679 1022 1722 in
1052 1677 1292 1724 latitudine
1323 1686 1585 1724 sustentant
1619 1679 1775 1736 templi

137 1761 327 1800 tectum.

217 1834 393 1891 Jugum
415 1832 434 1859 b
455 1847 703 1890 campanae
723 1833 906 1877 maioris
930 1833 1159 1877 reficiatur
1179 1833 1324 1891 primo
1345 1848 1528 1891 quoque
1550 1841 1771 1891 tempore.

134 1909 356 1957 Videatur
377 1910 512 1956 etiam
534 1912 690 1954 tabula
712 1911 866 1955 altaris
887 1925 943 1954 an
967 1911 1172 1968 indigeat
1192 1911 1347 1967 aliquo
1369 1912 1702 1956 sustentaculo,

221 1987 406 2032 Gradus
427 1988 704 2041 reficiantur,
728 1988 896 2044 quibus
917 1988 1241 2032 conscenditur
1261 1989 1319 2032 ad
1341 1996 1634 2046 suggestum.

51 2112 53 2114 ,
222 2065 305 2108 Est
324 2063 696 2122 inuestigandum
718 2080 776 2108 an
799 2065 977 2121 aliquae
1005 2081 1061 2110 ex
1090 2065 1236 2110 vineis
1256 2065 1424 2110 nostris
1452 2065 1544 2109 sint
1572 2066 1772 2123 applica-

42 2135 66 2190 ,
134 2147 209 2184 tae
228 2141 286 2184 ad
306 2148 429 2184 sarta
449 2148 571 2186 tecta
590 2139 827 2194 ecclesiae;
851 2143 983 2198 quod,
994 2141 1033 2184 si
1055 2141 1323 2198 reperiatur,
1348 2156 1440 2185 non
1463 2149 1532 2186 est
1556 2143 1771 2186 fraudan-

132 2217 192 2260 da
213 2218 425 2261 voluntas
446 2218 768 2274 benefactoris,
793 2226 882 2263 etc.

220 2293 431 2351 Triginta
449 2295 608 2339 floreni
629 2296 770 2353 legati
790 2295 1011 2341 ecclesiae
1032 2296 1167 2339 detur
1197 2310 1338 2353 opera
1371 2304 1419 2339 ut
1446 2310 1528 2353 per
1554 2296 1767 2339 commis-

127 2370 274 2415 sarios
293 2380 636 2429 recuperentur.

217 2449 436 2494 Soluatur
456 2449 660 2494 debitum
684 2451 813 2493 fabro
834 2451 1021 2494 ferrario
1042 2451 1346 2495 cancellorum
1373 2450 1546 2506 templi.
1582 2444 1593 2453 ⁶

190 2559 195 2562 ·
217 2525 463 2570 Prouideat
484 2534 651 2581 rector,
677 2535 727 2570 ut
748 2527 819 2570 sui
840 2527 931 2570 sint
954 2527 1148 2571 ministri
1170 2527 1348 2571 illorum
1372 2541 1620 2577 sacrorum,
1647 2540 1764 2580 quae

60 2622 79 2645 .’
127 2616 220 2646 non
239 2603 357 2646 fiunt
378 2603 423 2646 in
446 2618 625 2647 summo
646 2604 794 2656 altari,
819 2619 877 2647 ne
898 2612 1125 2661 cogantur
1146 2604 1383 2648 sacristani
1413 2618 1567 2646 curam
1599 2602 1763 2645 summi

74 2689 91 2736 ζ·
125 2678 278 2724 altaris
298 2679 553 2736 relinquere
574 2688 620 2724 et
639 2681 888 2733 sacristiae,
913 2671 963 2724 et
981 2696 1156 2734 eorum,
1181 2681 1259 2737 qui
1284 2681 1475 2724 ueniunt
1500 2681 1556 2722 ad
1580 2679 1760 2722 confes-

101 2754 318 2810 sionem,
352 2764 398 2801 et
429 2764 609 2814 tempus
630 2750 847 2811 habeant,
882 2772 974 2814 quo
1004 2758 1180 2815 possint
1211 2759 1474 2802 sacerdotes
1510 2769 1670 2799 uocare
1703 2755 1760 2798 ad

6 2864 9 2874 ι
55 2821 81 2879 ss
122 2844 303 2876 sacrum
326 2833 583 2878 faciendum
606 2834 652 2877 in
675 2849 854 2878 summo
873 2835 1003 2878 altari
1025 2836 1099 2878 uel
1121 2835 1257 2879 etiam
1282 2835 1327 2877 in
1351 2834 1466 2877 aliis.

9 2958 14 2971 =.
184 2909 300 2953 ,His
330 2911 484 2963 rebus,
518 2926 635 2968 quae
666 2912 832 2955 dantur
868 2927 950 2968 pro
988 2913 1164 2968 capella
1196 2912 1422 2963 italorum,
1459 2910 1583 2952 nullo
1621 2909 1759 2951 modo

10 2980 15 2992 ⁸
124 2991 280 3029 utatur
300 2987 492 3030 ecclesia
513 2995 686 3031 nostra.

189 3090 211 3108 ⁸
260 3081 333 3117 Ms.
351 3081 530 3118 medicis.
583 3084 649 3111 -b
674 3083 747 3122 Ms'.
758 3082 866 3129 jum.
889 3084 1056 3119 obscure
1074 3088 1206 3119 tamen
1224 3088 1438 3118 exaratum.
