<?xml version="1.0" encoding="UTF-8"?>
<!DOCTYPE html PUBLIC "-//W3C//DTD XHTML 1.0 Transitional//EN"
    "http://www.w3.org/TR/xhtml1/DTD/xhtml1-transitional.dtd">
<html xmlns="http://www.w3.org/1999/xhtml" xml:lang="en" lang="en">
 <head>
  <title>
</title>
<meta http-equiv="Content-Type" content="text/html;charset=utf-8" />
  <meta name='ocr-system' content='tesseract 3.04.00' />
  <meta name='ocr-capabilities' content='ocr_page ocr_carea ocr_par ocr_line ocrx_word'/>
</head>
<body>
  <div class='ocr_page' id='page_1' title='image "./epistolaephieron04nadauoft_0585.png"; bbox 0 0 2098 3470; ppageno 0'>
   <div class='ocr_carea' id='block_1_1' title="bbox 0 0 314 202">
    <p class='ocr_par' dir='ltr' id='par_1_1' title="bbox 0 0 314 202">
     <span class='ocr_line' id='line_1_1' title="bbox 0 0 314 202; baseline 0 3268"><span class='ocrx_word' id='word_1_1' title='bbox 0 0 314 202; x_wconf 95' lang='lat' dir='ltr'> </span> 
     </span>
    </p>
   </div>
   <div class='ocr_carea' id='block_1_2' title="bbox 805 211 1790 258">
    <p class='ocr_par' dir='ltr' id='par_1_2' title="bbox 805 211 1790 258">
     <span class='ocr_line' id='line_1_2' title="bbox 805 211 1790 258; baseline 0.004 -10"><span class='ocrx_word' id='word_1_2' title='bbox 805 211 1231 248; x_wconf 68' lang='lat' dir='ltr'>Ins-rnuc‘riouns—61</span> <span class='ocrx_word' id='word_1_3' title='bbox 1707 221 1790 258; x_wconf 23' lang='lat'>⁷559</span> 
     </span>
    </p>
   </div>
   <div class='ocr_carea' id='block_1_3' title="bbox 147 297 1833 909">
    <p class='ocr_par' dir='ltr' id='par_1_3' title="bbox 147 297 1833 756">
     <span class='ocr_line' id='line_1_3' title="bbox 201 297 1833 372; baseline -0.001 -14"><span class='ocrx_word' id='word_1_4' title='bbox 201 315 324 372; x_wconf 86' lang='lat' dir='ltr'>quod</span> <span class='ocrx_word' id='word_1_5' title='bbox 346 314 431 358; x_wconf 90' lang='lat' dir='ltr'>sibi</span> <span class='ocrx_word' id='word_1_6' title='bbox 455 314 697 367; x_wconf 91' lang='lat' dir='ltr'>videbitur,</span> <span class='ocrx_word' id='word_1_7' title='bbox 722 321 768 358; x_wconf 92' lang='lat' dir='ltr'>et</span> <span class='ocrx_word' id='word_1_8' title='bbox 789 312 1044 370; x_wconf 82' lang='lat' dir='ltr'>superiores</span> <span class='ocrx_word' id='word_1_9' title='bbox 1065 312 1236 356; x_wconf 91' lang='lat' dir='ltr'>debent</span> <span class='ocrx_word' id='word_1_10' title='bbox 1257 311 1411 369; x_wconf 88' lang='lat' dir='ltr'>magni</span> <span class='ocrx_word' id='word_1_11' title='bbox 1440 313 1589 371; x_wconf 84' lang='lat' dir='ltr'>facere</span> <span class='ocrx_word' id='word_1_12' title='bbox 1617 297 1833 356; x_wconf 77' lang='lat' dir='ltr'>iudicium</span> 
     </span>
     <span class='ocr_line' id='line_1_4' title="bbox 200 388 1831 448; baseline -0.001 -13"><span class='ocrx_word' id='word_1_13' title='bbox 200 391 420 448; x_wconf 87' lang='lat' dir='ltr'>ipsorum,</span> <span class='ocrx_word' id='word_1_14' title='bbox 446 397 661 447; x_wconf 84' lang='lat' dir='ltr'>tanquam</span> <span class='ocrx_word' id='word_1_15' title='bbox 685 405 859 443; x_wconf 89' lang='lat' dir='ltr'>eorum,</span> <span class='ocrx_word' id='word_1_16' title='bbox 884 389 963 447; x_wconf 93' lang='lat' dir='ltr'>qui</span> <span class='ocrx_word' id='word_1_17' title='bbox 984 388 1181 432; x_wconf 91' lang='lat' dir='ltr'>nouitios</span> <span class='ocrx_word' id='word_1_18' title='bbox 1203 390 1374 432; x_wconf 90' lang='lat' dir='ltr'>habent</span> <span class='ocrx_word' id='word_1_19' title='bbox 1404 390 1659 445; x_wconf 87' lang='lat' dir='ltr'>exploratos</span> <span class='ocrx_word' id='word_1_20' title='bbox 1688 398 1734 433; x_wconf 93' lang='lat' dir='ltr'>et</span> <span class='ocrx_word' id='word_1_21' title='bbox 1756 405 1831 434; x_wconf 91' lang='lat' dir='ltr'>co·</span> 
     </span>
     <span class='ocr_line' id='line_1_5' title="bbox 200 467 1340 527; baseline -0.001 -15"><span class='ocrx_word' id='word_1_22' title='bbox 200 468 372 527; x_wconf 87' lang='lat' dir='ltr'>gnitos,</span> <span class='ocrx_word' id='word_1_23' title='bbox 397 483 471 520; x_wconf 89' lang='lat' dir='ltr'>ne,</span> <span class='ocrx_word' id='word_1_24' title='bbox 497 481 654 512; x_wconf 89' lang='lat' dir='ltr'>eorum</span> <span class='ocrx_word' id='word_1_25' title='bbox 677 467 901 513; x_wconf 86' lang='lat' dir='ltr'>sententia</span> <span class='ocrx_word' id='word_1_26' title='bbox 923 467 1150 524; x_wconf 89' lang='lat' dir='ltr'>neglecta,</span> <span class='ocrx_word' id='word_1_27' title='bbox 1170 474 1340 511; x_wconf 86' lang='lat' dir='ltr'><strong>errent.</strong></span> 
     </span>
     <span class='ocr_line' id='line_1_6' title="bbox 218 543 1828 606; baseline -0.002 -16"><span class='ocrx_word' id='word_1_28' title='bbox 218 591 233 606; x_wconf 46' lang='lat'><em>¹</em></span> <span class='ocrx_word' id='word_1_29' title='bbox 291 545 363 598; x_wconf 82' lang='lat' dir='ltr'>5l8</span> <span class='ocrx_word' id='word_1_30' title='bbox 396 545 489 601; x_wconf 79' lang='lat' dir='ltr'>Qui</span> <span class='ocrx_word' id='word_1_31' title='bbox 510 546 644 588; x_wconf 87' lang='lat' dir='ltr'>datur</span> <span class='ocrx_word' id='word_1_32' title='bbox 665 545 816 589; x_wconf 88' lang='lat' dir='ltr'>socius</span> <span class='ocrx_word' id='word_1_33' title='bbox 842 543 1167 597; x_wconf 89' lang='lat' dir='ltr'>concionatori,</span> <span class='ocrx_word' id='word_1_34' title='bbox 1191 543 1250 587; x_wconf 90' lang='lat' dir='ltr'>sit</span> <span class='ocrx_word' id='word_1_35' title='bbox 1277 558 1454 600; x_wconf 80' lang='lat' dir='ltr'>semper</span> <span class='ocrx_word' id='word_1_36' title='bbox 1480 558 1676 600; x_wconf 88' lang='lat' dir='ltr'>magnae</span> <span class='ocrx_word' id='word_1_37' title='bbox 1706 545 1828 593; x_wconf 78' lang='lat' dir='ltr'>fidei.</span> 
     </span>
     <span class='ocr_line' id='line_1_7' title="bbox 147 621 1831 686; baseline -0.001 -19"><span class='ocrx_word' id='word_1_38' title='bbox 147 645 166 686; x_wconf 47' lang='lat' dir='ltr'>g</span> <span class='ocrx_word' id='word_1_39' title='bbox 199 622 465 680; x_wconf 86' lang='lat' dir='ltr'>praesertim</span> <span class='ocrx_word' id='word_1_40' title='bbox 490 637 592 665; x_wconf 89' lang='lat' dir='ltr'>cum</span> <span class='ocrx_word' id='word_1_41' title='bbox 617 621 664 665; x_wconf 92' lang='lat' dir='ltr'>in</span> <span class='ocrx_word' id='word_1_42' title='bbox 685 621 867 678; x_wconf 84' lang='lat' dir='ltr'>aliquod</span> <span class='ocrx_word' id='word_1_43' title='bbox 887 621 1103 678; x_wconf 89' lang='lat' dir='ltr'>oppidum</span> <span class='ocrx_word' id='word_1_44' title='bbox 1132 621 1205 665; x_wconf 91' lang='lat' dir='ltr'>vel</span> <span class='ocrx_word' id='word_1_45' title='bbox 1235 635 1406 678; x_wconf 89' lang='lat' dir='ltr'>pagum</span> <span class='ocrx_word' id='word_1_46' title='bbox 1443 622 1644 664; x_wconf 89' lang='lat' dir='ltr'>eundum</span> <span class='ocrx_word' id='word_1_47' title='bbox 1675 630 1760 674; x_wconf 91' lang='lat' dir='ltr'>est,</span> <span class='ocrx_word' id='word_1_48' title='bbox 1786 632 1831 666; x_wconf 86' lang='lat' dir='ltr'>et</span> 
     </span>
     <span class='ocr_line' id='line_1_8' title="bbox 199 697 1324 756; baseline -0.003 -14"><span class='ocrx_word' id='word_1_49' title='bbox 199 699 365 756; x_wconf 88' lang='lat' dir='ltr'>poterit</span> <span class='ocrx_word' id='word_1_50' title='bbox 386 699 425 742; x_wconf 91' lang='lat' dir='ltr'>is</span> <span class='ocrx_word' id='word_1_51' title='bbox 442 698 736 743; x_wconf 85' lang='lat' dir='ltr'>christianam</span> <span class='ocrx_word' id='word_1_52' title='bbox 758 698 1008 742; x_wconf 85' lang='lat' dir='ltr'>doctrinam</span> <span class='ocrx_word' id='word_1_53' title='bbox 1030 698 1194 741; x_wconf 89' lang='lat' dir='ltr'>docere</span> <span class='ocrx_word' id='word_1_54' title='bbox 1216 697 1324 740; x_wconf 90' lang='lat' dir='ltr'>illic.</span> 
     </span>
    </p>

    <p class='ocr_par' dir='ltr' id='par_1_4' title="bbox 196 774 1832 909">
     <span class='ocr_line' id='line_1_9' title="bbox 288 774 1831 831; baseline -0.001 -11"><span class='ocrx_word' id='word_1_55' title='bbox 288 778 359 820; x_wconf 90' lang='lat' dir='ltr'>Ne</span> <span class='ocrx_word' id='word_1_56' title='bbox 389 777 523 819; x_wconf 86' lang='lat' dir='ltr'>detur</span> <span class='ocrx_word' id='word_1_57' title='bbox 552 776 744 820; x_wconf 86' lang='lat' dir='ltr'>facultas</span> <span class='ocrx_word' id='word_1_58' title='bbox 778 775 836 828; x_wconf 91' lang='lat' dir='ltr'>ei,</span> <span class='ocrx_word' id='word_1_59' title='bbox 861 775 939 831; x_wconf 90' lang='lat' dir='ltr'>qui</span> <span class='ocrx_word' id='word_1_60' title='bbox 977 774 1088 831; x_wconf 87' lang='lat' dir='ltr'>petit</span> <span class='ocrx_word' id='word_1_61' title='bbox 1123 774 1390 818; x_wconf 88' lang='lat' dir='ltr'>nominatim</span> <span class='ocrx_word' id='word_1_62' title='bbox 1428 774 1621 827; x_wconf 87' lang='lat' dir='ltr'>socium,</span> <span class='ocrx_word' id='word_1_63' title='bbox 1648 790 1752 818; x_wconf 91' lang='lat' dir='ltr'>cum</span> <span class='ocrx_word' id='word_1_64' title='bbox 1775 791 1831 820; x_wconf 92' lang='lat' dir='ltr'>eo</span> 
     </span>
     <span class='ocr_line' id='line_1_10' title="bbox 196 849 1832 909; baseline -0.002 -11"><span class='ocrx_word' id='word_1_65' title='bbox 196 853 413 904; x_wconf 84' lang='lat' dir='ltr'>exeundi,</span> <span class='ocrx_word' id='word_1_66' title='bbox 448 852 534 896; x_wconf 89' lang='lat' dir='ltr'>nisi</span> <span class='ocrx_word' id='word_1_67' title='bbox 556 852 724 895; x_wconf 86' lang='lat' dir='ltr'>iudicio</span> <span class='ocrx_word' id='word_1_68' title='bbox 751 860 797 896; x_wconf 92' lang='lat' dir='ltr'>et</span> <span class='ocrx_word' id='word_1_69' title='bbox 819 851 1184 896; x_wconf 78' lang='lat' dir='ltr'>consideratione</span> <span class='ocrx_word' id='word_1_70' title='bbox 1212 851 1431 895; x_wconf 89' lang='lat' dir='ltr'>adhibita.</span> <span class='ocrx_word' id='word_1_71' title='bbox 1462 849 1723 895; x_wconf 86' lang='lat' dir='ltr'>Asuescant</span> <span class='ocrx_word' id='word_1_72' title='bbox 1750 868 1832 909; x_wconf 74' lang='lat' dir='ltr'>po-</span> 
     </span>
    </p>
   </div>
   <div class='ocr_carea' id='block_1_4' title="bbox 130 925 1831 986">
    <p class='ocr_par' dir='ltr' id='par_1_5' title="bbox 130 925 1831 986">
     <span class='ocr_line' id='line_1_11' title="bbox 130 925 1831 986; baseline -0.001 -13"><span class='ocrx_word' id='word_1_73' title='bbox 130 972 141 981; x_wconf 58' lang='grc'>,</span> <span class='ocrx_word' id='word_1_74' title='bbox 197 929 289 973; x_wconf 84' lang='lat' dir='ltr'>tius</span> <span class='ocrx_word' id='word_1_75' title='bbox 316 934 475 974; x_wconf 89' lang='lat' dir='ltr'>omnes</span> <span class='ocrx_word' id='word_1_76' title='bbox 502 937 552 972; x_wconf 89' lang='lat' dir='ltr'>vt</span> <span class='ocrx_word' id='word_1_77' title='bbox 579 929 749 984; x_wconf 78' lang='lat' dir='ltr'>singuli</span> <span class='ocrx_word' id='word_1_78' title='bbox 779 925 955 972; x_wconf 89' lang='lat' dir='ltr'>tantum</span> <span class='ocrx_word' id='word_1_79' title='bbox 986 943 1068 986; x_wconf 91' lang='lat' dir='ltr'>pro</span> <span class='ocrx_word' id='word_1_80' title='bbox 1103 943 1154 972; x_wconf 90' lang='lat' dir='ltr'>se</span> <span class='ocrx_word' id='word_1_81' title='bbox 1190 935 1348 984; x_wconf 89' lang='lat' dir='ltr'>petant</span> <span class='ocrx_word' id='word_1_82' title='bbox 1385 928 1662 982; x_wconf 89' lang='lat' dir='ltr'>facultatem;</span> <span class='ocrx_word' id='word_1_83' title='bbox 1695 930 1831 973; x_wconf 91' lang='lat' dir='ltr'>relin-</span> 
     </span>
    </p>
   </div>
   <div class='ocr_carea' id='block_1_5' title="bbox 156 1005 1830 1755">
    <p class='ocr_par' dir='ltr' id='par_1_6' title="bbox 198 1005 1288 1062">
     <span class='ocr_line' id='line_1_12' title="bbox 198 1005 1288 1062; baseline -0.002 -12"><span class='ocrx_word' id='word_1_84' title='bbox 198 1013 343 1062; x_wconf 88' lang='lat' dir='ltr'>quant</span> <span class='ocrx_word' id='word_1_85' title='bbox 364 1020 521 1050; x_wconf 90' lang='lat' dir='ltr'>curam</span> <span class='ocrx_word' id='word_1_86' title='bbox 545 1005 656 1049; x_wconf 89' lang='lat' dir='ltr'>socii</span> <span class='ocrx_word' id='word_1_87' title='bbox 678 1005 940 1062; x_wconf 84' lang='lat' dir='ltr'>assignandi</span> <span class='ocrx_word' id='word_1_88' title='bbox 962 1005 1288 1062; x_wconf 89' lang='lat' dir='ltr'>superioribus.</span> 
     </span>
    </p>

    <p class='ocr_par' dir='ltr' id='par_1_7' title="bbox 196 1082 1830 1293">
     <span class='ocr_line' id='line_1_13' title="bbox 286 1082 1830 1139; baseline 0 -13"><span class='ocrx_word' id='word_1_89' title='bbox 286 1083 558 1127; x_wconf 87' lang='lat' dir='ltr'>Prouinciae</span> <span class='ocrx_word' id='word_1_90' title='bbox 580 1090 846 1139; x_wconf 85' lang='lat' dir='ltr'>procurator</span> <span class='ocrx_word' id='word_1_91' title='bbox 866 1082 1053 1127; x_wconf 82' lang='lat' dir='ltr'>habebit</span> <span class='ocrx_word' id='word_1_92' title='bbox 1075 1082 1317 1135; x_wconf 89' lang='lat' dir='ltr'>ordinarie,</span> <span class='ocrx_word' id='word_1_93' title='bbox 1343 1082 1420 1138; x_wconf 89' lang='lat' dir='ltr'>qui</span> <span class='ocrx_word' id='word_1_94' title='bbox 1443 1097 1546 1126; x_wconf 91' lang='lat' dir='ltr'>eum</span> <span class='ocrx_word' id='word_1_95' title='bbox 1571 1083 1758 1127; x_wconf 87' lang='lat' dir='ltr'>adiuuet</span> <span class='ocrx_word' id='word_1_96' title='bbox 1786 1084 1830 1126; x_wconf 88' lang='lat' dir='ltr'>in</span> 
     </span>
     <span class='ocr_line' id='line_1_14' title="bbox 197 1159 1827 1217; baseline 0.001 -14"><span class='ocrx_word' id='word_1_97' title='bbox 197 1159 455 1212; x_wconf 86' lang='lat' dir='ltr'>scribendo,</span> <span class='ocrx_word' id='word_1_98' title='bbox 485 1167 531 1203; x_wconf 92' lang='lat' dir='ltr'>et</span> <span class='ocrx_word' id='word_1_99' title='bbox 568 1159 613 1202; x_wconf 91' lang='lat' dir='ltr'>in</span> <span class='ocrx_word' id='word_1_100' title='bbox 642 1161 779 1204; x_wconf 89' lang='lat' dir='ltr'>rebus</span> <span class='ocrx_word' id='word_1_101' title='bbox 815 1159 930 1213; x_wconf 81' lang='lat' dir='ltr'>aliis3</span> <span class='ocrx_word' id='word_1_102' title='bbox 959 1173 1095 1215; x_wconf 91' lang='lat' dir='ltr'>quem</span> <span class='ocrx_word' id='word_1_103' title='bbox 1133 1173 1236 1202; x_wconf 90' lang='lat' dir='ltr'>cum</span> <span class='ocrx_word' id='word_1_104' title='bbox 1269 1167 1539 1215; x_wconf 88' lang='lat' dir='ltr'>procurator</span> <span class='ocrx_word' id='word_1_105' title='bbox 1566 1161 1827 1217; x_wconf 75' lang='lat' dir='ltr'>occupabit,</span> 
     </span>
     <span class='ocr_line' id='line_1_15' title="bbox 196 1224 1306 1293; baseline -0.002 -13"><span class='ocrx_word' id='word_1_106' title='bbox 196 1235 404 1281; x_wconf 86' lang='lat' dir='ltr'>minister</span> <span class='ocrx_word' id='word_1_107' title='bbox 426 1251 517 1280; x_wconf 93' lang='lat' dir='ltr'>non</span> <span class='ocrx_word' id='word_1_108' title='bbox 538 1224 754 1293; x_wconf 85' lang='lat' dir='ltr'>impediet</span> <span class='ocrx_word' id='word_1_109' title='bbox 777 1237 875 1281; x_wconf 90' lang='lat' dir='ltr'>sine</span> <span class='ocrx_word' id='word_1_110' title='bbox 895 1236 1022 1279; x_wconf 88' lang='lat' dir='ltr'>iussu</span> <span class='ocrx_word' id='word_1_111' title='bbox 1044 1236 1306 1293; x_wconf 90' lang='lat' dir='ltr'>superioris.</span> 
     </span>
    </p>

    <p class='ocr_par' dir='ltr' id='par_1_8' title="bbox 195 1312 1828 1447">
     <span class='ocr_line' id='line_1_16' title="bbox 286 1312 1828 1370; baseline 0 -13"><span class='ocrx_word' id='word_1_112' title='bbox 286 1313 378 1357; x_wconf 89' lang='lat' dir='ltr'>Hic</span> <span class='ocrx_word' id='word_1_113' title='bbox 394 1313 547 1357; x_wconf 90' lang='lat' dir='ltr'>socius</span> <span class='ocrx_word' id='word_1_114' title='bbox 574 1314 881 1370; x_wconf 87' lang='lat' dir='ltr'>procuratoris</span> <span class='ocrx_word' id='word_1_115' title='bbox 908 1313 955 1355; x_wconf 90' lang='lat' dir='ltr'>in</span> <span class='ocrx_word' id='word_1_116' title='bbox 987 1313 1041 1356; x_wconf 89' lang='lat' dir='ltr'>iis</span> <span class='ocrx_word' id='word_1_117' title='bbox 1068 1312 1273 1369; x_wconf 84' lang='lat' dir='ltr'>collegiis</span> <span class='ocrx_word' id='word_1_118' title='bbox 1302 1313 1387 1357; x_wconf 91' lang='lat' dir='ltr'>erit</span> <span class='ocrx_word' id='word_1_119' title='bbox 1424 1314 1729 1367; x_wconf 88' lang='lat' dir='ltr'>necessarius,</span> <span class='ocrx_word' id='word_1_120' title='bbox 1754 1315 1828 1357; x_wconf 88' lang='lat' dir='ltr'>vbi</span> 
     </span>
     <span class='ocr_line' id='line_1_17' title="bbox 195 1390 1706 1447; baseline 0 -13"><span class='ocrx_word' id='word_1_121' title='bbox 195 1391 320 1434; x_wconf 86' lang='lat' dir='ltr'>solus</span> <span class='ocrx_word' id='word_1_122' title='bbox 342 1391 548 1447; x_wconf 84' lang='lat' dir='ltr'>negociis</span> <span class='ocrx_word' id='word_1_123' title='bbox 570 1398 616 1435; x_wconf 91' lang='lat' dir='ltr'>et</span> <span class='ocrx_word' id='word_1_124' title='bbox 637 1390 872 1447; x_wconf 88' lang='lat' dir='ltr'>scriptioni</span> <span class='ocrx_word' id='word_1_125' title='bbox 899 1391 1109 1436; x_wconf 87' lang='lat' dir='ltr'>sufficere</span> <span class='ocrx_word' id='word_1_126' title='bbox 1135 1404 1227 1433; x_wconf 92' lang='lat' dir='ltr'>non</span> <span class='ocrx_word' id='word_1_127' title='bbox 1250 1397 1401 1446; x_wconf 89' lang='lat' dir='ltr'>potest</span> <span class='ocrx_word' id='word_1_128' title='bbox 1423 1399 1706 1446; x_wconf 89' lang='lat' dir='ltr'>procurator.</span> 
     </span>
    </p>

    <p class='ocr_par' dir='ltr' id='par_1_9' title="bbox 156 1461 1828 1755">
     <span class='ocr_line' id='line_1_18' title="bbox 283 1461 1828 1524; baseline 0.001 -14"><span class='ocrx_word' id='word_1_129' title='bbox 283 1468 332 1510; x_wconf 90' lang='lat' dir='ltr'>In</span> <span class='ocrx_word' id='word_1_130' title='bbox 354 1467 549 1524; x_wconf 90' lang='lat' dir='ltr'>singulis</span> <span class='ocrx_word' id='word_1_131' title='bbox 579 1468 818 1519; x_wconf 89' lang='lat' dir='ltr'>classibus,</span> <span class='ocrx_word' id='word_1_132' title='bbox 843 1467 920 1509; x_wconf 89' lang='lat' dir='ltr'>vbi</span> <span class='ocrx_word' id='word_1_133' title='bbox 948 1467 1102 1522; x_wconf 89' lang='lat' dir='ltr'>aliquo</span> <span class='ocrx_word' id='word_1_134' title='bbox 1141 1482 1331 1511; x_wconf 90' lang='lat' dir='ltr'>numero</span> <span class='ocrx_word' id='word_1_135' title='bbox 1359 1461 1502 1511; x_wconf 84' lang='lat' dir='ltr'>nostri</span> <span class='ocrx_word' id='word_1_136' title='bbox 1533 1468 1742 1523; x_wconf 87' lang='lat' dir='ltr'>audiunt,</span> <span class='ocrx_word' id='word_1_137' title='bbox 1767 1469 1828 1512; x_wconf 48' lang='lat' dir='ltr'>si‘</span> 
     </span>
     <span class='ocr_line' id='line_1_19' title="bbox 194 1544 1828 1601; baseline 0.001 -13"><span class='ocrx_word' id='word_1_138' title='bbox 194 1544 296 1600; x_wconf 92' lang='lat' dir='ltr'>quis</span> <span class='ocrx_word' id='word_1_139' title='bbox 323 1559 349 1587; x_wconf 92' lang='lat' dir='ltr'>e</span> <span class='ocrx_word' id='word_1_140' title='bbox 376 1545 522 1588; x_wconf 89' lang='lat' dir='ltr'>classe</span> <span class='ocrx_word' id='word_1_141' title='bbox 549 1544 622 1589; x_wconf 82' lang='grc'>519</span> <span class='ocrx_word' id='word_1_142' title='bbox 659 1544 938 1601; x_wconf 82' lang='lat' dir='ltr'>egrediatur,</span> <span class='ocrx_word' id='word_1_143' title='bbox 973 1545 1096 1599; x_wconf 89' lang='lat' dir='ltr'>quod</span> <span class='ocrx_word' id='word_1_144' title='bbox 1132 1545 1304 1599; x_wconf 89' lang='lat' dir='ltr'>absque</span> <span class='ocrx_word' id='word_1_145' title='bbox 1331 1553 1526 1601; x_wconf 83' lang='lat' dir='ltr'>vrgente</span> <span class='ocrx_word' id='word_1_146' title='bbox 1555 1546 1828 1589; x_wconf 76' lang='lat' dir='ltr'>necessitate</span> 
     </span>
     <span class='ocr_line' id='line_1_20' title="bbox 156 1612 1827 1679; baseline 0.001 -15"><span class='ocrx_word' id='word_1_147' title='bbox 156 1612 160 1613; x_wconf 37' lang='lat'><em>⁷</em></span> <span class='ocrx_word' id='word_1_148' title='bbox 193 1635 285 1664; x_wconf 92' lang='lat' dir='ltr'>non</span> <span class='ocrx_word' id='word_1_149' title='bbox 314 1621 464 1674; x_wconf 83' lang='lat' dir='ltr'>faciet,</span> <span class='ocrx_word' id='word_1_150' title='bbox 490 1637 595 1666; x_wconf 87' lang='lat' dir='ltr'>eum</span> <span class='ocrx_word' id='word_1_151' title='bbox 624 1631 839 1677; x_wconf 90' lang='lat' dir='ltr'>sequetur</span> <span class='ocrx_word' id='word_1_152' title='bbox 866 1621 1018 1664; x_wconf 90' lang='lat' dir='ltr'>socius</span> <span class='ocrx_word' id='word_1_153' title='bbox 1048 1622 1105 1665; x_wconf 92' lang='lat' dir='ltr'>ad</span> <span class='ocrx_word' id='word_1_154' title='bbox 1131 1614 1179 1664; x_wconf 69' lang='lat' dir='ltr'>‘id</span> <span class='ocrx_word' id='word_1_155' title='bbox 1215 1622 1485 1679; x_wconf 86' lang='lat' dir='ltr'>designatus</span> <span class='ocrx_word' id='word_1_156' title='bbox 1514 1637 1540 1665; x_wconf 92' lang='lat' dir='ltr'>a</span> <span class='ocrx_word' id='word_1_157' title='bbox 1570 1631 1762 1678; x_wconf 86' lang='lat' dir='ltr'>rectore;</span> <span class='ocrx_word' id='word_1_158' title='bbox 1791 1624 1827 1666; x_wconf 88' lang='lat' dir='ltr'>is</span> 
     </span>
     <span class='ocr_line' id='line_1_21' title="bbox 194 1682 1249 1755; baseline 0.001 -14"><span class='ocrx_word' id='word_1_159' title='bbox 194 1713 303 1742; x_wconf 82' lang='lat' dir='ltr'>vero</span> <span class='ocrx_word' id='word_1_160' title='bbox 326 1713 421 1742; x_wconf 88' lang='lat' dir='ltr'>non</span> <span class='ocrx_word' id='word_1_161' title='bbox 442 1698 528 1742; x_wconf 84' lang='lat' dir='ltr'>erit</span> <span class='ocrx_word' id='word_1_162' title='bbox 550 1713 729 1755; x_wconf 89' lang='lat' dir='ltr'>semper</span> <span class='ocrx_word' id='word_1_163' title='bbox 750 1698 886 1743; x_wconf 90' lang='lat' dir='ltr'>idem.</span> <span class='ocrx_word' id='word_1_164' title='bbox 1242 1682 1249 1688; x_wconf 47' lang='grc'><strong>”</strong></span> 
     </span>
    </p>
   </div>
   <div class='ocr_carea' id='block_1_6' title="bbox 852 1819 1165 1860">
    <p class='ocr_par' dir='ltr' id='par_1_10' title="bbox 852 1819 1165 1860">
     <span class='ocr_line' id='line_1_22' title="bbox 852 1819 1165 1860; baseline 0 0"><span class='ocrx_word' id='word_1_165' title='bbox 852 1831 914 1860; x_wconf 86' lang='lat' dir='ltr'>DE</span> <span class='ocrx_word' id='word_1_166' title='bbox 946 1819 1165 1860; x_wconf 68' lang='lat' dir='ltr'>1N12&#39;1RM18</span> 
     </span>
    </p>
   </div>
   <div class='ocr_carea' id='block_1_7' title="bbox 127 1928 1843 2906">
    <p class='ocr_par' dir='ltr' id='par_1_11' title="bbox 127 1928 1826 2205">
     <span class='ocr_line' id='line_1_23' title="bbox 278 1928 1826 1985; baseline 0 -12"><span class='ocrx_word' id='word_1_167' title='bbox 278 1930 348 1973; x_wconf 91' lang='lat' dir='ltr'>Ne</span> <span class='ocrx_word' id='word_1_168' title='bbox 370 1928 605 1973; x_wconf 86' lang='lat' dir='ltr'>mittantur</span> <span class='ocrx_word' id='word_1_169' title='bbox 629 1929 810 1980; x_wconf 89' lang='lat' dir='ltr'>infirmi,</span> <span class='ocrx_word' id='word_1_170' title='bbox 836 1942 888 1972; x_wconf 88' lang='lat' dir='ltr'>ac</span> <span class='ocrx_word' id='word_1_171' title='bbox 905 1943 962 1971; x_wconf 90' lang='lat' dir='ltr'>ne</span> <span class='ocrx_word' id='word_1_172' title='bbox 979 1928 1054 1971; x_wconf 88' lang='lat' dir='ltr'>alii</span> <span class='ocrx_word' id='word_1_173' title='bbox 1069 1928 1251 1985; x_wconf 89' lang='lat' dir='ltr'>quidem</span> <span class='ocrx_word' id='word_1_174' title='bbox 1279 1931 1438 1973; x_wconf 88' lang='lat' dir='ltr'>Patres</span> <span class='ocrx_word' id='word_1_175' title='bbox 1462 1938 1539 1973; x_wconf 88' lang='lat' dir='ltr'>aut</span> <span class='ocrx_word' id='word_1_176' title='bbox 1565 1932 1741 1983; x_wconf 81' lang='lat' dir='ltr'>fratres,</span> <span class='ocrx_word' id='word_1_177' title='bbox 1769 1933 1826 1974; x_wconf 87' lang='lat' dir='ltr'>ad</span> 
     </span>
     <span class='ocr_line' id='line_1_24' title="bbox 191 1990 1826 2062; baseline 0.001 -12"><span class='ocrx_word' id='word_1_178' title='bbox 191 1990 278 2050; x_wconf 86' lang='lat' dir='ltr'>aiia</span> <span class='ocrx_word' id='word_1_179' title='bbox 298 2005 491 2062; x_wconf 90' lang='lat' dir='ltr'>collegia</span> <span class='ocrx_word' id='word_1_180' title='bbox 512 2013 639 2050; x_wconf 87' lang='lat' dir='ltr'>extra</span> <span class='ocrx_word' id='word_1_181' title='bbox 663 2005 943 2062; x_wconf 87' lang='lat' dir='ltr'>prouinciam</span> <span class='ocrx_word' id='word_1_182' title='bbox 968 2005 1066 2050; x_wconf 86' lang='lat' dir='ltr'>sine</span> <span class='ocrx_word' id='word_1_183' title='bbox 1094 2005 1377 2050; x_wconf 84' lang='lat' dir='ltr'>ordinatione</span> <span class='ocrx_word' id='word_1_184' title='bbox 1407 2006 1720 2059; x_wconf 83' lang='lat' dir='ltr'>commissarii,</span> <span class='ocrx_word' id='word_1_185' title='bbox 1747 2018 1826 2051; x_wconf 91' lang='lat' dir='ltr'>aut</span> 
     </span>
     <span class='ocr_line' id='line_1_25' title="bbox 127 2082 1823 2139; baseline 0.002 -14"><span class='ocrx_word' id='word_1_186' title='bbox 127 2131 129 2133; x_wconf 21' lang='lat'><strong><em>¹</em></strong></span> <span class='ocrx_word' id='word_1_187' title='bbox 190 2096 418 2126; x_wconf 88' lang='lat' dir='ltr'>consensu</span> <span class='ocrx_word' id='word_1_188' title='bbox 439 2082 559 2125; x_wconf 90' lang='lat' dir='ltr'>illius</span> <span class='ocrx_word' id='word_1_189' title='bbox 580 2082 888 2139; x_wconf 77' lang='lat' dir='ltr'>prouincialis,</span> <span class='ocrx_word' id='word_1_190' title='bbox 914 2082 968 2125; x_wconf 84' lang='lat' dir='ltr'>ad</span> <span class='ocrx_word' id='word_1_191' title='bbox 994 2082 1125 2126; x_wconf 92' lang='lat' dir='ltr'>cuius</span> <span class='ocrx_word' id='word_1_192' title='bbox 1152 2083 1433 2139; x_wconf 87' lang='lat' dir='ltr'>prouinciam</span> <span class='ocrx_word' id='word_1_193' title='bbox 1464 2084 1693 2127; x_wconf 86' lang='lat' dir='ltr'>infirmum</span> <span class='ocrx_word' id='word_1_194' title='bbox 1718 2086 1823 2128; x_wconf 78' lang='lat' dir='ltr'>mit-</span> 
     </span>
     <span class='ocr_line' id='line_1_26' title="bbox 191 2159 488 2205; baseline 0.01 -4"><span class='ocrx_word' id='word_1_195' title='bbox 191 2165 286 2202; x_wconf 91' lang='lat' dir='ltr'>tere</span> <span class='ocrx_word' id='word_1_196' title='bbox 307 2159 488 2205; x_wconf 89' lang='lat' dir='ltr'>volunt.</span> 
     </span>
    </p>

    <p class='ocr_par' dir='ltr' id='par_1_12' title="bbox 185 2236 1843 2906">
     <span class='ocr_line' id='line_1_27' title="bbox 276 2236 1821 2292; baseline 0.002 -14"><span class='ocrx_word' id='word_1_197' title='bbox 276 2237 474 2292; x_wconf 81' lang='lat' dir='ltr'>Quando</span> <span class='ocrx_word' id='word_1_198' title='bbox 510 2236 780 2280; x_wconf 84' lang='lat' dir='ltr'>necessitate</span> <span class='ocrx_word' id='word_1_199' title='bbox 807 2243 1016 2292; x_wconf 75' lang='lat' dir='ltr'>vrgente,</span> <span class='ocrx_word' id='word_1_200' title='bbox 1049 2252 1104 2280; x_wconf 87' lang='lat' dir='ltr'>ex</span> <span class='ocrx_word' id='word_1_201' title='bbox 1133 2236 1321 2280; x_wconf 90' lang='lat' dir='ltr'>consilio</span> <span class='ocrx_word' id='word_1_202' title='bbox 1352 2245 1371 2263; x_wconf 87' lang='lat'><em>²</em></span> <span class='ocrx_word' id='word_1_203' title='bbox 1399 2237 1581 2289; x_wconf 86' lang='lat' dir='ltr'>medici,</span> <span class='ocrx_word' id='word_1_204' title='bbox 1614 2238 1821 2281; x_wconf 78' lang='lat' dir='ltr'>infirmus</span> 
     </span>
     <span class='ocr_line' id='line_1_28' title="bbox 189 2311 1821 2370; baseline 0.001 -14"><span class='ocrx_word' id='word_1_205' title='bbox 189 2312 351 2369; x_wconf 89' lang='lat' dir='ltr'>aliquis</span> <span class='ocrx_word' id='word_1_206' title='bbox 371 2326 427 2356; x_wconf 82' lang='lat' dir='ltr'>ex</span> <span class='ocrx_word' id='word_1_207' title='bbox 449 2322 539 2356; x_wconf 89' lang='lat' dir='ltr'>vno</span> <span class='ocrx_word' id='word_1_208' title='bbox 566 2311 611 2355; x_wconf 91' lang='lat' dir='ltr'>in</span> <span class='ocrx_word' id='word_1_209' title='bbox 634 2312 756 2356; x_wconf 88' lang='lat' dir='ltr'>aliud</span> <span class='ocrx_word' id='word_1_210' title='bbox 778 2312 1021 2370; x_wconf 86' lang='lat' dir='ltr'>collegium</span> <span class='ocrx_word' id='word_1_211' title='bbox 1045 2313 1267 2366; x_wconf 85' lang='lat' dir='ltr'>mittetur,</span> <span class='ocrx_word' id='word_1_212' title='bbox 1290 2321 1341 2356; x_wconf 92' lang='lat' dir='ltr'>vt</span> <span class='ocrx_word' id='word_1_213' title='bbox 1363 2314 1452 2356; x_wconf 90' lang='lat' dir='ltr'>illic</span> <span class='ocrx_word' id='word_1_214' title='bbox 1481 2315 1719 2358; x_wconf 83' lang='lat' dir='ltr'>sanitatem</span> <span class='ocrx_word' id='word_1_215' title='bbox 1751 2330 1821 2357; x_wconf 91' lang='lat' dir='ltr'>re-</span> 
     </span>
     <span class='ocr_line' id='line_1_29' title="bbox 188 2390 1818 2446; baseline 0 -13"><span class='ocrx_word' id='word_1_216' title='bbox 188 2397 374 2446; x_wconf 88' lang='lat' dir='ltr'>cuperet</span> <span class='ocrx_word' id='word_1_217' title='bbox 397 2390 468 2434; x_wconf 91' lang='lat' dir='ltr'>vel</span> <span class='ocrx_word' id='word_1_218' title='bbox 491 2390 799 2442; x_wconf 88' lang='lat' dir='ltr'>conualescat,</span> <span class='ocrx_word' id='word_1_219' title='bbox 825 2404 878 2432; x_wconf 86' lang='lat' dir='ltr'>ac</span> <span class='ocrx_word' id='word_1_220' title='bbox 900 2404 990 2432; x_wconf 91' lang='lat' dir='ltr'>non</span> <span class='ocrx_word' id='word_1_221' title='bbox 1009 2390 1140 2433; x_wconf 88' lang='lat' dir='ltr'>aliam</span> <span class='ocrx_word' id='word_1_222' title='bbox 1164 2391 1222 2433; x_wconf 92' lang='lat' dir='ltr'>ob</span> <span class='ocrx_word' id='word_1_223' title='bbox 1240 2405 1441 2442; x_wconf 88' lang='lat' dir='ltr'>causam,</span> <span class='ocrx_word' id='word_1_224' title='bbox 1461 2400 1818 2435; x_wconf 87' lang='lat' dir='ltr'>consentaneum</span> 
     </span>
     <span class='ocr_line' id='line_1_30' title="bbox 186 2465 1817 2523; baseline 0 -13"><span class='ocrx_word' id='word_1_225' title='bbox 186 2465 402 2521; x_wconf 86' lang='lat' dir='ltr'>aequitati</span> <span class='ocrx_word' id='word_1_226' title='bbox 430 2467 609 2509; x_wconf 90' lang='lat' dir='ltr'>videtur</span> <span class='ocrx_word' id='word_1_227' title='bbox 636 2473 685 2508; x_wconf 92' lang='lat' dir='ltr'>vt</span> <span class='ocrx_word' id='word_1_228' title='bbox 714 2466 976 2522; x_wconf 87' lang='lat' dir='ltr'>collegium,</span> <span class='ocrx_word' id='word_1_229' title='bbox 1008 2467 1130 2511; x_wconf 94' lang='lat' dir='ltr'>vnde</span> <span class='ocrx_word' id='word_1_230' title='bbox 1151 2467 1371 2519; x_wconf 88' lang='lat' dir='ltr'>mittetur,</span> <span class='ocrx_word' id='word_1_231' title='bbox 1398 2468 1548 2510; x_wconf 88' lang='lat' dir='ltr'>soluat</span> <span class='ocrx_word' id='word_1_232' title='bbox 1581 2483 1817 2523; x_wconf 85' lang='lat' dir='ltr'>expensas,</span> 
     </span>
     <span class='ocr_line' id='line_1_31' title="bbox 186 2542 1820 2600; baseline 0.001 -14"><span class='ocrx_word' id='word_1_233' title='bbox 186 2543 275 2586; x_wconf 87' lang='lat' dir='ltr'>hoc</span> <span class='ocrx_word' id='word_1_234' title='bbox 296 2551 380 2595; x_wconf 88' lang='lat' dir='ltr'>est,</span> <span class='ocrx_word' id='word_1_235' title='bbox 405 2542 622 2598; x_wconf 89' lang='lat' dir='ltr'>quicquid</span> <span class='ocrx_word' id='word_1_236' title='bbox 643 2557 668 2586; x_wconf 93' lang='lat' dir='ltr'>e</span> <span class='ocrx_word' id='word_1_237' title='bbox 698 2557 914 2587; x_wconf 90' lang='lat' dir='ltr'>crumena</span> <span class='ocrx_word' id='word_1_238' title='bbox 937 2543 1122 2587; x_wconf 91' lang='lat' dir='ltr'>alterius</span> <span class='ocrx_word' id='word_1_239' title='bbox 1144 2544 1327 2600; x_wconf 86' lang='lat' dir='ltr'>collegii</span> <span class='ocrx_word' id='word_1_240' title='bbox 1359 2545 1494 2588; x_wconf 86' lang='lat' dir='ltr'>fuerit</span> <span class='ocrx_word' id='word_1_241' title='bbox 1523 2548 1607 2589; x_wconf 89' lang='grc'>520</span> <span class='ocrx_word' id='word_1_242' title='bbox 1635 2559 1732 2587; x_wconf 84' lang='lat' dir='ltr'>eam</span> <span class='ocrx_word' id='word_1_243' title='bbox 1763 2546 1820 2587; x_wconf 88' lang='lat' dir='ltr'>ob</span> 
     </span>
     <span class='ocr_line' id='line_1_32' title="bbox 185 2619 1818 2677; baseline 0 -15"><span class='ocrx_word' id='word_1_244' title='bbox 185 2632 367 2663; x_wconf 87' lang='lat' dir='ltr'>causam</span> <span class='ocrx_word' id='word_1_245' title='bbox 390 2619 661 2676; x_wconf 82' lang='lat' dir='ltr'>expositum3</span> <span class='ocrx_word' id='word_1_246' title='bbox 693 2619 803 2662; x_wconf 91' lang='lat' dir='ltr'>nihil</span> <span class='ocrx_word' id='word_1_247' title='bbox 833 2620 1006 2664; x_wconf 85' lang='lat' dir='ltr'>ratione</span> <span class='ocrx_word' id='word_1_248' title='bbox 1035 2621 1418 2677; x_wconf 86' lang='lat' dir='ltr'>suppellectilium</span> <span class='ocrx_word' id='word_1_249' title='bbox 1449 2629 1526 2663; x_wconf 84' lang='lat' dir='ltr'>aut</span> <span class='ocrx_word' id='word_1_250' title='bbox 1549 2620 1715 2663; x_wconf 87' lang='lat' dir='ltr'>laboris</span> <span class='ocrx_word' id='word_1_251' title='bbox 1738 2622 1818 2663; x_wconf 91' lang='lat' dir='ltr'>do-</span> 
     </span>
     <span class='ocr_line' id='line_1_33' title="bbox 186 2696 1815 2754; baseline 0.001 -16"><span class='ocrx_word' id='word_1_252' title='bbox 186 2696 476 2739; x_wconf 81' lang='lat' dir='ltr'>mesticorum</span> <span class='ocrx_word' id='word_1_253' title='bbox 500 2697 788 2753; x_wconf 88' lang='lat' dir='ltr'>supputando</span> <span class='ocrx_word' id='word_1_254' title='bbox 810 2697 1020 2753; x_wconf 90' lang='lat' dir='ltr'>amplius,</span> <span class='ocrx_word' id='word_1_255' title='bbox 1046 2697 1132 2739; x_wconf 91' lang='lat' dir='ltr'>nisi</span> <span class='ocrx_word' id='word_1_256' title='bbox 1156 2699 1272 2741; x_wconf 90' lang='lat' dir='ltr'>forte</span> <span class='ocrx_word' id='word_1_257' title='bbox 1294 2696 1489 2754; x_wconf 77' lang='lat' dir='ltr'>pthysici</span> <span class='ocrx_word' id='word_1_258' title='bbox 1512 2706 1677 2740; x_wconf 90' lang='lat' dir='ltr'>essent.</span> <span class='ocrx_word' id='word_1_259' title='bbox 1702 2699 1815 2740; x_wconf 89' lang='lat' dir='ltr'>Nam</span> 
     </span>
     <span class='ocr_line' id='line_1_34' title="bbox 185 2768 1843 2830; baseline 0.001 -15"><span class='ocrx_word' id='word_1_260' title='bbox 185 2786 239 2815; x_wconf 91' lang='lat' dir='ltr'>ea</span> <span class='ocrx_word' id='word_1_261' title='bbox 260 2773 498 2817; x_wconf 84' lang='lat' dir='ltr'>occasione</span> <span class='ocrx_word' id='word_1_262' title='bbox 515 2774 675 2817; x_wconf 85' lang='lat' dir='ltr'>merito</span> <span class='ocrx_word' id='word_1_263' title='bbox 691 2774 901 2830; x_wconf 88' lang='lat' dir='ltr'>expensis</span> <span class='ocrx_word' id='word_1_264' title='bbox 919 2768 1292 2821; x_wconf 71' lang='lat' dir='ltr'>annumefabitur</span> <span class='ocrx_word' id='word_1_265' title='bbox 1314 2774 1350 2816; x_wconf 87' lang='lat' dir='ltr'>si</span> <span class='ocrx_word' id='word_1_266' title='bbox 1370 2774 1478 2828; x_wconf 91' lang='lat' dir='ltr'>quid</span> <span class='ocrx_word' id='word_1_267' title='bbox 1500 2774 1692 2816; x_wconf 77' lang='lat' dir='ltr'>vestium</span> <span class='ocrx_word' id='word_1_268' title='bbox 1718 2789 1816 2830; x_wconf 87' lang='lat' dir='ltr'>per-</span> <span class='ocrx_word' id='word_1_269' title='bbox 1840 2816 1843 2818; x_wconf 85' lang='grc'>,</span> 
     </span>
     <span class='ocr_line' id='line_1_35' title="bbox 185 2848 1396 2906; baseline -0.001 -14"><span class='ocrx_word' id='word_1_270' title='bbox 185 2848 288 2894; x_wconf 89' lang='lat' dir='ltr'>ierit</span> <span class='ocrx_word' id='word_1_271' title='bbox 308 2857 444 2906; x_wconf 89' lang='lat' dir='ltr'>atque</span> <span class='ocrx_word' id='word_1_272' title='bbox 465 2860 760 2894; x_wconf 89' lang='lat' dir='ltr'>consumetur</span> <span class='ocrx_word' id='word_1_273' title='bbox 780 2865 885 2893; x_wconf 90' lang='lat' dir='ltr'>cum</span> <span class='ocrx_word' id='word_1_274' title='bbox 908 2850 1098 2894; x_wconf 87' lang='lat' dir='ltr'>infirmis</span> <span class='ocrx_word' id='word_1_275' title='bbox 1120 2850 1396 2894; x_wconf 91' lang='lat' dir='ltr'>huiusmodi.</span> 
     </span>
    </p>
   </div>
   <div class='ocr_carea' id='block_1_8' title="bbox 0 1003 134 3470">
    <p class='ocr_par' dir='ltr' id='par_1_13' title="bbox 0 1003 134 3470">
     <span class='ocr_line' id='line_1_36' title="bbox 0 1003 134 3470; baseline 0 0"><span class='ocrx_word' id='word_1_276' title='bbox 0 1003 134 3470; x_wconf 95' lang='lat' dir='ltr'> </span> 
     </span>
    </p>
   </div>
   <div class='ocr_carea' id='block_1_9' title="bbox 258 3017 588 3053">
    <p class='ocr_par' dir='ltr' id='par_1_14' title="bbox 258 3017 588 3053">
     <span class='ocr_line' id='line_1_37' title="bbox 258 3017 588 3053; baseline 0.003 -1"><span class='ocrx_word' id='word_1_277' title='bbox 258 3027 276 3044; x_wconf 74' lang='lat' dir='ltr'>a</span> <span class='ocrx_word' id='word_1_278' title='bbox 323 3017 491 3052; x_wconf 85' lang='lat' dir='ltr'>concilio</span> <span class='ocrx_word' id='word_1_279' title='bbox 510 3028 568 3052; x_wconf 90' lang='lat' dir='ltr'>ms</span> <span class='ocrx_word' id='word_1_280' title='bbox 577 3043 588 3053; x_wconf 88' lang='lat'>.</span> 
     </span>
    </p>
   </div>
  </div>
 </body>
</html>
