2098 3470
787 231 1178 269 Suppnnnssxwu-
1184 240 1229 277 25
1375 232 1377 235 ’
1707 233 1779 281 839

189 334 591 380 conuenientem.»
633 333 772 390 Quod
808 333 1035 390 sapienter
1071 332 1210 376 latina
1250 333 1419 377 versio:
1449 335 1644 379 «Tribue
1681 336 1822 379 victui

191 412 462 457 necessaria.
475 431 491 452 ιι
513 410 640 455 Nihil
657 424 765 455 vero
781 411 868 453 hoc
890 410 949 452 ad
964 417 1134 453 statum
1152 410 1444 465 paupertatis,
1467 425 1551 455 nec
1568 411 1687 455 illam
1707 412 1824 455 tollit

191 488 559 534 indifferentiam.

281 564 496 617 188'1am,
520 565 643 620 quod
663 579 720 608 ex
741 564 845 620 lege
866 563 1078 616 naturali,
1103 562 1395 608 inclinatione
1418 565 1627 618 naturali,
1655 565 1820 608 habili-

191 650 287 688 tate
302 641 497 686 naturali
519 641 696 698 colligis
718 641 981 692 identidem,
1000 640 1038 683 si
1057 639 1354 696 philosophus
1371 655 1494 684 esses
1513 649 1560 683 tu
1585 642 1819 693 naturalis,

193 734 283 763 non
315 718 451 764 etiam
480 718 723 774 theologus
745 717 974 774 xpianus.,
1000 725 1206 773 putarem
1229 732 1255 760 a
1284 725 1327 760 te
1356 718 1477 760 aliud
1506 718 1615 760 nihil
1642 719 1823 763 deside-

191 795 281 840 rari
301 810 451 852 posse,
476 795 562 838 nisi
578 796 700 851 quod
721 802 772 839 tu
789 809 948 851 posses
964 809 1045 851 per
1066 801 1278 837 naturam
1301 795 1535 850 consequi,
1563 809 1661 846 nec,
1683 795 1721 838 si
1743 810 1823 838 su-

191 887 271 930 pra
298 881 508 916 naturam
536 886 778 929 assurgere
806 887 900 915 non
939 885 1111 928 posses,
1151 878 1390 927 propterea
1427 871 1681 915 mirandum
1719 887 1821 917 esse

191 964 442 995 t'enserem.
473 949 643 993 Verum
672 949 749 992 vbi
779 949 912 1001 scias,
943 948 1012 991 vir
1043 947 1320 998 doctissime,
1362 956 1539 1003 praeter
1571 950 1822 993 naturalem

191 1034 331 1084 atque
353 1028 597 1070 humanam
619 1027 786 1083 legem,
806 1040 907 1071 esse
928 1026 1114 1082 insuper
1134 1026 1286 1080 legem
1303 1024 1503 1068 diuinam
1523 1027 1821 1070 necessariam

190 1113 241 1147 vt
262 1105 398 1148 homo
418 1105 476 1147 ad
498 1104 887 1160 supernaturalem
905 1104 1042 1147 finem
1060 1102 1284 1158 dirigatur
1302 1104 1358 1158 (Ι.
1387 1115 1448 1153 2.,
1474 1117 1516 1157 q.
1539 1115 1632 1159 91.,
1652 1117 1716 1146 ar.
1738 1105 1818 1158 4),

191 1181 271 1237 qui
294 1181 396 1224 finis
417 1180 756 1237 proportionem
786 1180 1004 1223 naturalis
1033 1179 1262 1222 facultatis
1290 1187 1334 1222 et
1372 1181 1596 1223 humanae
1627 1180 1821 1230 excedit,

190 1271 332 1314 quum
353 1257 471 1301 scias
493 1258 641 1313 legem
664 1256 893 1313 xpianam.
914 1258 1062 1313 legem
1081 1271 1181 1300 esse
1208 1255 1214 1313 Ι
1242 1256 1364 1307 fidei,
1386 1257 1534 1312 legem
1552 1256 1737 1312 spiritus
1752 1257 1797 1299 in
1812 1282 1821 1286 -

190 1333 330 1378 ditam
360 1335 451 1391 (Ad
480 1335 631 1386 Rom.,
665 1348 690 1388 3
720 1344 766 1378 et
795 1335 926 1390 seq.)‚
958 1333 1004 1376 id
1031 1342 1117 1385 est,
1148 1348 1287 1389 supra
1325 1333 1370 1375 id
1403 1334 1525 1388 quod
1557 1333 1823 1376 naturaliter

190 1411 372 1467 assequi
390 1426 649 1467 possumus;
666 1411 741 1453 vbi
755 1411 986 1467 intelligas
1000 1410 1110 1454 satis
1126 1425 1218 1453 non
1233 1425 1350 1462 esse,
1366 1411 1435 1453 vel
1452 1418 1641 1454 naturae
1657 1411 1820 1466 legem,

189 1488 264 1533 vel
282 1487 495 1532 scientias
518 1489 762 1540 naturales,
783 1489 841 1531 ad
858 1486 1187 1531 beatitudinem
1210 1488 1576 1542 consequendam
1599 1489 1724 1543 (pap,
1739 1521 1749 1539 ,
1775 1502 1819 1542 q.

190 1566 282 1621 μ’,
301 1580 366 1609 ar.
391 1564 490 1621 p.⁰);
511 1566 626 1609 haec
648 1579 788 1621 quum
809 1564 928 1608 scias
949 1564 1116 1615 omnia,
1137 1564 1305 1620 quippe
1323 1564 1400 1619 qui
1420 1565 1664 1620 theologus
1686 1578 1752 1615 es,
1778 1573 1823 1607 et

191 1641 374 1698 quidem
401 1642 544 1686 solida
572 1642 667 1685 diui
696 1643 900 1686 Thomae
921 1642 1128 1685 doctrina
1150 1641 1368 1693 imbutus,
1394 1641 1502 1696 quid
1532 1641 1612 1683 tibi
1634 1642 1759 1686 venit
1780 1642 1825 1684 in

189 1726 389 1765 mentem
410 1727 460 1762 vt
482 1727 606 1762 totus
627 1719 700 1762 his
723 1719 869 1762 tribus
891 1718 1096 1762 censuris
1116 1718 1163 1761 in
1186 1727 1375 1762 naturae
1398 1719 1532 1761 fidem
1551 1733 1603 1761 ac
1625 1727 1818 1775 potesta-

187 1803 279 1841 tem
302 1803 349 1841 te
370 1797 586 1848 traderes,
611 1804 658 1839 et
681 1797 949 1852 theologum
974 1805 1018 1839 te
1038 1811 1141 1840 esse
1164 1795 1553 1855 obli[vi]scereris?

276 1874 341 1918 At
368 1873 489 1926 vide,
521 1873 639 1917 bone
669 1875 820 1925 Pater,
846 1888 1062 1929 quorsum
1097 1873 1179 1916 tibi
1211 1888 1282 1916 res
1314 1873 1513 1918 redierit.
1550 1875 1654 1916 Vno
1685 1873 1826 1916 verbo

119 2006 123 2008 ἡ
186 1950 348 2007 iugulo
370 1950 451 1993 tibi
468 1949 619 1994 omnia
641 1950 865 1994 naturalia
881 1958 1171 2006 argumenta;
1198 1950 1272 1995 189
1295 1958 1360 2003 vt,
1386 1950 1423 1993 si
1446 1950 1560 1992 nihil
1577 1949 1824 1994 addiderim

187 2027 399 2084 amplius,
423 2028 576 2071 nullus
598 2027 740 2084 possit
762 2027 861 2072 iure
877 2027 1122 2084 quicquam
1138 2035 1373 2084 praeterea
1391 2028 1664 2072 desiderare.
1693 2029 1825 2082 Quae

186 2118 272 2148 nos
292 2103 504 2156 dicimus,
532 2106 685 2156 Pater,
709 2104 861 2147 omnia
879 2111 1056 2161 praeter
1074 2111 1299 2156 naturam,
1320 2119 1458 2160 supra
1475 2114 1682 2148 naturam
1699 2112 1822 2156 sunt,

187 2188 241 2224 ut
262 2167 376 2237 puro
397 2180 558 2237 spiritu
580 2181 867 2238 euangeliCO,
893 2189 940 2225 et
962 2181 1144 2237 quidem
1169 2181 1246 2236 qui
1264 2182 1321 2224 ad
1338 2182 1662 2238 perfectionem
1680 2181 1823 2233 ducit,

187 2258 443 2314 desumpta.
470 2259 561 2301 Iam
583 2266 618 2310 ²,
648 2258 687 2301 si
715 2266 766 2301 tu
793 2258 906 2302 velis
935 2265 1142 2302 naturam
1165 2258 1310 2313 sequi,
1347 2258 1460 2300 nihil
1483 2258 1820 2308 intercedimus,

188 2335 324 2378 modo
345 2333 458 2377 nihil
478 2348 614 2390 quam
640 2334 796 2378 diuina
824 2343 1066 2391 praecepta
1087 2334 1317 2379 admittas.
1342 2336 1433 2379 Sed
1458 2334 1562 2378 uide
1586 2348 1642 2376 ne
1665 2333 1824 2390 religio

190 2418 236 2456 te
255 2411 459 2467 xpiana.,
480 2426 536 2455 ne
558 2418 636 2455 tua
658 2413 715 2455 ab
738 2411 823 2455 ista
845 2411 918 2455 via
936 2420 1138 2463 reuocet,
1158 2420 1207 2454 vt
1229 2426 1322 2454 non
1346 2411 1407 2453 ita
1429 2418 1636 2453 naturam
1659 2424 1826 2465 sequa—

189 2487 267 2540 ris,
291 2487 401 2544 quin
431 2488 469 2531 si
497 2488 667 2544 aliquid
695 2496 948 2545 praeterea,
973 2489 1095 2544 quod
1118 2503 1254 2545 supra
1287 2497 1495 2531 naturam
1524 2488 1598 2539 sit,
1626 2487 1721 2536 tibi,
1747 2487 1823 2541 qui

189 2578 328 2621 supra
349 2572 556 2608 naturam
579 2572 666 2618 est,
692 2567 835 2618 Deus,
855 2566 928 2609 vel
949 2565 1122 2618 iubeat,
1146 2566 1220 2609 vel
1242 2565 1465 2614 consulat,
1491 2565 1562 2606 vel
1580 2563 1822 2619 gratificet;

189 2639 254 2684 illi
275 2640 575 2698 inspirationi,
600 2641 663 2685 illi
687 2642 878 2699 gratiae,
904 2650 970 2695 tu,
996 2642 1059 2684 illi
1094 2650 1334 2698 praecepto
1362 2642 1434 2684 vel
1461 2640 1648 2683 consilio
1677 2640 1827 2683 cordis

194 2717 261 2760 tui
277 2717 444 2762 ostium
461 2719 691 2762 occludas.
711 2719 859 2776 Igitur
875 2727 926 2762 tu
941 2719 1147 2775 colliges,
1167 2726 1387 2774 quantum
1407 2718 1478 2760 vel
1495 2725 1624 2772 potes
1643 2717 1716 2759 vel
1739 2716 1821 2766 vis,

193 2808 294 2838 esse
314 2793 334 2820 ¹³
355 2794 720 2848 indifferentiam,
741 2811 831 2851 qua
853 2797 1004 2852 legem
1026 2803 1234 2847 naturae,
1254 2810 1343 2850 qua
1360 2793 1715 2843 inclinationem,
1737 2806 1828 2847 qua

191 2869 490 2916 habilitatem.
519 2870 527 2929 Ι
555 2873 651 2915 Nos
681 2886 790 2916 vero
811 2872 874 2916 ita
895 2871 1230 2915 confitebimur:
1256 2885 1392 2926 supra
1423 2877 1628 2911 naturam
1651 2868 1827 2911 indiffe—

266 3042 285 3060 a
308 3032 420 3069 Haec
434 3034 570 3080 partic.
586 3034 717 3070 addita
731 3046 752 3070 a
768 3035 859 3070 Nat.
876 3034 915 3070 in
929 3045 1053 3080 marg.
1105 3053 1142 3059 —
1153 3035 1172 3061 b
1189 3033 1268 3071 Sic.
1286 3034 1399 3068 Forte
1415 3031 1621 3077 legendum
1642 3042 1718 3066 nou
1734 3043 1828 3067 esse.
