2098 3470
305 259 375 303 526
778 260 932 296 PA‘rms
959 260 1200 296 Hmnouvm
1226 259 1377 295 Nubat„

257 359 536 415 superiorem
566 360 629 404 illi
658 361 914 405 confessuri
943 360 1312 412 mittantur,'etsi
1343 374 1476 403 casus
1506 364 1597 403 n'on
1625 369 1777 405 essent
1814 375 1888 406 re-

258 436 430 479 seruati
453 438 482 483 ¹.

346 514 511 557 Nullus
532 527 558 556 e
580 513 747 558 nostris
768 514 1055 558 confessariis
1078 513 1270 570 accipiat
1286 513 1503 570 pecunias
1526 515 1598 558 vel
1614 513 1737 567 aliud
1754 514 1887 571 quip—

256 589 374 645 piam
396 591 453 633 ad
475 588 810 635 restitutionem
835 590 1087 634 faciendam
1117 591 1188 633 vel
1216 589 1348 633 aliam
1376 590 1701 647 obligationem
1723 590 1890 634 dissol-

258 667 472 719 uendam,
497 667 571 710 vel
591 672 667 721 441
691 667 1027 723 eleemosynam
1044 667 1338 722 erogandam,
1358 666 1451 709 nisi‘
1466 681 1492 709 a
1509 667 1742 723 superiore
1763 667 1821 710 ad
1843 667 1889 710 id

258 744 423 787 habeat
443 743 724 796 facultatem,
749 744 909 787 saltem
933 744 1208 799 generalem3
1240 750 1286 786 et
1309 751 1418 786 tunc
1440 742 1622 798 quidem
1652 757 1744 787 non
1765 743 1888 787 acci·

256 818 364 875 piet,
405 819 492 863 nisi
529 820 606 863 vbi
643 819 836 864 audierit
873 834 964 863 non
1002 834 1135 875 posse
1173 834 1253 876 per
1290 819 1427 862 alium
1457 819 1531 862 illa
1563 819 1659 863 fieri
1684 827 1806 863 certe
1842 827 1888 864 et

257 910 434 949 secure3
460 897 586 940 nullo
607 910 718 940 vero
754 904 888 953 pacto
925 896 1164 952 accipiant,
1205 895 1291 939 nisi
1329 895 1484 939 habita
1521 895 1703 940 licentia
1722 903 1773 940 vt
1793 911 1888 941 rem

260 973 435 1029 possint
456 987 560 1016 cum
599 973 832 1030 superiore
872 973 1224 1026 communicare,
1265 972 1401 1016 tacita
1437 974 1629 1029 persona
1655 980 1701 1016 et
1730 987 1885 1016 causa.

261 1050 461 1104 Quando
481 1065 590 1094 vero
612 1050 885 1107 acceperint,
911 1064 984 1093 res
1006 1056 1075 1093 est
1091 1057 1320 1105 comperta
1343 1064 1433 1092 non
1454 1064 1586 1106 posse
1597 1049 1678 1094 illa
1692 1048 1738 1093 in
1758 1064 1896 1094 vsumv

261 1125 399 1169 alium
418 1126 628 1183 expendi,
654 1141 789 1183 quam
811 1127 856 1170 in
883 1126 1228 1183 praescriptum.

934 1259 997 1289 DE
1029 1258 1223 1288 LITERIS

323 1376 328 1380 ·
353 1357 545 1409 Literas,
585 1371 703 1413 quae
739 1372 765 1400 a
801 1356 1111 1400 commissario
1148 1356 1281 1399 alicui
1319 1356 1577 1410 mittuntur,
1608 1371 1745 1400 nemo
1775 1357 1896 1401 alius

266 1434 442 1490 aperire
464 1433 644 1490 poterit,
669 1434 756 1477 nisi
779 1433 1129 1477 commissarius.

353 1512 482 1567 Quas
503 1510 954 1567 mittit-*prouincialis
976 1509 1110 1552 alicui
1146 1509 1192 1552 in
1217 1525 1298 1553 sua
1326 1510 1575 1566 prouincia,
1614 1525 1749 1555 nemo
1772 1510 1887 1554 alius

262 1587 438 1644 aperire
458 1576 651 1643 poterit,¹
665 1587 750 1630 nisi
767 1586 1117 1630 commissarius.

348 1665 478 1720 Quas
498 1678 608 1708 vero
630 1663 766 1707 mittit
794 1663 1036 1719 generalis,
1077 1678 1209 1706 nemo
1232 1663 1405 1719 aperire
1437 1670 1603 1719 potest,
1635 1663 1721 1706 nisi
1751 1663 1805 1716 is,
1831 1664 1889 1706 ad

259 1755 395 1796 quem
419 1740 678 1784 mittuntur.

349 1817 538 1870 Literas‚
561 1819 695 1872 lquas
719 1817 903 1860 mittunt
925 1818 1207 1860 consultores
1232 1817 1305 1861 uel
1333 1817 1612 1861 collaterales
1642 1832 1698 1861 ex
1720 1816 1885 1871 officio,

259 1908 395 1938 nemo
417 1893 591 1950 aperire
612 1899 701 1941 442
723 1894 902 1950 poterit,
934 1893 1020 1936 nisi
1047 1893 1102 1946 is,
1134 1895 1191 1936 ad
1219 1908 1353 1949 quem
1390 1894 1652 1937 scribuntur
1675 1895 1749 1939 uel
1770 1894 1890 1937 illius

259 1970 486 2027 superior.
1533 2024 1538 2028 Ι

349 2047 398 2092 Si
421 2047 579 2092 literae
617 2046 917 2103 aperirentur,
959 2062 983 2090 a
1006 2061 1098 2102 quo
1134 2061 1226 2090 non
1263 2048 1447 2099 debent,
1489 2046 1793 2104 incogitanter
1815 2032 1889 2091 uel

259 2125 541 2181 ignoranter,
566 2139 625 2168 ne
647 2117 859 2180 legantur
875 2123 1076 2176 omnino;
1097 2124 1177 2168 sed
1196 2124 1314 2166 bona
1331 2124 1420 2168 fide
1443 2138 1623 2167 rursum
1641 2124 1888 2180 obsignen-

260 2210 333 2244 tur
355 2209 400 2245 et
429 2201 636 2245 modeste
673 2200 957 2256 significetur
994 2215 1085 2242 non
1108 2215 1208 2244 esse
1244 2202 1399 2254 lectas;
1441 2215 1519 2257 per
1557 2215 1756 2245 errorem
1786 2216 1886 2245 esse

258 2285 453 2334 apertas.

349 2356 528 2399 Literae
549 2354 743 2406 indicae,
769 2368 885 2408 quae
908 2368 1066 2398 recens
1088 2355 1372 2407 adferuntur,
1394 2355 1606 2410 legentur
1628 2354 1673 2397 in
1691 2369 1887 2411 congre-

258 2431 443 2488 gatione
466 2431 669 2474 omnium
693 2431 878 2473 Patrum
901 2445 953 2473 ac
978 2432 1181 2484 fratrum3
1209 2446 1324 2486 quae
1346 2446 1454 2475 vero
1477 2431 1658 2474 aliunde
1675 2432 1889 2475 adferun-

260 2518 333 2552 tur
354 2517 596 2553 semestres
618 2517 636 2534 ἃ
657 2509 729 2551 vel
751 2523 930 2552 annuae
961 2507 979 2533 b
1007 2510 1218 2565 legantur
1245 2509 1291 2550 in
1320 2509 1462 2564 prima
1490 2516 1535 2551 et
1566 2507 1635 2550 2;¹².
1664 2523 1836 2560 mensa,
1863 2523 1889 2551 a

259 2586 426 2642 quibus
447 2586 566 2641 siqui
588 2585 753 2636 absint,
779 2584 874 2626 dari
897 2585 963 2628 eis
984 2584 1141 2630 literae
1164 2594 1354 2641 possunt
1375 2594 1424 2627 vt
1446 2575 1633 2641 legant}
1680 2586 1682 2589 ’

348 2664 528 2707 Literae
550 2670 699 2705 tamen
722 2663 809 2704 hae
832 2669 863 2714 ⁰,
885 2677 1001 2717 quae
1023 2663 1080 2704 ad
1103 2661 1237 2705 animi
1260 2661 1539 2717 spiritualem
1562 2661 1887 2705 recreationem

261 2740 451 2794 faciunt,
475 2739 611 2783 etiam
641 2753 757 2794 quae
778 2737 796 2762 ‘¹
834 2738 1016 2783 aliunde
1038 2738 1297 2792 mittuntur,
1319 2752 1408 2781 non
1432 2738 1556 2794 prius
1573 2746 1680 2781 sunt
1707 2739 1888 2794 publice

331 2888 349 2904 a
373 2882 559 2912 semestre
575 2887 647 2911 ms.
698 2895 730 2901 -—
747 2876 765 2902 b
792 2875 900 2910 Haec
918 2874 940 2909 3
959 2877 1079 2910 verba
1097 2863 1227 2910 addita
1246 2875 1284 2910 in
1305 2886 1425 2921 marg.
1441 2875 1514 2911 alia
1533 2887 1661 2910 manu.
1716 2885 1778 2903 -c
1803 2876 1889 2911 Hoc

261 2937 372 2972 verb.
391 2930 587 2982 posterius
605 2933 794 2969 additum.
848 2935 913 2960 —d
940 2934 1049 2969 Haec
1068 2943 1088 2968 2
1109 2935 1227 2969 verba
1248 2933 1378 2969 addita
1397 2933 1603 2980 posterius.

336 3062 343 3081 ¹
396 3059 497 3094 Vide
515 3057 786 3094 annotationes
801 3057 1094 3104 praecedentes.
1145 3081 1148 3083 -
1177 3079 1180 3083 ⁴
1206 3065 1228 3082 ῖ-
