2098 3470
446 250 598 295 Dic-m,
627 256 683 285 Ex
709 247 962 284 SoctffrAns
987 245 1202 282 Plu-mnus
1228 245 1546 291 cormorii—65
1693 243 1766 292 643

172 350 454 396 sideratione
469 349 645 394 videbis
662 347 879 393 iustitiam
894 347 981 392 Dei
996 361 1106 404 erga
1124 347 1378 399 damnatos,
1397 353 1443 389 et
1461 346 1813 391 misericordiam

177 443 292 485 erga
320 435 364 472 te
392 434 438 471 et
464 441 683 479 amorem;
713 425 892 470 uidebis
922 424 1060 469 etiam
1090 431 1307 479 quantam
1341 423 1642 467 reuerentiam
1674 425 1816 469 debes

179 505 398 549 fratribus
438 512 484 549 et
521 503 715 548 maxime
752 501 1062 560 superioribus
1103 509 1150 545 et
1186 507 1407 556 quantum
1451 501 1679 544 humiliari
1716 503 1816 546 Deo

177 582 366 638 quando
387 580 713 632 communicas,
738 580 861 635 quod
883 579 1011 622 uelut
1032 578 1162 621 alteri
1182 578 1331 635 Judae
1357 578 1436 622 det
1464 591 1631 634 corpus
1662 593 1815 632 suum,

175 657 307 713 quod
327 658 462 700 detur
484 656 567 699 tibi
589 664 768 712 tempus
789 653 1067 712 poenitendi.
1094 655 1136 698 O
1155 653 1369 705 Domine,
1390 653 1428 696 si
1446 661 1496 696 tu
1512 654 1662 710 aperis
1679 654 1816 708 viam,

186 748 353 790 magna
381 733 685 778 consideratio
712 740 782 778 est
809 734 925 777 haec
960 738 1121 775 contra
1156 730 1432 787 superbiam,
1470 730 1818 787 impatientiam,

179 810 390 854 acediam
412 818 459 855 et
481 810 654 865 reliqua
676 809 802 862 uitia,
826 816 873 853 et
893 808 1087 852 maxime
1109 809 1167 856 ad
1187 807 1513 864 gratitudinem
1536 808 1582 850 in
1610 809 1822 852 omnibus

179 886 438 930 beneficiis.
479 888 629 931 Debet
665 901 766 930 esse
806 885 1000 929 maxima
1035 884 1386 928 communicatio
1421 884 1681 929 intellectus
1718 900 1822 928 cum

191 964 446 1017 uoluntate,
470 963 534 1006 ita
556 971 623 1016 ut,
648 963 880 1008 intellecta
901 962 1016 1008 2641·
1031 962 1182 1018 aliqua
1198 961 1408 1014 ueritate,
1428 961 1547 1005 illam
1566 963 1825 1006 comunicet

184 1040 418 1084 'uoluntati
439 1040 698 1084 intellectus
719 1048 769 1083 ut
793 1040 942 1094 faciat,
966 1039 1350 1095 quemadmodum
1376 1041 1571 1091 Martha,
1604 1039 1703 1083 uiso
1730 1041 1827 1083 Do-

0 1171 9 1180 r
193 1116 333 1170 mino,
358 1116 541 1160 uocavit
564 1117 771 1169 Mariam,
796 1124 843 1161 et
863 1116 992 1160 dixit:
1026 1115 1273 1173 «Magister
1305 1123 1439 1160 uocat
1466 1123 1511 1160 te
1544 1118 1601 1162 ¹.»
1634 1118 1701 1160 Ita
1731 1118 1829 1161 uult

0 1198 26 1301 ’ἰ
197 1195 322 1242 Deus
344 1194 643 1244 uoluntatem,
668 1201 715 1237 et
751 1193 1008 1238 intellectus
1043 1194 1181 1238 debet
1211 1192 1412 1237 excitare
1442 1194 1744 1246 uoluntatem,
1784 1203 1830 1238 et

183 1271 365 1314 ducere
386 1271 444 1313 ad
464 1272 632 1322 Deum,
658 1270 777 1313 sicut
799 1270 983 1327 gallina,
1007 1270 1199 1314 inuento
1215 1270 1333 1323 cibo,
1353 1269 1660 1314 communicat
1678 1271 1828 1327 pullis,

192 1347 259 1390 ita
280 1347 556 1399 intellectus;
580 1347 710 1390 aliter
730 1347 884 1391 aridus
904 1355 1056 1391 manet
1079 1347 1279 1404 spiritus,
1298 1355 1344 1391 et
1360 1347 1398 1391 si
1415 1347 1463 1390 in
1480 1348 1694 1391 omnibus
1717 1363 1834 1404 quae

197 1423 394 1480 legimus
422 1438 635 1467 curamus
668 1432 717 1467 ut
745 1424 1004 1468 intellectus
1039 1433 1085 1468 et
1121 1425 1335 1468 uoluntas
1370 1424 1598 1478 cibentur,
1638 1440 1832 1482 magnos

127 1489 130 1492 ’
191 1500 673 1556 ’ῒὴεεειυτοςειοᾳυίτθῒ
701 1501 853 1544 statim
886 1503 1042 1555 homo,
1080 1501 1201 1545 sicut
1237 1503 1436 1557 quando,
1476 1503 1568 1546 duo
1606 1503 1833 1559 marsupia

194 1578 391 1632 habens,
414 1577 492 1622 illa
513 1579 606 1621 duo
629 1579 802 1634 implet,
827 1578 964 1621 ditior
986 1578 1088 1632 erit,
1113 1593 1248 1635 quam
1270 1579 1308 1622 si
1335 1594 1477 1622 vnum
1504 1580 1651 1623 solum
1674 1580 1834 1637 imple-

202 1662 286 1698 ret.
313 1654 390 1700 Sic
414 1656 469 1698 P.
493 1656 530 1698 F
534 1655 769 1699 ranciscus
790 1656 849 1700 de
879 1656 1014 1712 Borja
1042 1663 1188 1711 curat,
1219 1664 1271 1700 ut
1297 1656 1449 1700 omnia
1475 1650 1760 1714 speculativa
1781 1659 1838 1701 ad

193 1733 416 1776 affectum
442 1732 646 1783 reducat,
672 1739 719 1775 et
747 1732 812 1776 sic
844 1732 1040 1776 maxime
1072 1733 1266 1789 proficit,
1299 1733 1430 1778 aliter
1461 1742 1531 1777 est
1565 1735 1708 1778 ueluti
1740 1735 1835 1790 qui,

202 1807 331 1865 piper
358 1810 536 1853 habens
563 1809 610 1851 in
640 1824 734 1861 ore,
761 1809 965 1866 linguam
993 1811 1180 1855 haberet
1208 1811 1399 1854 calidam
1427 1818 1473 1856 et
1503 1827 1572 1864 os;
1598 1820 1644 1856 et
1667 1819 1838 1856 stoma·

195 1886 342 1928 chum
364 1885 597 1942 frigidum.

295 1998 410 2044 27ον
682 2013 837 2043 PATER
860 2013 1049 2044 NOSTER
1073 2013 1303 2046 1GNATms
1325 2009 1345 2028 ⁸
1366 2003 1380 2023 ²

966 2088 1095 2134 Ihus.

299 2189 447 2245 Saepe
470 2191 597 2233 Deus
621 2204 677 2234 ex
700 2189 798 2233 aliis
828 2191 926 2232 uult
954 2191 1119 2236 docere
1146 2206 1202 2235 ex
1229 2192 1500 2245 humilitate,
1534 2202 1584 2236 ut
1613 2195 1734 2249 quod
1767 2202 1846 2237 tua

212 2264 454 2318 industria,
478 2265 729 2319 intellectu,
755 2266 945 2319 artibus,
970 2267 1175 2310 doctrina
1203 2275 1295 2312 noh
1322 2269 1510 2325 potuisti
1539 2270 1774 2326 consequi,
1801 2272 1846 2313 id

203 2341 327 2385 alius
351 2350 395 2385 te
415 2342 594 2394 doceat,
619 2351 665 2385 et
681 2343 959 2399 experientia
981 2343 1129 2387 discas
1151 2351 1195 2388 te
1217 2346 1359 2390 multa
1376 2346 1611 2403 ignorasse
1634 2347 1782 2391 nimis.

302 2420 364 2462 Vt
387 2432 586 2475 operam,
618 2419 904 2473 industriam,
935 2420 1162 2476 potentias
1189 2429 1291 2465 tuas
1322 2423 1486 2466 dedisti
1518 2425 1575 2467 ad
1607 2432 1846 2480 peccatum

206 2503 260 2539 ·et
289 2496 347 2539 ad
374 2495 556 2539 habitus
593 2498 938 2552 comparandos,
979 2497 1041 2540 ita
1078 2498 1247 2543 eisdem
1279 2499 1298 2524 b
1325 2501 1509 2543 omnino
1547 2501 1707 2544 mediis
1743 2515 1847 2544 cum

207 2572 368 2616 divina
389 2573 538 2630 gratia
560 2580 576 2598 ⁰
598 2581 700 2629 post
724 2580 878 2616 ueram
901 2574 1220 2620 contritionem
1243 2578 1344 2620 uult
1366 2580 1493 2621 Deus
1516 2586 1559 2622 te
1582 2578 1656 2620 illa
1678 2579 1696 2603 ⁴¹
1725 2579 1849 2621 dele-

286 2683 304 2700 a
329 2673 438 2708 Haec
451 2672 654 2720 inscriptio
667 2679 730 2708 est
742 2674 984 2720 autographa
999 2674 1160 2722 Natalis,
1171 2677 1238 2723 qui
1252 2678 1371 2713 etiarn
1386 2678 1595 2725 unicuique
1611 2678 1851 2724 paragrapho

217 2731 293 2767 hoc
314 2731 470 2777 signum
494 2731 650 2779 propria
674 2744 790 2767 manu
815 2731 965 2768 addidit
989 2733 1022 2768 I.
1032 2741 1074 2780 M,
1094 2734 1134 2770 id
1150 2741 1228 2782 est,
1246 2737 1449 2784 [gnatius.
1501 2739 1568 2763 —b
1595 2738 1680 2772 Hoc
1699 2738 1810 2772 verb.
1831 2749 1852 2772 a

219 2790 312 2827 Nat.
338 2790 604 2829 emendatum.
658 2801 720 2818 —0
747 2791 857 2827 Haec
881 2791 903 2826 3
927 2793 1048 2828 verba
1071 2793 1233 2831 addidit.
1260 2795 1353 2832 Nat.
1411 2798 1476 2823 —d
1503 2797 1588 2831 Hoc
1609 2797 1721 2832 verb.
1747 2796 1853 2832 addi-

209 2849 277 2886 dit
294 2849 390 2886 Nat.

292 2940 301 2959 ¹
379 2948 482 2976 OAN.
517 2941 553 2974 Χ
584 2939 643 2975 28.

289 3001 304 3021 ²
353 2941 463 3035 {laec
485 2967 590 3035 iiict’a
620 2999 660 3034 S.
691 2999 845 3045 Ignatii,
876 3000 1074 3036 nonnullis
1102 3002 1441 3039 emendationibus
1468 3015 1489 3038 a
1515 3003 1642 3039 Natali
1667 3005 1852 3051 expolita,

210 3055 412 3094 habentur
429 3058 469 3094 in
485 3058 621 3094 codice
639 3058 801 3094 Natalis
818 3059 1024 3105 opuscula,
1045 3071 1161 3107 pagg.
1183 3069 1257 3107 1-5.
