2098 3470
314 221 385 266 658
787 225 942 261 Pru-ms
967 226 1209 262 Huznoxvm
1237 223 1386 260 NADAL
1426 205 1430 213 ⁸

268 331 313 366 et
335 323 381 366 in
404 325 676 368 scholastica
708 324 890 382 quidem
913 326 974 369 ita
1003 325 1256 369 versabitur
1284 332 1460 378 exacte,
1486 333 1534 368 vt
1556 340 1613 370 ex
1635 325 1767 370 cuius
1794 340 1896 370 eru-

269 399 438 444 ditione
460 416 689 446 summum
712 403 910 446 fructum
941 403 998 446 sit
1026 409 1313 458 accepturus.
1344 402 1475 445 Valet
1504 402 1624 446 enim
1657 403 1897 446 scholasti-

269 491 348 520 cae
372 477 630 534 theologiae
652 479 862 532 eruditio,
883 486 1062 535 praeter
1079 478 1362 531 methodum,
1382 493 1516 533 quam
1542 479 1693 532 tradit,
1713 487 1759 523 et
1786 487 1805 505 ²
1827 486 1890 523 to·

268 553 358 596 tius
381 554 639 611 theologiae
661 555 790 611 quasi
819 557 1066 612 perfectam
1095 555 1338 610 quamdam
1368 555 1621 608 scientiam,
1647 563 1695 599 vt
1724 557 1898 600 firmius

267 631 434 673 habeat
456 631 752 676 concionator
773 632 819 675 in
849 632 1082 687 religionis
1110 632 1305 687 negocio
1333 632 1637 686 definitiones,
1664 647 1749 677 nec
1786 633 1895 677 titu-

267 708 343 751 bet
365 707 411 750 in
435 709 572 752 rebus
600 709 898 765 grauissimis,
924 716 972 751 vt
1001 709 1046 750 hi
1074 709 1237 761 solent,
1263 708 1341 764 qui
1369 709 1674 753 scholasticen
1703 725 1794 754 non
1827 717 1895 754 at·
1944 730 1946 732 v

268 784 486 840 tigerunt,
512 785 586 829 vel
607 785 771 830 leuiter
792 786 1172 842 perstrinxerunt.
1200 786 1333 841 Quae
1356 785 1630 830 incertitudo
1651 796 1696 830 et
1718 801 1897 843 semper

268 860 354 902 fuit
374 863 668 906 vehementer
690 862 920 915 euitanda,
948 870 992 906 et
1025 864 1110 904 hac
1141 869 1412 917 tempestate
1441 877 1541 906 esse
1573 871 1726 919 posset
1756 865 1895 908 vehe-

265 946 441 982 menter
464 938 724 994 pernitiosa.
752 941 820 982 Ex
846 939 1106 995 theologiae
1127 939 1269 996 igitur
1291 939 1590 984 scholasticae
1606 940 1758 984 studio
1779 941 1895 984 refe-

266 1022 334 1058 rat
356 1016 624 1058 methodum
648 1023 818 1061 certam
844 1016 982 1059 totius
1016 1016 1274 1072 theologiae
1297 1024 1342 1060 et
1379 1016 1533 1059 iudicii
1555 1017 1701 1060 omnis
1723 1018 1898 1062 theolo—

265 1091 356 1147 gici
379 1093 560 1135 doctam
583 1093 843 1136 firmitatem
867 1101 1004 1149 atque
1027 1092 1342 1136 constantiam.

354 1169 525 1213 Verum
548 1169 594 1212 in
615 1169 686 1212 his
709 1170 870 1212 studiis
893 1169 1224 1213 animaduertat
1248 1178 1400 1213 noster
1417 1177 1566 1213 orator
1584 1170 1670 1213 sibi
1687 1185 1778 1215 non
1797 1186 1897 1215 esse
1915 1206 1917 1208 r

264 1244 531 1298 sistendum,
573 1248 654 1290 sed
690 1262 743 1290 ea
782 1247 836 1290 ad
869 1261 1099 1290 sacrarum
1139 1246 1370 1290 literarum
1409 1246 1757 1304 intelligentiam
1797 1262 1897 1292 esse

263 1323 556 1366 conferenda.
582 1324 754 1379 Itaque,
781 1331 828 1366 vt
846 1330 966 1367 esset
989 1338 1154 1379 operae
1177 1323 1381 1379 precium
1400 1324 1545 1380 primo
1562 1331 1643 1367 aut
1665 1324 1800 1368 etiam
1824 1339 1872 1368 se

263 1400 415 1442 cundo
437 1413 599 1443 cursus
622 1400 867 1456 theologici
891 1415 1011 1443 anno
1042 1402 1356 1443 tantummodo
1387 1401 1693 1446 scholasticen
1722 1402 1894 1454 audire,

261 1475 325 1519 ita
347 1484 508 1531 postea
537 1484 709 1520 attente
748 1477 902 1520 audiat
932 1477 1171 1521 lectionem
1213 1491 1442 1520 sacrarum
1474 1477 1722 1530 literarum,
1747 1486 1801 1539 et)
1820 1477 1895 1521 illa

262 1546 418 1595 studia‘
434 1553 491 1595 ad
513 1555 626 1596 haec
649 1554 848 1610 applicet
870 1562 1007 1609 atque
1024 1555 1352 1598 accommodet.
1375 1555 1686 1599 Exerceantur
1703 1554 1895 1611 repetio-

261 1629 397 1673 nibus
419 1636 465 1674 et
486 1629 872 1686 disputationibus
894 1631 1071 1675 sedulo.
1097 1630 1407 1687 Adiungenda
1435 1624 1671 1687 praeterea
1698 1631 1896 1675 eruditio

262 1705 448 1762 linguae
470 1721 664 1763 graecae
693 1715 829 1762 atque
857 1707 992 1750 etiam
1023 1707 1280 1760 hebraicae3
1307 1722 1399 1751 non
1428 1707 1668 1751 mediocris
1691 1707 1896 1764 cognitio

261 1783 573 1836 conciliorum,
585 1798 811 1827 canonum
829 1784 846 1809 ¹³
864 1784 1295 1838 ecclesiasticorum,
1313 1784 1648 1830 ecclesiasticae
1665 1784 1894 1837 historiae,

260 1874 449 1903 casuum
472 1860 596 1912 item,
622 1875 736 1916 quos
759 1869 942 1915 vocant,
967 1861 1290 1914 conscientiae,
1316 1861 1595 1905 exercitatio.

349 1938 480 1980 Haec
506 1951 612 1980 vero
634 1937 799 1990 studia,
820 1952 935 1993 quae
956 1939 1179 1981 hactenus
1195 1937 1303 1990 dixi,
1329 1938 1405 1981 vbi
1428 1945 1608 1992 tractat,
1633 1938 1744 1982 illud
1765 1952 1895 1994 prae-

261 2013 424 2056 sidium
448 2028 539 2056 non
561 2013 740 2057 omittat
762 2028 919 2070 parare
942 2015 999 2057 ad
1021 2021 1229 2057 ornatum
1253 2021 1298 2057 et
1326 2014 1571 2058 efficaciam
1601 2014 1892 2066 concionum,

260 2099 308 2133 vt
331 2090 680 2136 obseruationes
704 2090 838 2134 faciat
860 2106 918 2135 ex
941 2091 1029 2145 his,
1050 2106 1167 2147 quae
1188 2091 1317 2147 legit,
1337 2091 1478 2144 audit,
1499 2091 1688 2148 cogitat,
1708 2098 1823 2144 orat3
1841 2100 1895 2154 Aet

260 2169 305 2210 in
326 2167 491 2211 librum
514 2169 696 2220 referat,
721 2175 767 2210 et
789 2168 913 2211 locos
941 2182 1223 2222 communes,
1254 2168 1331 2224 qui
1356 2168 1486 2212 Vtiles
1515 2175 1672 2225 postea
1700 2182 1802 2212 esse
1831 2167 1896 2210 illi

263 2245 448 2301 possint.
1561 2249 1567 2252 “

348 2325 459 2366 Post
481 2328 634 2365 autem
651 2322 787 2364 finem
810 2321 971 2365 studiis
992 2321 1269 2378 impositum,
1292 2336 1384 2366 non
1401 2323 1547 2366 solum
1565 2321 1748 2367 tertium
1767 2322 1892 2365 illum

257 2414 428 2442 annum
446 2398 727 2456 probationis
744 2397 870 2443 obire
891 2399 1027 2443 debet
1044 2406 1219 2451 exacte,
1238 2399 1318 2442 sed
1334 2413 1418 2442 sua
1433 2399 1599 2453 studia,
1620 2413 1738 2454 quae
1754 2399 1892 2443 debe-

260 2479 373 2520 bunt
395 2476 580 2532 quidem
603 2488 704 2518 esse
724 2489 903 2532 semper
924 2476 981 2518 ad
998 2475 1178 2531 praxim·
1195 2477 1392 2519 futuram
1414 2476 1571 2528 relata,
1592 2489 1647 2519 eo
1669 2483 1891 2532 tempore,

257 2569 313 2597 ex
342 2553 621 2609 praescripto
657 2551 1051 2604 constitutionum,
1078 2552 1257 2596 curabit
1294 2567 1389 2595 non
1425 2552 1613 2595 omnino
1650 2553 1814 2605 solum,
1844 2560 1894 2595 vt

258 2631 400 2687 prius,
425 2631 482 2673 ad
499 2629 671 2686 praxim
690 2629 918 2682 conferre,
938 2614 1018 2673 sed
1035 2643 1138 2681 vsu,
1159 2628 1447 2682 executione,
1467 2630 1719 2681 voluntate,
1738 2630 1896 2673 obser-

261 2707 442 2755 uatione
465 2706 620 2759 animi,
645 2713 692 2749 et
712 2704 899 2761 spiritus
920 2705 1071 2749 viuaci
1093 2713 1140 2750 et
1162 2705 1374 2762 prudenti
1396 2705 1652 2751 intentione
1674 2705 1720 2749 in
1742 2705 1829 2749 X.⁰

344 2786 499 2828 Vnum
521 2783 701 2836 addam,
725 2781 847 2838 quod
869 2781 1044 2825 etiamsi
1067 2781 1276 2838 superius
1298 2781 1387 2826 dici
1407 2776 1574 2839 potuit,
1599 2781 1723 2826 volui
1740 2789 1897 2827 tamen
1958 2834 1962 2838 ¹
1991 2836 1994 2838 ,
2047 2769 2066 2827 ᾗ

258 2863 303 2905 in
326 2861 532 2904 vltimum
556 2862 680 2903 hunc
699 2859 850 2902 locum
872 2858 1068 2911 differre,
1093 2866 1142 2901 vt
1163 2859 1298 2903 altius
1320 2859 1535 2904 cordibus
1549 2859 1713 2903 vestris
1729 2859 1897 2916 infige-

328 3039 346 3056 ε
395 3026 575 3064 Obscure
602 3030 792 3062 notatum.
845 3025 911 3051 —b
938 3023 1118 3061 obscure
1142 3030 1355 3063 exaratum.
