2098 3470
784 251 1222 295 Insrnucnomzs-m'
1699 255 1772 304 399

174 375 270 418 quo
295 361 500 418 legitime
527 368 739 404 constare
769 366 923 418 posset
954 359 1000 405 in
1031 358 1246 403 exteriori
1283 360 1399 402 foro.
1441 358 1492 421 In
1521 360 1608 402 hoc
1646 373 1818 416 genere

177 445 288 482 sunt
307 439 536 490 haereses,
570 437 642 482 vel
673 439 967 482 vehementes
998 436 1056 480 de
1083 435 1262 480 haeresi
1288 435 1588 492 suspicioneS,
1622 436 1817 480 homici-

174 513 304 558 dium
326 515 399 558 vel
419 514 620 559 violenta
641 513 892 570 percussio,
917 512 1105 569 quaevis
1125 512 1323 556 luxuriei
1349 512 1540 568 species,
1573 521 1816 568 peccatum

174 591 390 647 quodnis,
423 591 542 634 vnde
571 590 756 634 infamia
786 589 912 634 nasci
942 589 1101 646 possit,
1141 588 1328 633 ambitio
1365 588 1594 641 conuicta,
1635 589 1813 641 seditio,

179 668 370 720 furtum,
395 667 614 712 reuelatio
636 666 949 711 confessionis.
974 666 1025 711 Si
1046 665 1149 722 quis
1170 665 1306 710 etiam
1330 665 1547 709 conuinci
1568 675 1722 722 posset
1738 681 1815 710 ex-

178 744 339 797 terius,
363 734 486 800 quod
508 743 554 786 in
576 751 767 800 peccato
789 743 969 788 mortali
990 742 1387 787 communicasset.
1413 742 1637 794 Breuiter,
1670 744 1816 798 quod-

180 820 252 881 uis
273 820 462 874 crimen,
482 822 604 876 quod
620 821 678 865 de
694 821 792 865 iure
807 820 867 865 82
881 820 1115 864 communi
1134 821 1428 877 plectendum
1451 834 1598 876 poena
1615 819 1815 876 grauiori

175 897 346 943 veniat.
366 900 438 943 De
454 898 553 942 aliis
569 898 770 954 peccatis
790 897 989 943 externis
1010 897 1228 940 iudicabit
1251 896 1479 954 generalis
1496 912 1572 949 an,
1593 897 1670 952 qui
1693 897 1739 940 in
1762 913 1814 941 ea

177 974 426 1028 incidisset,
446 983 568 1019 esset
585 985 827 1032 propterea
841 989 867 1018 e
884 974 1115 1020 Societate
1131 974 1398 1019 eiiciendus.
1420 975 1478 1017 Et
1495 975 1611 1018 haec
1629 974 1812 1030 quidem

178 1052 243 1095 ita
262 1052 493 1097 videntur.
519 1054 661 1095 Porro
683 1067 737 1096 ea
753 1066 854 1096 esse
870 1059 1179 1097 consentanea
1195 1051 1405 1094 instituto
1422 1058 1560 1107 atque
1577 1052 1690 1094 adeo
1709 1065 1814 1094 cum

176 1128 387 1173 instituto
407 1128 668 1183 coniuncta,
688 1135 895 1172 constare
910 1135 1060 1184 potest
1078 1143 1135 1172 ex
1150 1127 1501 1185 impedimentis,
1522 1143 1640 1184 quae
1657 1142 1815 1172 essen-

175 1205 303 1249 tialia
325 1205 520 1249 dicimus
543 1211 589 1248 et
619 1220 676 1250 ex
706 1204 856 1248 causis
883 1219 967 1248 cur
987 1212 1101 1248 vsunt
1126 1205 1203 1248 illa
1229 1204 1421 1258 sancita,
1454 1212 1551 1248 tum
1580 1220 1636 1249 ex
1664 1205 1815 1248 causis

171 1289 451 1339 quapropter
478 1281 680 1338 generali
708 1281 966 1338 praeposito
989 1282 1303 1339 abrogandum
1333 1289 1403 1326 est
1431 1296 1565 1325 suum
1590 1281 1812 1334 officium,

173 1365 360 1417 propter
380 1373 542 1402 causas
563 1358 700 1402 etiam
722 1358 1014 1413 dimissionis,
1039 1373 1156 1415 quae
1176 1358 1225 1401 in
1253 1358 1324 1402 2.⁸
1353 1366 1482 1415 parte
1510 1359 1694 1402 constit.
1722 1367 1815 1402 tra--

169 1436 362 1490 duntur3
402 1443 654 1492 postremo,
686 1443 870 1493 propter
897 1435 1141 1480 Societatis
1172 1435 1507 1493 integritatem,
1546 1436 1810 1492 puritatem,

172 1520 221 1558 et
256 1513 581 1570 perfectionem
613 1527 667 1556 ac
689 1513 990 1557 necessariam
1014 1512 1209 1556 nominis
1235 1513 1617 1557 existimationem
1646 1514 1704 1557 ad
1727 1513 1812 1555 mi-

173 1589 360 1634 nisteria
379 1589 622 1635 Societatis
643 1597 735 1634 tam
756 1589 928 1634 vtilem.

262 1665 356 1723 Qui
393 1667 587 1711 aduersa
623 1666 883 1711 valetudine
920 1667 1144 1723 corporali
1180 1667 1412 1721 laborant,
1454 1667 1718 1723 praesertim
1756 1683 1813 1712 ex

170 1758 263 1800 qua
284 1743 464 1788 liberari
482 1743 613 1788 facile
634 1743 802 1787 iudicio
823 1743 987 1787 medici
1008 1759 1103 1787 non
1125 1743 1316 1800 possint,
1342 1743 1372 1786 ii
1395 1743 1430 1787 si
1456 1751 1659 1800 tempore
1683 1744 1813 1787 noui·

171 1820 311 1864 tiatus
327 1820 375 1864 in
391 1821 513 1864 illam
530 1820 732 1865 incidant
747 1821 821 1865 vel
836 1820 957 1864 illam
975 1820 1190 1875 sentiant,
1209 1820 1309 1866 siue
1325 1822 1509 1877 quando
1525 1820 1582 1866 83
1598 1822 1807 1873 student,

172 1897 376 1955 legitime
396 1897 562 1941 dimitti
582 1905 790 1954 possunt:
810 1897 874 1941 illi
890 1898 1089 1954 quidem,
1109 1906 1351 1955 propterea
1367 1899 1490 1954 quod
1512 1894 1708 1942 sumitur
1730 1899 1814 1941 ad-

106 2015 111 2019 .
174 1974 268 2018 huc
288 1975 347 2019 de
378 1974 466 2018 illis
494 1974 789 2032 experientia:
819 1982 865 2018 et
891 1975 1027 2031 plane
1054 1982 1123 2019 est
1151 1974 1383 2032 integrum
1412 1975 1535 2032 ipsos
1563 1975 1808 2026 dimittere,

172 2050 310 2096 etiam
332 2051 370 2095 si
386 2051 695 2096 infirmitatem
713 2052 1023 2096 contraxerint
1039 2067 1096 2095 ex
1114 2052 1374 2095 ministeriis
1391 2052 1650 2105 Societatis,
1677 2052 1812 2095 modo

171 2128 402 2173 consuetis
423 2135 470 2172 et
485 2128 733 2173 nouitiatus
751 2128 957 2186 propriis;
978 2136 1023 2174 et
1045 2143 1100 2173 eo
1123 2129 1306 2185 quidem
1326 2129 1504 2173 facilius
1527 2145 1584 2174 ex
1601 2144 1654 2174 ea
1672 2142 1811 2172 causa

172 2203 339 2248 dimitti
361 2212 553 2262 possunt
575 2206 648 2250 vel
669 2206 853 2259 debent,
878 2207 1000 2262 quod
1022 2206 1263 2250 videantur
1283 2206 1534 2250 ministeria
1563 2205 1811 2251 Societatis

173 2281 300 2326 obire
337 2297 430 2326 non
466 2297 615 2339 posse.
650 2282 797 2340 Igitur
832 2291 1016 2340 propter
1052 2298 1242 2340 grauem
1278 2283 1586 2328 valetudinem
1627 2283 1810 2327 excludi

173 2365 365 2415 possunt
396 2359 574 2413 nouitii‚
615 2367 859 2417 expectato
887 2367 1038 2404 tamen
1072 2367 1290 2417 tempore,
1316 2375 1406 2416 quo
1435 2360 1700 2404 meliuscule
1729 2374 1811 2401 va-

172 2435 314 2489 leant,
337 2451 429 2492 qua
449 2437 506 2480 de
533 2453 583 2481 re
611 2436 829 2482 iudicabit
855 2437 1075 2494 superior,
1108 2438 1319 2481 consulto
1345 2437 1542 2482 medico.
1576 2436 1669 2492 Qui
1702 2421 1811 2479 vero

173 2511 264 2556 iam
286 2521 394 2557 sunt
415 2514 689 2566 scholastici,
714 2514 920 2558 similiter
941 2514 1106 2558 dimitti
1126 2522 1336 2572 possunt.
1361 2516 1477 2558 Nam
1508 2514 1689 2569 quando
1711 2520 1809 2555 stu-

173 2590 301 2644 dent,
325 2590 543 2635 Societati
563 2606 656 2634 non
677 2591 949 2644 inseruiunt,
973 2593 1055 2635 sed
1082 2607 1166 2636 suo
1195 2591 1436 2649 profectui:
1469 2591 1604 2634 simul
1634 2596 1739 2632 sunt
1762 2589 1808 2631 in

174 2667 440 2723 probatione
462 2667 732 2720 studiorum,
757 2669 815 2711 ad
836 2683 954 2724 quae
975 2669 1014 2712 si
1036 2683 1128 2712 non
1151 2676 1259 2712 sunt
1287 2667 1439 2712 idonei
1467 2675 1652 2723 propter
1685 2665 1808 2708 infir-

174 2757 294 2786 mam
311 2744 633 2797 valetudinem,
647 2759 752 2788 cum
768 2745 916 2789 studia
935 2745 1026 2789 sint
1043 2745 1278 2789 tractaturi
1296 2745 1372 2787 vbi
1388 2752 1520 2788 erunt
1539 2743 1584 2785 in
1602 2742 1808 2785 ministe-

174 2819 243 2864 rio
263 2820 519 2874 Societatis,
544 2822 854 2866 censebuntur
874 2824 932 2866 ad
953 2823 1074 2866 illam
1096 2819 1253 2878 in'epti.
1279 2823 1439 2876 Neque
1461 2820 1533 2863 his
1550 2820 1601 2861 fit
1624 2818 1803 2861 iniuria:

174 2897 255 2941 sed
278 2897 430 2953 potius
451 2897 513 2942 84
543 2899 777 2942 confertur
804 2899 1094 2944 beneficium.
1126 2900 1242 2942 Nam
1273 2898 1479 2942 Societas
1507 2896 1607 2938 illos
1635 2903 1731 2938 tum
1761 2894 1807 2937 in

176 2972 393 3026 moribus,
419 2981 516 3016 tum
538 2974 584 3017 in
607 2974 749 3019 literis
770 2975 903 3028 iuuit,
927 2975 991 3018 illi
1013 2975 1126 3018 nihil
1154 2976 1305 3018 adhuc
1329 2974 1619 3018 Societatem.
1652 2973 1709 3014 Et
1738 2978 1807 3014 ta-

177 3063 281 3094 men
302 3049 350 3093 in
370 3049 444 3094 his
459 3058 529 3094 est
550 3051 1003 3096 animaduertendum
1025 3052 1306 3111 diligentius,
1333 3065 1442 3093 num
1465 3065 1517 3094 ea
1550 3048 1608 3092 sit
1629 3048 1808 3091 infirma
