2098 3470
793 232 1233 268 lusmuc'rrousss-ot
1720 232 1788 269 601

294 334 452 378 Nostri
473 349 566 378 non
588 333 814 390 accipiant
834 333 1173 388 eleemosynam
1194 339 1244 376 vt
1264 332 1364 376 aliis
1386 347 1484 377 eam
1508 341 1524 358 ³
1542 333 1836 387 distribuant,

201 412 286 456 sed
307 418 485 454 tantum
508 410 663 454 dicant
684 409 996 462 offerentibus,
1021 417 1069 451 vt
1083 409 1271 466 ⁴ipsimet
1298 409 1421 452 illam
1452 411 1647 463 tradant;
1678 420 1724 455 et
1753 427 1838 468 po-

206 495 359 531 terunt
379 487 531 532 dicere
553 488 720 543 quibus
739 502 840 531 eam
862 487 971 531 dare
993 487 1206 540 debeant,
1231 494 1472 543 postquam
1494 488 1541 529 id
1572 502 1677 530 cum
1700 503 1838 545 supe-

204 565 320 608 riore
350 565 804 617 communicauerint,
838 579 973 620 quam
1007 564 1271 608 facultatem
1303 563 1530 621 accipient
1562 565 1619 606 ab
1652 564 1722 617 iis,
1758 565 1836 621 qui

199 643 315 687 dare
335 642 495 685 volunt
522 642 856 698 eleemosynam
883 651 1075 694 secrete,
1107 647 1153 684 et
1179 641 1286 696 quia
1308 642 1537 684 interdum
1560 642 1708 686 solent
1731 658 1835 698 per-

199 733 356 771 sonae,
381 718 548 774 quibus
569 720 829 776 erogandae
850 726 974 772 sunt,
999 734 1099 764 esse
1121 719 1381 763 verecunde
1402 733 1643 775 pauperes,
1670 728 1834 763 curent

196 794 457 852 superiores
478 796 691 840 omnibus
712 796 759 839 in
780 796 907 848 locis,
939 803 988 838 vt
1008 797 1208 840 habeant
1236 796 1431 851 aliquam
1461 803 1696 839 externam
1729 811 1832 852 per-

195 887 357 917 sonam
376 873 639 917 familiarem
659 873 811 930 magni
831 873 1024 930 exempli
1041 880 1087 917 et
1103 873 1379 925 securitatis,
1399 874 1559 929 quales
1576 887 1666 916 non
1685 874 1834 917 solent

194 951 376 1003 deesse,
402 965 519 1006 quae
540 957 734 1007 possunt
755 943 1027 995 distribuere
1048 951 1162 993 tales
1183 951 1512 1006 eleemosynas.

285 1032 368 1074 627
392 1028 579 1071 Nullum
602 1042 845 1084 possumus
866 1042 949 1070 nos
969 1027 1096 1070 obire
1118 1026 1436 1079 ministerium,
1455 1042 1539 1083 pro
1557 1041 1667 1082 quo,
1692 1041 1832 1082 quum

200 1119 288 1148 nos
310 1105 421 1148 nihil
444 1120 502 1148 ne
523 1105 707 1148 nomine
729 1105 911 1160 quidem
933 1105 1247 1160 eleemosynae
1268 1104 1475 1160 accipere
1495 1103 1737 1160 possimus,
1758 1104 1830 1146 alii

201 1189 353 1227 tamen
375 1182 619 1239 accipiant.
644 1184 706 1226 Vt
727 1181 766 1234 si
788 1182 889 1237 quis
916 1189 1097 1238 rogaret
1124 1197 1151 1225 a
1179 1182 1311 1225 nobis
1338 1181 1515 1235 missas,
1549 1196 1633 1238 pro
1666 1181 1831 1237 quibus

198 1258 298 1315 ipse
326 1259 550 1316 acciperet
579 1260 890 1316 eleemosynas
917 1258 1194 1316 pauperibus
1221 1259 1494 1316 erogandas,
1518 1250 1593 1303 vel
1615 1266 1664 1301 vt
1691 1259 1830 1302 doce-

197 1350 351 1380 remus
371 1336 418 1379 in
439 1336 636 1393 collegio
654 1337 874 1393 exigeret,
894 1343 939 1380 et
955 1337 1052 1393 ipse
1067 1335 1272 1379 didracta
1288 1335 1306 1360 b
1324 1337 1381 1379 ab
1399 1335 1684 1380 auditoribus
1707 1337 1829 1379 acci-

196 1420 325 1470 peret
346 1413 391 1456 in
414 1428 641 1470 pauperes
662 1406 990 1458 distribuenda.

254 1549 258 1553 ¹
282 1490 333 1536 Si
354 1490 464 1546 quid
485 1491 670 1533 domum
693 1492 751 1533 ad
774 1505 858 1533 nos
885 1490 1090 1534 mittatur
1112 1490 1295 1539 nomine
1316 1491 1634 1547 eleemosynae
1656 1491 1728 1534 vel
1751 1499 1799 1533 vt
1813 1516 1823 1521 -

193 1581 378 1623 cunque
406 1566 680 1620 donationis,
711 1566 748 1610 si
771 1567 953 1623 quidem
978 1567 1294 1624 accipiendum
1317 1568 1392 1620 sit,
1424 1575 1606 1624 petatur
1627 1567 1702 1610 cui
1724 1567 1828 1610 mit-

196 1651 318 1688 tatur
344 1645 417 1688 vel
438 1644 586 1687 detur.
619 1643 668 1688 Si
690 1644 827 1687 alicui
860 1644 1141 1697 nominatim,
1176 1659 1234 1688 ne
1266 1644 1532 1702 accipiatur,
1568 1644 1655 1688 nisi
1689 1645 1827 1700 profi-

193 1728 374 1765 teantur
395 1736 445 1766 se
466 1721 531 1764 illi
552 1736 642 1764 non
666 1722 773 1765 dare
795 1722 875 1765 sed
898 1722 1227 1767 communitati.

537 1855 600 1885 DE
633 1856 828 1886 LITIBUS
862 1856 952 1886 VEL
988 1855 1142 1887 REBUS
1174 1855 1476 1890 FORENSIBUS

278 1957 330 1999 In
367 1956 535 2000 iudicio
570 1956 727 2000 literae
764 1955 1039 2013 apostolicae
1080 1971 1172 1999 non
1208 1960 1292 2003 628
1335 1956 1646 2012 producantur
1660 1989 1669 2007 ,
1711 1955 1824 1998 citra

189 2033 480 2088 peculiarem,
506 2041 587 2076 aut
609 2041 733 2076 certe
754 2033 1015 2089 generalem
1037 2032 1328 2089 prouincialis
1349 2046 1639 2086 consensum3
1660 2032 1699 2075 is
1716 2046 1825 2076 vero

189 2110 277 2153 hoc
300 2109 346 2152 in
368 2110 749 2154 consultationem
771 2125 958 2153 suorum
979 2110 1193 2162 deducat,
1218 2124 1271 2154 ac
1298 2110 1436 2153 etiam
1466 2110 1674 2162 aliorum,
1710 2123 1824 2165 quos

187 2185 406 2240 iudicabit
426 2202 528 2232 esse
548 2188 869 2231 consulendos.
907 2188 972 2230 Ex
1002 2188 1165 2230 harum
1197 2195 1352 2232 autern
1383 2186 1752 2243 praesentatione
1786 2186 1822 2228 si

187 2263 577 2308 consentientibus
599 2263 936 2307 consultoribus
954 2263 1190 2308 timeretur
1205 2255 1487 2316 scandalum,
1509 2264 1822 2308 consulendus

189 2339 314 2395 prius
334 2348 456 2384 esset
476 2341 719 2398 generalis.
1358 2387 1363 2393 ,

273 2417 324 2462 Si
352 2426 502 2462 rector
528 2419 720 2462 daturus
746 2426 817 2463 est
846 2418 1000 2462 literas
1027 2419 1361 2474 procuratorias
1392 2418 1544 2470 alicui,
1578 2426 1626 2459 vt
1654 2431 1819 2460 census

184 2493 365 2551 collegii
387 2502 639 2551 recuperet,
665 2496 833 2539 habeat
856 2495 980 2551 prius
1002 2496 1264 2539 facultatem
1286 2495 1386 2539 eius
1408 2496 1475 2539 rei
1496 2510 1522 2538 a
1551 2493 1818 2551 prouinciali

184 2570 231 2612 in
252 2585 423 2627 genere
444 2573 517 2616 vel
539 2572 587 2616 in
608 2563 775 2628 specie.

270 2648 321 2693 Si
342 2655 492 2692 rector
512 2649 708 2705 aliquem
732 2658 1016 2694 contractum
1046 2651 1103 2694 sit
1132 2651 1345 2702 initurus,
1377 2650 1619 2693 admoneat
1647 2647 1815 2689 diserte

182 2724 522 2780 prouincialem,
550 2735 597 2772 et
618 2727 810 2785 accipiat
831 2729 889 2771 ab
911 2743 965 2772 eo
988 2730 1265 2781 facultatem,
1291 2727 1327 2771 si
1350 2741 1450 2770 eam
1475 2723 1685 2768 habuerit
1709 2737 1814 2778 pro-

183 2800 406 2846 uincialis.

271 2879 409 2934 Quod
429 2880 487 2923 ad
509 2880 712 2937 legatum
735 2895 816 2924 seu
834 2881 1127 2926 donationem
1144 2882 1324 2933 attinet,
1346 2894 1462 2937 quae
1479 2880 1556 2921 fiat
1575 2876 1810 2929 Societati,

248 3057 278 3085 a,
315 3057 382 3082 eas
401 3058 473 3083 ms.
525 3068 559 3073 —
573 3049 591 3075 b
618 3047 696 3094 Sic,
717 3058 785 3094 pro
802 3048 1006 3086 didactra.
1026 3048 1089 3087 Cf,
1111 3049 1240 3095 Epist.
1258 3048 1307 3085 P.
1325 3046 1475 3089 Nadal‚
1496 3045 1564 3089 111,
1585 3044 1652 3088 565
1669 3048 1708 3078 et
1728 3043 1809 3087 584.
