2098 3470
337 254 406 299 548
808 255 962 292 Pia-rius
989 257 1233 292 HJERONYMI
1259 257 1409 293 NADAL

292 355 377 411 ipsi
400 369 456 398 ex
479 363 711 412 parte‘sua
732 371 832 399 esse
853 358 1021 401 debent
1043 357 1351 401 indifferentes
1373 358 1429 400 ad
1451 358 1659 413 quemuis
1681 359 1923 403 Societatis

293 438 482 485 statum,
508 432 819 475 indifferentes
840 441 1075 489 praeterea
1099 434 1154 476 ad
1187 448 1346 478 omnes
1374 434 1448 478 49!
1479 434 1773 487 obedientias,
1799 443 1844 479 et
1866 436 1921 479 ad

293 509 445 552 omnia
474 509 620 552 officia
650 498 906 562 Societatis,
931 518 976 553 et
1013 510 1059 552 in
1087 512 1173 552 hac
1212 509 1513 554 indifferentia
1552 525 1727 566 semper
1754 512 1921 555 debent

292 600 602 642 perseuerare;
628 593 674 629 et
696 586 905 642 quamuis
934 602 989 631 ex
1017 586 1179 642 seipsis
1207 601 1383 642 semper
1416 588 1584 631 debent
1620 587 1789 643 eligere
1816 602 1922 644 gra-

291 663 400 704 dum
430 662 705 715 inferiorem,
740 669 889 706 tamen
921 662 1004 706 toti
1038 663 1082 705 in
1121 664 1257 706 rebus
1286 663 1498 706 omnibus
1535 678 1636 707 sese
1664 664 1921 719 permittere

291 740 461 783 debent
482 739 783 783 obedientiae.
1720 743 1723 746 ’

380 818 534 871 Quum
560 815 782 860 uiuaciter
804 818 1035 862 feruentes
1058 831 1159 861 esse
1181 817 1377 861 debeant
1405 817 1660 874 superiores
1688 832 1843 860 omnes
1865 819 1925 865 ad

291 894 542 936 curandum
566 901 615 935 vt
638 893 767 936 multi
791 893 939 938 idonei
963 895 1019 936 ad
1042 893 1317 937 Societatem
1342 893 1634 950 recipiantur,
1655 908 1748 936 non
1772 902 1920 938 tamen

290 976 530 1026 propterea
559 970 670 1012 fiant
698 970 1078 1027 negligentiores,
1110 971 1230 1026 quod
1259 971 1331 1014 vel
1368 970 1560 1026 collegia
1588 971 1789 1026 ipsorum
1828 985 1917 1013 non

290 1054 430 1102 egent
459 1046 616 1090 maiori
645 1061 853 1101 numero,
885 1048 957 1091 vel
987 1062 1077 1089 non
1106 1047 1303 1091 habeant
1333 1048 1451 1090 vnde
1479 1046 1591 1090 alios
1622 1048 1758 1091 alant.
1785 1049 1916 1100 Nam,

293 1124 675 1178 quemadmodum
698 1123 788 1167 sint
811 1123 975 1176 alendi,
1007 1123 1069 1167 ita
1093 1123 1326 1179 prouisum
1355 1131 1438 1167 est.
1473 1123 1562 1167 Vbi
1585 1123 1704 1169 enim
1730 1138 1923 1180 accepe-

290 1199 397 1253 rint,
425 1215 539 1255 quos
562 1215 652 1243 non
674 1209 866 1257 possunt
896 1202 1031 1253 alere,
1057 1201 1101 1243 id
1124 1200 1384 1257 significent
1406 1200 1670 1256 prouinciali
1698 1202 1769 1245 vel
1798 1215 1918 1244 com-

290 1277 520 1320 missario.
553 1278 615 1321 Hi
638 1278 710 1322 vel
734 1278 911 1321 mittent
934 1278 978 1320 in
1003 1277 1089 1321 alia
1116 1277 1308 1334 collegia
1336 1292 1446 1321 suae
1475 1277 1754 1334 prouinciae,
1779 1279 1851 1321 vel
1871 1277 1916 1320 in

290 1354 423 1397 aliam
452 1354 751 1411 prouinciam,
777 1356 849 1398 vel
870 1354 1054 1397 omnino
1072 1356 1276 1407 Romam,
1301 1355 1372 1398 vel
1395 1354 1580 1397 omnino
1602 1354 1820 1397 rationem
1837 1353 1919 1398 ali-

292 1445 428 1487 quam
452 1431 709 1487 acceperint
731 1446 757 1473 a
778 1418 981 1487 generali
1003 1430 1260 1487 praeposito
1292 1431 1401 1486 quid
1432 1432 1488 1474 de
1516 1430 1603 1473 illis
1635 1430 1779 1474 acturi
1810 1430 1915 1484 sint;

290 1522 381 1550 non
410 1508 531 1551 enim
559 1508 794 1560 debemus,
820 1508 897 1564 qui
920 1507 1071 1550 idonei
1100 1508 1157 1550 ad
1185 1506 1458 1552 Societatem
1482 1509 1707 1551 accedunt
1734 1508 1791 1551 ad
1817 1522 1916 1561 nos,

290 1599 383 1627 non
407 1585 624 1642 recipere,
643 1592 689 1629 et
705 1586 925 1628 debemus
948 1599 1114 1641 magno
1137 1583 1286 1627 animo
1309 1599 1424 1635 esse,
1446 1585 1583 1640 quod,
1604 1584 1680 1640 qui
1698 1584 1798 1628 illos
1815 1584 1918 1626 mit-

292 1662 345 1704 tit
367 1663 512 1715 Deus,
536 1676 615 1705 eos
636 1663 726 1705 alet
746 1670 780 1707 ³.
1935 1648 1939 1651 ¹

377 1739 468 1784 492
499 1738 582 1791 Illi,
609 1738 688 1794 qui
710 1738 988 1795 recipientur
1009 1746 1054 1781 et
1076 1752 1166 1781 non
1190 1745 1324 1780 erunt
1352 1738 1536 1780 omnino
1559 1737 1698 1794 inepti
1736 1738 1792 1780 ad
1821 1744 1912 1780 stu·

288 1816 377 1868 dia,
398 1814 489 1858 no'n
506 1830 587 1871 pro
604 1815 944 1858 coadiutoribus
962 1814 1288 1871 temporalibus
1305 1814 1635 1867 examinentur,
1654 1815 1734 1858 sed
1752 1829 1831 1870 pro
1850 1814 1924 1856 in·-

288 1891 618 1936 differentibus.

377 1969 453 2013 Ad
476 1968 758 2025 recipiendos
780 1968 979 2012 nouitios
1001 1971 1114 2012 haec
1135 1969 1245 2012 vtile
1262 1967 1671 2013 eritanimaduerti
1688 1975 1822 2023 atque
1839 1969 1925 2010 οὒ·-

289 2045 462 2090 seruari
486 2048 513 2090 ¹.

379 2123 599 2175 Primum,
625 2129 673 2165 vt
694 2122 781 2165 sibi
803 2124 1106 2178 persuadeant
1128 2137 1304 2175 omnes,
1330 2130 1560 2178 quotquot
1589 2129 1695 2165 sunt
1716 2121 1762 2163 in
1784 2122 1926 2164 colle-2

288 2200 382 2257 gio,
407 2200 455 2242 in
477 2198 708 2256 operibus,
734 2213 850 2254 quae
874 2215 929 2244 ex
958 2199 1168 2242 instituto
1191 2198 1432 2243 Societatis
1459 2199 1591 2242 nobis
1621 2205 1728 2241 sunt
1756 2211 1921 2253 procu-

289 2278 446 2329 randa,
470 2276 645 2319 nullum
675 2290 775 2320 esse
797 2275 1117 2331 praestantius,
1144 2276 1318 2318 nullum
1341 2275 1511 2327 Vtilius,
1538 2289 1672 2330 quam
1695 2274 1732 2318 si
1755 2275 1811 2318 ad
1838 2275 1919 2319 So-

288 2354 502 2399 cietatem
525 2359 680 2396 nostra
700 2367 836 2408 opera
860 2362 1079 2397 vocentur
1103 2351 1422 2409 quamplurimi
1445 2359 1489 2396 et
1512 2366 1646 2407 quam
1680 2351 1916 2407 aptissimi.

290 2433 406 2475 Nam
437 2432 578 2487 longe
606 2429 768 2474 melius
805 2437 874 2472 est
911 2429 1139 2485 operarios
1171 2431 1320 2472 facere
1358 2429 1415 2472 ad
1451 2428 1674 2471 iuuandas
1702 2427 1917 2484 plurimas

289 2508 480 2560 animas,
506 2521 644 2563 quam
668 2506 975 2562 singularibus
998 2505 1234 2548 animabus
1255 2505 1467 2548 iuuandis
1490 2505 1768 2548 incumbere.

378 2585 658 2630 Secundum.
724 2582 888 2626 Cautio
911 2590 1062 2625 tamen
1085 2582 1289 2625 adhiberi
1312 2583 1447 2626 debet
1470 2589 1515 2626 et
1533 2581 1713 2636 quidem
1731 2594 1919 2623 accura-

290 2671 350 2715 ta,
383 2678 442 2707 ne
463 2663 710 2707 vehemens
732 2658 1004 2702 desiderium
1035 2658 1226 2701 vocandi
1247 2658 1602 2714 quamplurimos
1633 2658 1691 2700 ad
1721 2657 1919 2701 Societa-

357 2821 375 2837 a
426 2807 717 2852 Praecedentia,
737 2806 786 2841 ab
801 2805 878 2841 illis
896 2805 1041 2840 verbis:
1069 2816 1147 2840 non
1172 2805 1293 2846 enim,
1313 2804 1443 2840 addita
1462 2804 1672 2851 posterius.

362 2941 369 2959 ¹
423 2938 640 2985 Sequentia
661 2935 704 2972 13
721 2941 864 2983 puncta
883 2940 975 2970 sunt
992 2934 1074 2970 fere
1093 2933 1243 2980 eadem,
1263 2945 1363 2981 quae
1380 2945 1511 2981 supra,
1526 2921 1642 2981 pagg.
1658 2934 1815 2971 313-316
1832 2946 1923 2971 con*

287 3001 475 3036 tinentur.
502 2996 645 3044 Aliqua
670 3001 800 3032 tamen
825 2994 889 3029 hic
913 2993 1160 3037 emendavit,
1184 2993 1311 3039 aliqua
1334 2992 1483 3028 addidit
1503 2993 1665 3041 Natalis3
1691 3005 1736 3029 ac
1760 2994 1919 3041 proinde

289 3071 366 3095 non
385 3057 524 3094 inutile
543 3055 617 3091 erit
631 3066 678 3090 ea
689 3053 768 3100 hic,
785 3059 829 3089 ut
848 3053 886 3088 in
904 3051 998 3091 Cod.
1027 3051 1152 3089 Vatic.
1174 3060 1194 3096 7
1211 3051 1416 3097 habentur,
1437 3051 1637 3091 exhibere.
