2098 3470
279 233 350 269 638
749 235 906 273 Purus
931 237 1175 274 Hisnouvm
1201 225 1350 274 NADAL

227 344 388 392 ceptus
410 343 603 390 nostros,
628 343 673 381 et
696 337 761 383 sic
782 353 1024 395 possumus
1045 338 1196 383 dicere
1218 353 1319 383 esse
1349 340 1488 383 uerba
1510 340 1855 397 cogitationum,

228 413 302 458 261
319 421 368 456 vt
385 414 566 469 quando
583 413 746 470 aliquis
761 429 830 468 ea,
851 428 967 472 quae
985 414 1192 471 concepit
1212 415 1285 459 uel
1303 415 1531 472 intelligit,
1543 416 1735 472 explicat
1753 431 1859 462 uer-

228 490 313 544 bis;
339 491 414 534 uel
435 498 543 534 sunt
565 491 611 534 in
632 491 939 537 declaratione
961 492 1149 536 aliorum
1169 493 1428 545 uerborum,
1449 499 1499 535 ut
1515 501 1623 536 sunt
1640 493 1859 550 interpre-

227 567 421 612 tationes
442 568 693 624 scripturae
714 580 760 614 et
781 569 1057 621 huiusmodi,
1078 583 1194 624 quae
1215 575 1405 626 possunt
1427 569 1516 612 dici
1534 571 1675 614 uerba
1691 572 1860 615 uerbo-

228 658 343 697 rum;
385 645 459 689 uel
495 645 774 701 explicamus
812 648 931 691 facta
968 646 1066 690 siue
1104 659 1240 702 opera
1272 646 1461 689 aliorum
1492 647 1565 690 uel
1596 654 1773 700 nostra,
1804 648 1860 690 ad

228 722 409 764 laudem
431 722 631 775 Domini,
656 731 701 768 et
722 723 808 767 ista
827 730 1016 780 possunt
1033 721 1121 766 dici
1140 724 1279 766 uerba
1299 723 1519 766 factorum
1538 723 1636 767 siue
1653 738 1858 780 operum:

228 805 274 842 et
297 798 521 853 quamuis,
548 807 598 842 ut
619 799 878 856 plurimum,
905 799 1113 842 homines
1134 800 1418 844 delectentur
1440 799 1596 856 primis
1624 807 1670 844 et
1697 813 1862 843 secun-

230 875 299 918 dis
323 875 490 927 uerbis,
510 875 676 931 quibus
693 884 846 920 noster
864 875 1121 919 intellectus
1138 875 1352 932 pascitur,
1376 883 1526 920 tamen
1542 876 1765 928 homines,
1786 875 1863 931 qui

229 951 423 997 maxime
454 940 714 998 desiderant
746 953 938 1009 operari,
978 953 1124 1009 magis
1161 954 1446 996 delectantur
1482 952 1651 997 ultimis
1689 952 1858 1006 uerbis,

232 1038 447 1085 tanquam
471 1030 615 1087 magis
639 1030 840 1083 utilibus,
866 1030 1031 1087 quibus
1053 1029 1323 1074 erudiuntur
1340 1031 1565 1086 quomodo
1583 1030 1862 1086 operandum

231 1105 305 1158 sit,
330 1120 420 1162 qua
443 1114 554 1159 arte,
579 1121 669 1162 qua
693 1107 780 1159 uia,
806 1114 894 1150 etc.

321 1184 570 1238 Loquendo
592 1183 649 1227 de
671 1183 975 1236 studentibus,
997 1183 1190 1236 dicebat,
1212 1185 1332 1239 quod
1355 1199 1445 1227 non
1468 1185 1655 1228 deberet
1676 1197 1777 1227 esse
1799 1183 1864 1227 eis

233 1260 471 1303 molestum
493 1261 771 1305 descendere
793 1261 849 1304 ad
871 1259 1206 1316 adipiscendam
1230 1261 1433 1318 linguam
1460 1260 1661 1314 latinam,
1694 1261 1768 1304 uel
1796 1275 1866 1304 ra-

232 1335 438 1380 tiocinari
474 1344 520 1380 et
558 1337 834 1391 huiusmodi3
876 1351 979 1381 nam
1017 1337 1163 1395 magis
1200 1338 1363 1381 durum
1402 1338 1532 1381 nobis
1564 1338 1795 1383 uideretur
1829 1338 1867 1380 si

232 1415 369 1457 homo
391 1415 686 1459 descenderet
708 1415 764 1458 ad
787 1414 1122 1471 adipiscendam
1145 1414 1347 1471 linguam
1370 1423 1635 1467 maternam,
1661 1414 1697 1458 si
1721 1415 1778 1458 ad
1795 1414 1866 1458 in-

233 1490 546 1547 telligendum,
578 1499 623 1535 et
645 1491 921 1544 huiusmodi,
946 1492 1257 1544 descenderet,
1289 1492 1411 1546 quod
1443 1493 1568 1535 Deus
1598 1491 1722 1545 fecit;
1758 1506 1865 1535 nam

232 1568 423 1610 effectus
447 1569 679 1624 paruulus,
698 1582 913 1613 successu
931 1569 1145 1624 temporis
1166 1568 1358 1624 adeptus
1380 1576 1449 1613 est
1470 1568 1674 1625 linguam
1698 1575 1863 1612 mater-

234 1658 354 1696 nam,
380 1644 598 1701 cognouit
620 1652 666 1690 et
687 1645 906 1689 intellexit
928 1644 1087 1688 notitia
1107 1659 1189 1689 seu
1211 1645 1526 1701 intelligentia,
1546 1659 1681 1701 quam
1700 1652 1867 1688 uocant

235 1720 646 1776 experimentalem3
672 1730 718 1765 et
741 1722 907 1766 nedum
929 1722 985 1765 ad
1007 1723 1094 1764 hoc
1121 1721 1372 1776 descendit,
1403 1723 1483 1766 sed
1511 1721 1646 1766 etiarn
1676 1723 1733 1765 ad
1763 1723 1867 1773 hoc,

235 1803 284 1839 ut
306 1798 519 1853 paulatim
543 1800 798 1843 crescerent
820 1799 972 1854 pedes,
998 1813 1160 1842 manus
1176 1806 1222 1842 et
1239 1799 1410 1855 reliqua
1428 1799 1628 1855 corporis
1645 1799 1863 1851 membra;

235 1876 359 1930 quod
391 1874 429 1918 si
462 1882 586 1920 recte
618 1875 974 1927 consideremus,
1006 1875 1054 1917 in
1087 1875 1217 1919 nobis
1249 1875 1382 1920 etiam
1416 1889 1634 1932 magnum
1669 1875 1867 1928 videtur,

235 1959 407 2006 quanto
430 1951 578 2008 magis
600 1951 646 1995 in
668 1952 786 1998 Deo.

323 2028 533 2083 Dicebat,
568 2028 615 2071 in
647 2029 859 2072 omnibus
890 2029 1123 2073 beneficiis
1155 2029 1242 2074 Dei
1273 2031 1440 2074 debere
1471 2044 1554 2072 nos
1585 2028 1873 2073 considerare

235 2104 336 2158 tria,
362 2120 542 2162 nempe:
570 2119 664 2148 rem
688 2095 847 2161 ipsam,
873 2107 1074 2150 datorem
1099 2106 1261 2163 ipsum,
1287 2113 1334 2149 et
1355 2121 1446 2161 quo
1468 2106 1617 2150 animo
1638 2113 1657 2131 ³
1677 2104 1868 2150 dederit.

236 2181 358 2226 Hinc
381 2182 467 2225 erit
485 2182 606 2238 quod
623 2183 942 2238 quodcumque
959 2183 1230 2228 beneficium
1247 2183 1402 2239 magni
1419 2182 1726 2234 aestimemus,
1748 2182 1870 2239 quod

235 2259 280 2301 in
304 2260 440 2302 rebus
461 2259 672 2303 humanis
692 2259 808 2304 solet
830 2260 1111 2316 contingere,
1137 2260 1318 2316 quando
1340 2259 1415 2303 illa
1438 2259 1522 2302 tria
1543 2258 1778 2311 eueniunt,
1813 2259 1871 2301 ad

236 2351 353 2392 quae
375 2336 413 2379 si
435 2349 526 2379 non
549 2336 857 2390 aduertamus,
882 2337 1149 2392 plerumque
1170 2336 1337 2394 ingrati
1358 2337 1577 2380 habemur
1599 2337 1655 2379 ab
1678 2335 1871 2379 homini-

236 2415 339 2466 bus,
364 2427 469 2456 cum
492 2428 582 2457 non
608 2412 720 2456 tanti
745 2413 934 2457 facimus
955 2414 1126 2457 donum
1149 2414 1309 2470 quanti
1331 2414 1596 2459 debeamus.

325 2490 533 2542 Dicebat,
559 2487 698 2546 quod,
723 2491 1103 2549 quemadmodum
1125 2491 1171 2534 in
1194 2490 1345 2534 arduis
1374 2497 1419 2535 et
1447 2489 1626 2547 magnis
1658 2489 1872 2546 operibus
1905 2545 1907 2548 Α

237 2567 455 2612 faciendis
482 2568 679 2611 solemus
711 2568 1024 2624 praemeditari
1054 2568 1282 2624 quomodo
1315 2568 1390 2611 illa
1424 2567 1658 2620 faciamus,
1693 2566 1873 2611 deside-

237 2645 378 2688 rando
404 2645 492 2688 iam
521 2651 626 2688 ante
654 2644 728 2687 illa
758 2645 905 2687 facere
933 2659 1035 2688 cum
1068 2644 1191 2688 omni
1223 2644 1519 2701 perfectione,
1555 2651 1601 2687 et
1633 2650 1871 2700 postquam

221 2721 355 2780 „facta
376 2729 504 2774 sunt,
523 2721 561 2764 si
582 2721 628 2764 in
650 2720 799 2776 aliquo
821 2721 1091 2774 errauimus,
1117 2721 1318 2777 poenitet
1341 2735 1439 2773 nos,
1460 2720 1804 2772 considerando:
1826 2718 1872 2762 in

235 2800 325 2841 hoc
348 2799 422 2842 uel
442 2798 519 2841 illo
541 2797 705 2850 erraui3
731 2797 934 2841 similiter
956 2798 1091 2841 etiam
1113 2797 1159 2841 in
1179 2798 1347 2851 uerbis;
1368 2798 1431 2840 ita
1448 2797 1583 2841 etiam
1601 2797 1873 2841 deberemus

239 2876 282 2918 in
315 2875 593 2919 orationibus
627 2874 792 2919 nostris
830 2882 933 2918 ante
971 2874 1058 2918 iam
1090 2874 1428 2931 praemeditari:
1469 2889 1558 2930 ego
1596 2873 1698 2919 261ν
1728 2873 1875 2917 debeo

308 3053 325 3069 a
375 3042 635 3078 Emendatum
654 3054 676 3078 a
694 3041 784 3078 Nat.
805 3053 854 3076 ex
873 3042 1011 3077 animo
1026 3054 1116 3088 que.
