2098 3470
398 3 491 24 mdc:
540 0 834 28 m3wssjrvss'2’vae
876 0 913 17 J>
927 0 999 14 zum·
1019 0 1025 3 ⁷
1117 0 1174 11 ‘···

398 46 402 55 =
463 28 486 44 ⁹*
541 28 581 50 ,οἵ
608 28 617 42 ”
640 47 642 49 .
1055 28 1059 30 ⁷

802 274 983 311 Non-rm
1009 282 1200 311 comcma
1724 284 1771 321 29

177 375 379 413 lectorum
398 377 440 413 in
458 376 591 424 primo
610 376 722 423 folio,
740 381 927 415 recenter
944 377 1120 426 adjecto,
1139 378 1300 426 positus
1314 359 1394 415 est.⁴
1406 375 1511 415 Cum
1528 379 1709 415 maxima
1723 389 1816 426 pars

179 446 534 494 documentorum,
553 459 659 495 quae
678 448 720 485 in
739 449 820 486 hoc
838 447 984 486 codice
1004 447 1218 494 habentur,
1237 448 1289 485 ad
1310 452 1496 496 tempora
1523 449 1655 486 Natali
1675 454 1814 497 poste·

177 518 286 555 riora
303 522 505 566 spectent,
525 529 655 567 pauca
674 519 807 556 solum
825 518 880 556 de
897 518 1116 567 prioribus,
1135 519 1188 556 ad
1208 519 1323 557 initia
1340 518 1559 556 Societatis
1577 520 1814 568 pertinenti·

178 587 271 635 bus,
290 589 358 626 hic
377 589 554 627 dicenda
571 595 701 628 erunt.

257 659 436 698 Primum
456 660 763 708 documentum,
782 661 936 710 duplici
956 661 1066 708 folio,
1085 666 1181 699 sunt
1198 662 1363 712 regulae
1389 662 1698 709 antiquissimae
1723 673 1813 698 mo-

178 729 350 778 destiae,
376 732 419 768 in
437 731 608 770 latinum
635 744 868 770 sermonem
894 745 950 770 ex
975 734 1189 782 hispanico
1213 733 1444 779 translatae,
1470 733 1524 770 de
1543 732 1694 780 quibus
1714 732 1815 769 dici-

178 812 271 839 mus
289 802 330 839 in
350 802 699 852 descriptionibus
719 804 925 850 codicum,
945 803 1115 843 Mzzvcell.
1135 803 1265 853 regul.
1287 805 1329 842 S.
1350 803 1408 849 J„
1430 816 1468 841 n.
1495 815 1534 850 4,
1553 808 1595 840 et
1626 803 1746 841 Vatic.
1775 800 1812 848 ὁ,

178 871 221 911 ff.
241 882 307 922 23,
327 883 391 920 24
409 873 555 912 Manus
573 875 796 924 germanici
815 874 966 913 librarii
985 875 1160 914 videtur.
1181 875 1344 914 Titulus
1358 879 1422 913 est
1435 875 1682 924 hujusmodi:
1704 875 1814 912 «Mo-

86 938 88 940 ’
118 982 121 984 ,
178 942 269 990 dus,
289 945 359 991 qui
378 945 582 983 tenendus
608 950 672 982 est
696 946 859 995 agendo
884 958 978 984 cum
1004 947 1297 995 superioribus,
1321 947 1387 984 vel
1413 947 1536 984 etiam
1565 958 1659 983 cum
1685 946 1808 983 aliis.»

178 1015 263 1052 Ine.
287 1014 446 1064 <Caput
462 1021 508 1054 vt
526 1018 580 1054 sit
595 1017 792 1056 firmum.»
816 1017 914 1055 Des.
938 1034 998 1056 ‹...
1019 1018 1371 1066 quemadmodum
1388 1018 1532 1056 vellint
1544 1018 1596 1056 ’Ἃ
1622 1018 1813 1065 Sequitur

177 1086 219 1124 in
238 1085 307 1124 fol.
327 1086 384 1134 3.⁰
403 1088 512 1126 aliud
532 1088 774 1137 exemplum·
787 1089 1017 1139 regularum
1036 1090 1279 1138 modestiae,
1305 1102 1389 1128 non
1409 1072 1484 1138 pro
1507 1090 1710 1139 religiosis
1736 1089 1811 1127 So-

176 1158 348 1205 cietatis,
374 1159 448 1196 sed
473 1171 548 1208 pro
572 1160 747 1198 alumnis
771 1162 997 1208 convictus,
1022 1161 1150 1199 latino
1174 1173 1365 1199 sermone
1383 1162 1640 1207 adornatum,
1667 1163 1708 1198 in
1728 1173 1812 1209 quo

174 1234 372 1278 apparent
387 1231 524 1268 variae
543 1231 698 1269 Natalis
716 1232 1039 1279 emendationes,
1059 1237 1102 1270 et
1119 1230 1221 1270 haec
1241 1237 1351 1279 nota,
1370 1232 1422 1270 ab
1438 1233 1529 1281 ipso
1545 1232 1679 1269 Natali
1694 1233 1812 1269 initio

176 1299 327 1339 addim:
354 1301 417 1340 «P.
438 1301 741 1350 Theoderici.›;
761 1315 843 1352 qua
861 1304 965 1342 forte
984 1304 1166 1342 indicare
1185 1305 1317 1358 voluit
1335 1309 1546 1342 auctorem
1573 1305 1694 1353 hujus
1718 1316 1809 1342 ver-

174 1373 304 1410 sionis
322 1373 448 1411 fuisse
473 1374 515 1412 P.
542 1373 849 1414 Theodoricum
869 1374 1092 1423 canisium,
1118 1377 1183 1414 vel
1203 1378 1328 1414 efiam
1347 1377 1399 1414 ad
1419 1376 1544 1423 illum,
1563 1381 1707 1425 utpote
1726 1375 1810 1414 col—

174 1443 271 1494 legii
296 1443 495 1494 dilingani
519 1450 734 1493 rectorem,
761 1447 863 1485 haec
887 1447 1138 1486 documenta
1163 1449 1422 1497 pertinuisse.
1442 1448 1588 1485 Manus
1608 1448 1770 1485 diversa
1789 1459 1812 1486 a

173 1516 310 1564 priori,
329 1516 403 1554 sed
421 1519 667 1567 germanica,
681 1519 856 1566 videtur;
871 1519 982 1557 unde
997 1520 1194 1568 suspicari
1212 1520 1310 1558 licet
1327 1532 1402 1569 pro
1417 1520 1555 1568 aliquo
1570 1520 1811 1558 Germaniae

158 1586 365 1637 collegio,
389 1588 494 1626 forte
518 1600 593 1637 pro
620 1589 841 1640 dilingano,
866 1602 959 1628 esse
982 1592 1056 1629 has
1078 1591 1241 1641 regulas
1266 1581 1515 1640 compositas
1543 1591 1596 1629 ad
1627 1603 1810 1629 normam

175 1669 329 1706 earum,
358 1671 460 1708 quas
486 1673 563 1710 pro
592 1661 798 1700 Societate
826 1663 990 1712 scripsit
1017 1662 1057 1701 S.
1083 1663 1279 1713 Ignatius.
1307 1663 1469 1702 Titulus
1498 1668 1573 1701 est:
1607 1663 1810 1713 Regulae

175 1731 439 1770 modestiae.»
464 1733 548 1770 Ine.
572 1733 820 1789 «Quomodo
840 1745 886 1772 se
904 1734 1084 1772 debeant
1102 1735 1506 1789 gereretcollegiales
1531 1734 1601 1772 vbi
1620 1740 1639 1766 b
1666 1736 1707 1772 in
1733 1746 1808 1783 pu-

173 1802 327 1841 blicum
344 1803 554 1854 prodeunt
577 1806 800 1855 generatim
826 1805 1023 1844 breuibus
1041 1807 1180 1845 uerbis
1198 1807 1346 1857 exponi
1366 1812 1516 1856 potest,
1542 1807 1746 1852 uidelicet,
1766 1811 1812 1844 ut

174 1863 216 1913 in
235 1874 312 1912 illis
329 1875 560 1924 singularis
578 1877 780 1915 modestia
800 1883 1004 1926 appareat,
1028 1879 1249 1926 humilitas,
1272 1879 1469 1925 honestas,
1494 1892 1543 1916 ac
1567 1878 1810 1916 verecundia

175 1945 249 1996 [ut]
276 1947 540 1986 christianum
567 1961 616 1986 ac
630 1949 747 1999 pium
774 1947 885 1987 decet
901 1955 1088 2000 puerum,
1114 1950 1220 1988 vnde
1243 1951 1364 1989 etiam
1389 1951 1545 1989 bonum
1571 1950 1808 1998 exemplum

172 2022 293 2068 atque
304 2017 531 2070 aedificatio
545 2021 717 2058 caeteris
729 2020 988 2070 praebeatur.
1003 2022 1225 2071 speciatim
1244 2034 1343 2060 uero
1358 2023 1580 2071 loquendo,
1597 2022 1698 2060 infra
1714 2023 1810 2060 scri-

173 2094 245 2138 pta
273 2090 494 2128 obseruare
519 2091 739 2142 diligenter
770 2098 925 2132 curent.
960 2093 1014 2132 1.⁰
1042 2093 1178 2143 Caput
1203 2095 1347 2133 leuiter
1375 2096 1455 2132 huc
1484 2100 1607 2142 atque
1636 2094 1728 2131 illuc
1757 2105 1809 2131 ne

171 2165 392 2200 uertant...»
416 2162 515 2200 Des.
539 2180 598 2202 ‹...
618 2163 847 2202 aedificatio
867 2165 909 2202 in
928 2165 1066 2203 uerbis
1085 2170 1127 2203 et
1145 2167 1273 2204 modo
1292 2166 1524 2214 loquendi.»
1548 2166 1751 2213 Sequitur,
1767 2167 1808 2202 in

150 2259 152 2261 .
172 2232 322 2271 eodem
340 2234 438 2272 folio
457 2246 481 2272 a
499 2239 631 2285 tergo,
649 2240 949 2285 transumptum
969 2238 1134 2287 regulae
1154 2247 1207 2284 29
1226 2239 1434 2276 summarii
1454 2239 1806 2284 constitutionum,

171 2315 246 2354 pro
265 2305 413 2343 iisdem
433 2306 607 2344 alumnis
625 2307 666 2344 in
685 2318 880 2345 sensuum
906 2313 949 2346 et
967 2308 1132 2358 linguae
1152 2309 1342 2347 custodia
1361 2309 1637 2354 instituendis,
1662 2320 1807 2346 secun-

168 2375 271 2414 dum
290 2377 476 2426 spiritum
495 2377 723 2416 Societatis.
743 2379 831 2417 Fol.
851 2390 891 2427 4,
910 2385 1017 2418 sunt:
1038 2381 1243 2430 ‹Regulae
1253 2382 1568 2431 collegialium.»
1589 2380 1640 2418 ab
1658 2381 1805 2418 eodem

171 2446 335 2486 librario
354 2459 551 2498 germano
570 2451 759 2498 scriptae,
778 2451 848 2498 qui
867 2452 990 2489 etiam
1016 2452 1184 2500 reliqua,
1214 2452 1291 2490 sub
1312 2465 1350 2490 n.
1388 2463 1402 2490 1
1435 2454 1580 2501 posita,
1611 2452 1804 2489 exaravit.

171 2519 256 2556 Inc.
280 2519 386 2568 «Qui
405 2532 576 2558 numero
597 2521 868 2571 collegialium
889 2523 1146 2569 adscribitur,
1166 2524 1207 2560 in
1225 2525 1365 2572 primis
1385 2523 1676 2561 monendus...»
1708 2523 1804 2560 Des.

170 2590 287 2628 initio
315 2591 399 2628 folii
429 2592 487 2638 5.i:
519 2609 579 2630 ‹...
605 2604 780 2640 quorum
809 2594 1020 2644 catalogus
1045 2595 1169 2632 etiam
1194 2606 1323 2643 penes
1348 2596 1585 2644 magistrum
1611 2594 1804 2631 reseruari

169 2660 331 2700 debet.»
363 2662 555 2711 Sequitur
582 2663 749 2702 ibidem:
784 2665 870 2702 «De
897 2665 1043 2703 studiis
1069 2666 1344 2704 domesticis.»
1379 2667 1462 2703 Inc.
1494 2665 1746 2703 ‹Seruabunt
1764 2666 1803 2703 in

168 2733 310 2780 primis
328 2733 592 2773 silentium...»
615 2735 714 2773 Des.
734 2737 883 2774 eodem
904 2737 1000 2774 folio
1019 2749 1154 2774 verso:
1180 2754 1238 2775 ‹...
1260 2737 1538 2774 ualetudinem
1560 2748 1675 2773 suam
1702 2748 1801 2774 con-

169 2809 368 2842 seruent.»
392 2805 553 2843 Ibidem
573 2812 798 2855 sequuntur
815 2809 843 2845 6
859 2809 1036 2858 regulae:
1062 2809 1148 2846 <De
1168 2809 1371 2846 modestia
1396 2810 1435 2846 in
1463 2808 1610 2846 scholis
1637 2820 1802 2845 seruan-

238 2985 257 3003 2
305 2975 418 3012 Prius
436 2977 597 3019 vellent,
615 2977 760 3014 deinde
777 2990 797 3014 e
815 2984 1007 3015 mutatum
1026 2979 1066 3015 in
1085 2981 1115 3024 i,
1134 2987 1173 3016 et
1190 2980 1337 3027 duplex
1356 2981 1386 3015 ll
1403 2981 1584 3016 relictum
1603 2979 1694 3015 fuit.

239 3035 259 3062 b
307 3035 420 3081 Quae
446 3036 590 3072 litteris
614 3037 758 3073 italicis
783 3049 930 3074 excusa
955 3044 1062 3083 sunt,
1089 3039 1128 3075 in
1154 3051 1226 3078 ms.
1254 3051 1276 3075 a
1302 3039 1434 3075 Natali
1460 3039 1523 3074 vel
1550 3044 1708 3073 exarata
1738 3039 1799 3073 vel

167 3093 377 3130 emendata
394 3095 594 3140 leguntur.
