2098 3470
326 243 394 287 596
478 273 483 278 .
797 243 951 279 punis
979 245 1219 280 Hisnonvm
1248 244 1397 280 NADAL

709 437 771 466 DE
804 437 1078 468 EXERCI'I'IIS
1113 438 1181 467 SPI
1192 438 1481 468 RITUALIBUS

372 575 421 620 Si
445 575 606 632 aliquis
628 592 708 633 per
735 578 1105 622 conuersationes
1133 576 1208 622 514
1236 586 1445 622 externas
1471 578 1690 622 iacturam
1723 581 1912 624 sentiret

279 652 466 710 spiritus
495 660 540 697 et
570 653 719 709 aliqua
747 670 802 698 ex
833 661 960 710 parte
998 653 1216 697 secularis
1248 654 1360 707 fieri,
1394 662 1439 699 et
1475 670 1634 711 parum
1673 655 1910 701 aedificare

279 730 552 785 proximum,
583 730 779 787 seipsum
814 731 971 775 iuuare
1008 732 1254 774 contendat
1291 731 1530 775 ordinariis
1563 732 1805 777 Societatis
1835 748 1907 776 re—

277 805 453 858 mediis,
494 806 740 864 diligenter
776 814 822 851 et
858 807 1079 852 industrie
1116 808 1162 850 in
1200 808 1383 864 spiritus
1414 809 1653 854 suauitate.
1694 810 1907 854 Remedia

277 890 430 928 autem
454 898 508 927 ea
541 883 763 940 intelligo,
799 899 915 940 quae
947 884 1152 928 adhiberi
1181 886 1344 928 solent:
1375 900 1554 941 nempe,
1589 887 1742 943 legere
1770 887 1907 930 libros

277 959 533 1016 spirituales
569 962 642 1005 vel
679 969 852 1017 partem
891 976 1070 1012 eorum,
1112 970 1322 1005 externas
1361 962 1497 1005 etiam
1539 962 1912 1006 mortificationes
1960 1016 1961 1019 Ἴ

276 1051 503 1090 exercere3
529 1037 680 1082 omnia
702 1052 811 1082 vero
844 1054 898 1082 ex
933 1038 1119 1081 consilio
1152 1039 1221 1082 vel
1253 1039 1515 1083 confessarii
1540 1040 1611 1083 vel
1644 1039 1909 1095 superioris,

277 1113 371 1169 qui,
404 1129 461 1158 ex
491 1113 556 1158 rei
587 1123 632 1159 et
661 1130 955 1171 personarum
994 1115 1200 1168 varitate,
1236 1115 1359 1159 varia
1395 1117 1560 1160 addere
1592 1123 1804 1172 poterunt
1837 1118 1907 1160 vel

273 1191 408 1236 etiam
439 1199 617 1235 mutare
643 1192 807 1245 media,
849 1200 893 1237 et
930 1199 1090 1235 curent
1127 1192 1312 1236 omnino
1350 1207 1408 1236 ne
1445 1193 1705 1250 negligatur
1743 1193 1911 1236 mentis

271 1267 508 1325 dissipatio
530 1284 587 1313 ex
608 1268 864 1313 deuotionis
886 1269 1072 1313 iactura.

362 1345 591 1389 Exercitia
612 1346 864 1402 spiritualia
886 1348 1051 1389 dentur
1074 1346 1143 1399 iis,
1174 1346 1250 1402 qui
1280 1346 1325 1389 in
1353 1346 1626 1392 Societatem
1654 1346 1903 1391 admittun-

276 1430 365 1474 tur,
391 1436 476 1465 nec
500 1422 680 1467 videtur
702 1437 839 1466 causa
860 1424 949 1465 vlla
973 1437 1073 1467 esse
1096 1438 1227 1479 posse
1249 1437 1331 1466 cur
1357 1430 1592 1466 mutentur
1620 1423 1665 1466 in
1693 1422 1803 1466 alias
1824 1437 1903 1466 ex-

272 1499 532 1562 perientias,
566 1514 646 1544 seu
681 1500 985 1556 probationes,
1020 1499 1138 1542 sicut
1171 1507 1349 1544 caetera
1380 1499 1543 1543 mutari
1574 1507 1765 1556 possunt
1800 1515 1905 1543 cum

270 1576 438 1619 iudicio
485 1583 531 1620 et
573 1576 911 1633 dispensatione
960 1576 1268 1633 superiorum.
1315 1578 1429 1620 Nam
1472 1584 1518 1620 et
1560 1577 1637 1629 iis,
1689 1577 1766 1632 qui
1818 1592 1898 1633 pro

271 1653 611 1696 coadiutoribus
628 1654 938 1709 corporalibus
957 1654 1252 1710 recipiuntur,
1273 1654 1369 1696 dari
1386 1655 1570 1706 debent,
1591 1653 1906 1698 moderatione
1959 1641 1961 1644 Α

271 1737 422 1773 tamen
451 1729 670 1783 adhibita,
703 1730 775 1775 615
804 1745 883 1786 pro
913 1746 1068 1774 eorum
1096 1738 1250 1787 captu.
1282 1731 1440 1786 Itaque
1471 1730 1682 1774 omnibus
1709 1730 1794 1774 erit
1821 1745 1906 1786 per

271 1806 487 1850 exercitia
512 1809 856 1862 transeundum,
882 1823 985 1850 cum
1009 1810 1093 1851 hac
1115 1808 1452 1860 obseruatione,
1476 1815 1525 1851 vt
1546 1807 1592 1860 ii,
1617 1807 1695 1863 qui
1716 1815 1823 1851 sunt
1844 1809 1901 1850 ad

272 1884 547 1928 Societatem
569 1884 871 1937 determinati,
898 1900 988 1928 non
1010 1886 1176 1928 dentur
1197 1884 1456 1937 electiones,
1482 1886 1640 1928 saltem
1672 1885 1729 1928 de
1761 1892 1897 1927 statu.

270 1960 465 2004 Facilius
487 1968 639 2004 autem
663 1961 893 2004 dabuntur
923 1962 1134 2004 omnibus
1164 1961 1378 2005 exercitia
1406 1961 1576 2017 primae
1604 1961 1904 2006 hebdomadis

270 2052 376 2080 cum
402 2037 630 2093 aliquibus
651 2038 1036 2090 meditationibus,
1061 2046 1110 2080 vt
1130 2038 1476 2081 introducantur
1497 2038 1541 2080 in
1567 2038 1786 2082 rationem
1809 2053 1903 2080 me—

269 2114 458 2157 ditandi:
486 2128 570 2159 nec
595 2121 746 2159 tamen
767 2114 1000 2158 omittatur
1023 2115 1132 2170 quin
1154 2116 1318 2159 dentur
1339 2115 1567 2167 Vniuersa,
1594 2115 1795 2171 exceptis
1811 2116 1902 2158 ele-

269 2191 513 2244 ctionibus,
539 2198 589 2234 vt
611 2191 782 2235 dictum
807 2199 891 2243 est,
918 2191 1063 2234 cuiuis
1086 2191 1264 2245 idoneo3
1291 2206 1440 2247 neque
1467 2192 1646 2235 videtur
1666 2206 1766 2235 esse
1787 2192 1901 2235 ratio

267 2269 358 2311 vlla
379 2282 513 2325 posse
535 2282 618 2311 cur
638 2268 788 2312 omnia
811 2283 902 2311 non
925 2269 1091 2312 dentur
1112 2268 1306 2312 idoneis.
1338 2270 1466 2312 Haec
1489 2269 1547 2311 ita
1570 2269 1615 2311 in
1637 2268 1900 2312 vniuersum

269 2344 500 2388 dicuntur:
526 2345 816 2402 particularia
838 2345 1049 2388 ordinarii
1071 2345 1324 2401 superiores
1345 2345 1556 2390 viderint.

358 2422 584 2466 Exercitia
606 2422 772 2473 nostris
794 2422 889 2464 dari
911 2423 1058 2466 solent
1079 2423 1258 2465 duobus
1280 2421 1440 2465 modis:
1467 2437 1556 2465 vno
1587 2423 1644 2465 ad
1672 2422 1900 2478 probatio-

266 2514 371 2544 nem
395 2499 529 2542 simul
551 2507 597 2543 et
619 2500 815 2542 fructum
841 2499 1135 2554 spiritualem,
1161 2499 1248 2542 alio
1271 2506 1443 2542 tantum
1469 2500 1526 2542 ad
1549 2501 1746 2542 fructum
1769 2499 1900 2555 spiri-

269 2579 454 2622 tualem.
483 2576 628 2620 Priori
652 2576 786 2618 modo
814 2576 995 2628 dantur,
1031 2577 1102 2619 vel
1131 2575 1176 2618 in
1215 2575 1355 2631 prima
1392 2576 1657 2631 probatione
1686 2576 1901 2620 exercitia

267 2655 438 2711 primae
474 2652 786 2705 hebdomadis,
826 2653 914 2704 vel,
956 2652 1030 2694 vbi
1069 2660 1177 2695 sunt
1211 2652 1405 2709 ingressi
1441 2654 1708 2706 secundam,
1746 2653 1896 2696 statim

265 2732 402 2775 etiam
426 2731 613 2786 reliqua.
642 2730 744 2773 Hoc
765 2728 906 2785 priori
929 2730 1063 2771 modo
1084 2729 1277 2771 sumitur
1293 2729 1586 2785 experientia,
1608 2735 1828 2784 quantum
1853 2738 1901 2774 et

265 2824 353 2864 qua
381 2824 436 2853 ex
465 2815 592 2865 parte
624 2806 697 2852 616
735 2805 919 2862 spiritus
951 2806 1109 2861 possit,
1146 2805 1183 2849 is
1216 2805 1291 2862 qui
1329 2813 1583 2859 exercetur3
1626 2820 1715 2849 non
1752 2807 1895 2848 solum

264 2885 497 2942 quaeritur
530 2886 705 2927 fructus
736 2882 996 2939 spiritualis.
1039 2883 1253 2926 Secundo
1290 2883 1423 2925 modo
1459 2883 1624 2925 dantur
1661 2883 1887 2935 exercitia,

264 2964 335 3006 vel
365 2968 548 3018 propter
577 2953 910 3011 necessitatem,
942 2959 1017 3000 vbi
1056 2958 1217 3014 aliquis
1255 2960 1383 3003 fieret
1419 2959 1647 3003 remissior
1682 2959 1729 3001 in
1761 2960 1896 3003 rebus

262 3038 590 3096 spiritualibus,
614 3037 688 3081 vel
709 3035 943 3088 infirmior3
970 3037 1039 3079 vel
1063 3035 1196 3078 etiam
1221 3036 1277 3078 ad
1306 3034 1519 3080 maiorem
1551 3036 1748 3078 fructum
1770 3049 1896 3077 com-
