2098 3470
318 276 383 304 112
788 270 942 306 PATRIS
968 271 1211 308 Huznoxwm
1237 273 1387 309 NADAL

1064 446 1103 488 8

694 539 729 580 Ρ
740 573 750 582 .
786 539 1040 610 NICOLAI
1074 539 1472 584 BOBADILLAE

270 657 576 688 INFORMATIO
599 659 860 689 CARDINALI
884 659 1228 691 ALEXANDRINO
1253 661 1603 691 PROBABILITER
1627 662 1859 692 EXHIBITA
1888 652 1896 669 ¹

361 756 609 801 Verissima
632 757 953 802 informatione
973 760 1091 803 della
1112 759 1334 812 instanza,
1362 762 1446 803 che
1469 760 1505 802 si
1529 760 1552 804 ὲ
1576 761 1686 803 satta
1711 775 1792 817 per
1820 775 1899 804 an-

269 834 350 877 dar
385 834 430 876 in
469 835 674 891 Spagna,
714 842 760 879 et
787 835 905 878 della
933 849 1073 879 causa
1100 837 1144 879 di
1175 839 1236 880 M.
1276 836 1440 880 Pontio
1468 851 1555 880 con
1593 837 1745 880 alcuni
1780 837 1900 882 della

270 911 572 968 Compagnia.

357 987 519 1032 Gratia
551 997 596 1032 et
625 1004 712 1045 pax
741 989 848 1032 Dfii.
875 991 986 1047 Jesu
1015 990 1121 1046 Xpi.
1154 983 1416 1046 sit'semper
1444 990 1698 1034 nobiscum.
1731 991 1896 1035 Amen.

271 1065 420 1122 Dopoi
444 1067 529 1108 che
551 1067 608 1108 da
629 1066 811 1110 diuerse
833 1068 981 1110 bande
1003 1067 1238 1110 arriuorno
1260 1067 1306 1110 in
1327 1067 1472 1111 Roma
1493 1067 1694 1123 alquanti
1709 1069 1899 1124 professi

271 1143 389 1186 della
421 1143 705 1200 Compagnia
732 1143 777 1186 di
801 1146 928 1202 Jesii,
961 1145 1173 1188 chiamati
1205 1160 1286 1200 per
1307 1147 1374 1188 far
1397 1145 1597 1201 capitolo
1620 1145 1833 1201 generale
1853 1145 1898 1187 in

272 1222 433 1271 Roma,
460 1221 534 1262 nel
557 1221 691 1275 quale
713 1221 750 1264 si
773 1222 956 1266 doueua
978 1223 1194 1278 eleggere
1216 1236 1277 1264 un
1300 1222 1531 1278 preposito
1552 1230 1571 1247 ³
1592 1222 1806 1278 generale
1823 1237 1903 1277 per

269 1299 558 1353 gouernarla‚
585 1305 631 1341 et
652 1313 766 1341 anco
789 1313 838 1341 se
861 1299 898 1342 si
921 1300 1161 1342 doueuano
1185 1301 1350 1343 uedere
1369 1307 1413 1343 et
1437 1298 1710 1343 concludere
1726 1299 1768 1343 16
1791 1313 1900 1342 con-

269 1373 496 1418 stitutioni
518 1375 563 1417 di
586 1390 687 1419 essa
709 1376 1009 1432 Compagnia,
1030 1391 1110 1432 per
1125 1376 1246 1432 dipoi
1263 1377 1541 1432 presentarle
1557 1391 1582 1418 a
1600 1377 1648 1420 S.
1669 1377 1762 1421 Sga
1778 1376 1903 1437 accio

270 1453 312 1495 16
334 1452 627 1507 approbasse,
653 1452 791 1506 quelli
813 1452 1021 1509 professi,
1047 1455 1132 1497 che
1155 1452 1200 1495 di
1218 1454 1403 1509 Spagna
1420 1461 1464 1496 et
1483 1453 1747 1509 Portugallo
1764 1466 1902 1495 erano

272 1528 378 1572 stati
401 1528 617 1571 chiamati
639 1545 666 1572 a
688 1529 814 1572 detto
837 1529 1048 1585 capitolo,
1074 1531 1324 1573 mandorno
1354 1544 1415 1572 un
1438 1531 1607 1573 huomo
1634 1544 1661 1572 a
1688 1537 1818 1585 posta
1845 1530 1902 1572 ad

271 1605 495 1649 escusarsi
519 1607 607 1649 che
629 1621 719 1648 non
742 1613 974 1662 poteuano
996 1606 1169 1658 uenire,
1190 1622 1269 1663 per
1285 1621 1423 1650 causa
1438 1607 1554 1649 delle
1572 1620 1751 1662 guerre.
1773 1607 1902 1661 Que-

272 1692 344 1726 sto
366 1685 557 1735 huomo,
584 1673 1142 1740 trouandosi'indisposto,
1174 1683 1332 1740 gionto
1361 1686 1445 1727 che
1473 1684 1520 1726 fu
1550 1683 1596 1726 in
1623 1683 1831 1736 Genoua,
1863 1683 1903 1726 ci

271 1761 437 1804 mando
459 1761 501 1803 16
523 1761 684 1804 lettere
707 1762 764 1804 de
786 1760 1033 1817 sopradetti
1057 1761 1191 1804 Padri
1215 1760 1420 1817 professi,
1453 1760 1578 1804 accio
1605 1759 1852 1816 sapessimo
1873 1759 1903 1802 il

271 1844 522 1880 contenuto
555 1836 599 1880 di
631 1851 747 1891 esse,
773 1845 818 1882 et
850 1852 980 1882 come
1011 1837 1042 1880 il
1074 1837 1297 1882 desiderio
1328 1838 1424 1880 loro
1456 1838 1647 1882 sarebbe
1678 1838 1767 1881 che
1797 1836 1903 1879 tutti

270 1914 425 1969 quelli,
466 1916 551 1959 che
588 1929 676 1971 qua
709 1915 754 1957 in
784 1917 927 1959 Roma
954 1915 992 1958 si
1021 1921 1212 1958 trouano
1250 1914 1535 1971 congregati,
1576 1915 1820 1957 andassero
1857 1914 1903 1955 in

272 1992 475 2048 Spagna,
501 2006 581 2047 per
604 1987 850 2050 procedere
873 2008 899 2035 a
921 1993 1044 2050 detta
1067 1992 1281 2036 elettione
1303 2000 1349 2049 et
1373 1993 1439 2035 far
1460 1992 1490 2034 il
1513 1991 1707 2048 capitolo
1729 1998 1901 2036 nostro.

360 2070 504 2125 Sopra
522 2076 684 2124 questo
702 2071 836 2112 furno
853 2069 1122 2126 congregati
1141 2069 1290 2111 alcuni
1307 2068 1535 2122 fiandresi,
1556 2067 1763 2120 alemani,
1784 2069 1903 2111 fran-

272 2146 383 2199 cesi,
408 2146 595 2200 italiani,
622 2147 847 2203 spagnoli,
873 2146 994 2202 quali
1016 2161 1231 2189 erauamo
1259 2146 1528 2202 congregati
1549 2160 1639 2200 qua
1667 2145 1711 2187 in
1742 2147 1901 2198 Roma,

274 2231 318 2268 et
343 2224 391 2266 fu
414 2231 632 2280 proposto
655 2224 693 2266 si
715 2239 792 2268 era
814 2225 1076 2280 espediente
1099 2225 1239 2267 andar
1261 2223 1305 2266 in
1329 2224 1513 2279 Spagna
1536 2237 1562 2266 a
1585 2223 1652 2264 far
1673 2223 1798 2265 detto
1827 2236 1905 2265 ca-

272 2300 413 2356 pitolo
434 2301 754 2344 domandando
777 2300 959 2345 licentia
989 2317 1014 2344 a
1043 2302 1091 2345 S.
1124 2302 1230 2352 832¹,
1256 2315 1281 2343 e
1310 2315 1359 2344 se
1387 2301 1578 2343 sarebbe
1606 2299 1789 2355 meglio,
1814 2313 1904 2342 non

274 2378 474 2434 potendo
496 2378 634 2432 quelli
657 2378 701 2420 di
724 2379 911 2434 Spagna
933 2386 978 2422 et
1002 2379 1268 2434 Portugallo
1297 2377 1426 2420 uenir
1454 2377 1495 2419 al
1523 2383 1747 2432 presente,
1778 2375 1908 2419 diffe-

271 2453 334 2495 rir
357 2455 483 2497 detta
506 2454 868 2510 congregatione
890 2469 915 2497 a
938 2454 1144 2510 migliore
1169 2461 1214 2497 et
1235 2453 1314 2510 pisi
1336 2453 1525 2509 pacifico
1548 2460 1715 2509 tempo.

364 2532 434 2574 Fu
457 2531 675 2574 concluso
698 2532 755 2573 da
779 2530 900 2583 tutti,
933 2538 1081 2575 ecetto
1113 2532 1168 2573 da
1202 2538 1269 2573 tre
1301 2530 1524 2586 spagnoli,
1560 2531 1660 2582 che,
1694 2529 1733 2573 si
1766 2543 1848 2585 per
1877 2529 1908 2571 li

274 2608 438 2664 grandi
461 2607 479 2633 b
501 2607 619 2651 caldi
642 2610 727 2651 che
751 2607 828 2664 gia
849 2622 1003 2661 erano,
1029 2608 1094 2651 sia
1116 2622 1195 2664 per
1218 2609 1259 2652 16
1283 2620 1463 2664 guerre,
1489 2607 1555 2650 sia
1578 2622 1655 2663 per
1670 2607 1702 2649 li
1723 2605 1908 2662 pericoli

345 2745 361 2762 ³
407 2735 615 2781 proposito
633 2746 706 2772 ms.
726 2733 789 2769 hic
809 2739 848 2769 et
866 2733 979 2770 infra.
1031 2754 1067 2760 —
1080 2735 1098 2761 b
1120 2745 1231 2780 gran
1253 2745 1325 2768 ms.

344 2842 354 2862 ¹
407 2843 466 2877 Ex
485 2843 708 2889 apographo
726 2852 888 2886 coaevo,
907 2842 947 2877 in
966 2841 1101 2877 codice
1131 2841 1190 2876 De
1215 2841 1328 2876 rebus
1351 2852 1490 2888 congr.
1510 2851 1606 2887 gen.
1633 2838 1667 2873 I·
1678 2839 1722 2880 V,
1746 2838 1910 2886 quadru-

274 2900 365 2948 plici
384 2901 467 2948 fol„
487 2902 638 2947 64r—67r
657 2901 783 2948 (26-28
802 2903 862 2937 bis:
886 2902 1044 2946 148·150
1061 2900 1138 2946 bis),
1158 2901 1295 2936 Manus
1320 2905 1381 2935 est
1404 2899 1551 2946 ignota.
1579 2898 1758 2934 Alterum
1782 2909 1910 2932 exem-

273 2962 378 3007 plum
396 2960 512 3008 hujus
530 2961 772 2997 monumenti
790 2962 959 2997 habetur
976 2961 1015 2996 in
1034 2960 1173 2996 eodem
1191 2960 1342 3006 codice,
1369 2958 1414 2994 ff.
1446 2967 1507 3003 74,
1531 2966 1591 3002 75.
1618 2956 1910 3003 Discrepantias

272 3031 414 3066 paucas
433 3019 535 3055 inter
553 3026 762 3068 utrumque
781 3031 852 3056 suo
871 3021 956 3055 loco
976 3024 1170 3055 notamus.
1191 3018 1256 3055 Cf.
1283 3017 1445 3054 Natalis
1462 3016 1742 3064 ephemerides,
1764 3026 1784 3050 a
1799 3014 1910 3050 nobis

274 3078 398 3114 editas
417 3078 456 3114 in
475 3079 606 3125 Epist.
628 3080 677 3116 P.
698 3079 850 3123 Nadal,
869 3079 916 3123 ΙΙ,
942 3079 1048 3114 12-16
1067 3083 1106 3114 et
1124 3086 1246 3123 50-59.
