2098 3470
324 256 395 292 288
502 250 506 257 '
797 261 951 299 PATms
977 263 1222 300 Hmnommi
1247 264 1399 300 NADAL

367 359 677 405 Conseruetur
697 363 944 418 processio,
970 378 1088 419 quae
1110 365 1229 408 facta
1251 371 1319 407 est
1345 366 1432 408 hoc
1460 379 1579 408 anno
1613 366 1724 420 1566
1753 365 1800 410 in
1827 367 1910 410 do-

276 435 442 479 minica
464 436 581 480 infra
602 445 764 482 octaua
786 441 986 496 corporis
1005 441 1190 494 Christi,
1210 448 1391 498 propter
1407 441 1780 486 circunstantiam
1799 450 1912 487 tem—

276 512 398 567 poris
420 520 466 556 et
489 514 838 562 haereticorum.

366 589 644 646 Simpliciter
675 607 766 636 non
804 601 990 637 utantur
1029 595 1173 638 nostri
1201 595 1386 652 organis
1414 595 1460 638 in
1489 597 1644 650 chor0,
1677 611 1761 641 nec
1790 596 1913 640 tubis

278 674 357 709 aut
379 667 559 711 fistulis.

367 744 652 788 Claudantur
673 746 772 790 loca
793 754 913 790 retro
936 750 1124 790 chorum
1147 755 1274 791 extra
1302 749 1537 805 templum,
1569 764 1627 793 ne
1655 748 1709 792 iis
1735 749 1910 806 possint
1952 745 1955 747 ’

277 820 405 863 abuti
428 822 619 866 externi.

366 898 491 941 Nulli
513 901 790 944 concedatur
811 902 1024 966 sacerdos
1047 902 1102 944 ad
1126 902 1396 945 cantandam
1427 902 1607 946 missam
1640 909 1766 947 extra
1795 910 1910 946 tem—

276 975 400 1031 plum
423 982 648 1029 nostrum,
672 984 718 1020 et
739 978 795 1021 de
817 979 902 1021 hac
925 994 973 1022 re
1001 979 1263 1022 consulatur
1292 981 1427 1022 Pater
1455 979 1697 1036 generalis,
1730 979 1768 1022 si
1796 979 1908 1023 uelit

276 1053 544 1097 concedere.
569 1053 752 1096 Interim
776 1062 984 1098 seruetur
1007 1055 1310 1100 consuetudo.

365 1129 651 1174 Obseruetur
671 1130 929 1187 diligenter,
963 1139 1028 1183 ut,
1061 1132 1242 1187 quando
1273 1133 1331 1175 ob
1360 1132 1556 1188 aliquam
1576 1132 1906 1192 ,necessitatem

278 1206 487 1249 concedit
515 1207 721 1263 superior
749 1208 945 1263 aliquam
973 1209 1156 1253 missam
1184 1208 1231 1252 in
1253 1209 1340 1252 alia
1367 1209 1574 1262 ecclesia,
1609 1210 1908 1254 admoneatur

275 1283 461 1327 omnino
488 1283 587 1327 eius
624 1284 689 1328 rei
716 1286 974 1341 praefectus
1011 1285 1245 1339 ecclesiae,
1286 1301 1343 1330 ne
1371 1286 1476 1330 inde
1513 1285 1664 1342 aliqua
1696 1286 1912 1331 confusio

278 1360 470 1404 oriatur.

364 1438 413 1480 In
435 1437 657 1482 cubiculis
679 1438 925 1495 prophanis
952 1438 1224 1482 secularium
1255 1453 1346 1482 non
1373 1440 1484 1483 fiant
1512 1454 1538 1483 a
1565 1439 1732 1483 nostris
1759 1455 1906 1494 sacra,

275 1515 355 1557 sed
385 1514 521 1557 huius
550 1514 614 1559 rei
641 1514 920 1572 dispensatio
943 1515 990 1558 in
1017 1530 1124 1559 casu
1154 1515 1305 1572 aliquo
1327 1516 1412 1559 erit
1440 1517 1486 1560 in
1509 1515 1694 1560 arbitrio
1715 1517 1904 1573 prouin-

275 1589 418 1644 cialis,
438 1598 484 1635 et
501 1592 689 1636 rectoris
706 1608 762 1637 ex
779 1592 877 1637 eius
894 1592 1227 1647 commissione,
1247 1594 1386 1636 modo
1398 1594 1610 1645 habeant,
1631 1595 1708 1649 qui
1725 1600 1906 1650 petunt,

279 1667 494 1712 disertam
516 1668 614 1713 eius
636 1669 700 1713 rei
722 1670 1004 1714 facultatem.

366 1747 464 1790 Nec
485 1754 820 1790 sacramentum
844 1747 1118 1790 matrimonii
1139 1747 1461 1790 ministrabunt
1484 1747 1642 1800 nostri,
1667 1761 1752 1791 nec
1768 1748 1908 1792 bene-

277 1822 429 1866 dicent
451 1822 634 1880 nuptias
655 1823 916 1867 solenniter.
943 1824 991 1869 Si
1014 1825 1195 1879 quando
1213 1831 1365 1868 tamen
1382 1839 1437 1867 ex
1455 1838 1680 1868 consensu
1698 1824 1906 1880 parrochi

276 1915 357 1956 per
385 1899 496 1943 alios
523 1900 783 1945 sacerdotes
814 1902 925 1945 haec
948 1901 1109 1956 aliquis
1140 1908 1330 1957 peteret,
1366 1907 1415 1943 ut
1446 1900 1492 1943 in
1525 1907 1683 1944 nostra
1714 1900 1910 1944 ecclesia

277 1977 455 2030 fierent,
490 1977 536 2020 id
567 1977 702 2021 etiam
734 1991 792 2020 ne
821 1978 899 2021 fiat
931 1978 1017 2021 nisi
1049 1993 1106 2022 ex
1133 1977 1469 2034 dispensatione
1496 1977 1802 2034 prouincialis,
1836 1978 1912 2021 uel

278 2054 467 2098 rectoris
489 2069 547 2098 ex
570 2054 668 2098 eius
690 2054 1024 2107 commissione,
1053 2054 1129 2098 ubi
1150 2055 1196 2098 id
1219 2054 1350 2098 facile
1371 2054 1530 2111 negari
1552 2069 1647 2097 non
1668 2053 1828 2110 possit.

365 2132 435 2175 De
472 2130 767 2176 concessione
799 2132 1132 2180 communionis
1169 2133 1254 2175 sub
1292 2139 1486 2187 utraque
1518 2145 1576 2174 ne
1596 2131 1915 2187 *obloquantur

277 2208 436 2262 nostri,
461 2208 524 2251 ita
546 2216 597 2251 ut
619 2223 674 2252 ea
695 2208 925 2252 oblocutio
947 2209 1090 2265 possit
1112 2208 1408 2253 irreuerentia
1425 2207 1599 2253 censeri
1617 2207 1663 2250 in
1682 2207 1815 2251 Pium
1832 2207 1911 2251 1111

273 2292 323 2333 et
344 2285 702 2329 Maximilianum
725 2285 1042 2341 imperatorem
1069 2288 1097 2329 ¹.
1125 2285 1368 2330 Retineant
1390 2293 1541 2329 autem
1565 2299 1694 2328 suam
1714 2283 1910 2328 'consue—

279 2362 500 2415 tudinem,
537 2377 672 2417 quam
701 2364 923 2406 hactenus
951 2370 1209 2415 seruarunt,
1240 2370 1287 2406 et
1314 2363 1613 2419 profiteantur
1642 2360 1836 2405 discrete
1864 2375 1914 2406 se

277 2453 379 2482 esse
405 2427 588 2495 paratos
609 2440 719 2483 dare
748 2446 986 2494 utramque
1017 2439 1230 2496 speciem,
1255 2440 1390 2482 modo
1422 2445 1665 2483 seruentur
1690 2437 1906 2482 conditio-

278 2531 360 2561 nes
382 2515 501 2560 sedis
523 2515 814 2572 apostolicae,
839 2524 885 2560 et
906 2516 1042 2559 simul
1063 2517 1211 2572 palam
1235 2515 1404 2559 faciant
1426 2530 1474 2559 se
1497 2522 1736 2571 propterea
1756 2513 1916 2570 paucis
2042 2509 2065 2578 ’,Γ

278 2592 481 2637 fortassis
503 2592 996 2636 darecornmunionem
1017 2594 1102 2636 sub
1125 2601 1333 2648 utraque,
1354 2593 1475 2648 quod
1497 2592 1560 2645 hi,
1581 2591 1659 2647 qui
1676 2598 1915 2646 utramque

277 2669 552 2722 desiderant,
577 2670 751 2713 soleant
774 2677 952 2712 tantum
976 2671 1033 2713 ad
1055 2671 1226 2726 pascha
1248 2669 1600 2721 communicare,
1626 2668 1700 2713 uel
1718 2682 1798 2724 pro
1816 2666 1914 2710 uia—

352 2833 362 2852 ¹
413 2830 507 2867 Pius
524 2830 628 2866 enim
646 2831 701 2866 IV
718 2829 860 2865 litteris
878 2829 1118 2876 apostolicis,
1136 2830 1201 2866 die
1222 2830 1264 2865 16
1284 2828 1430 2876 Aprilis
1456 2829 1547 2874 1564
1569 2828 1685 2872 datis,
1710 2828 1916 2875 imperato-
1974 2840 1977 2849 Δ

277 2890 330 2926 ris
361 2890 654 2926 instantissimis
684 2889 867 2936 precibus
894 2900 1038 2925 morem
1064 2901 1223 2936 gerens,
1249 2889 1446 2935 germanis
1473 2887 1666 2935 episcopis
1690 2886 1916 2923 facultatem

277 2949 447 2985 faciebat
464 2949 706 2985 concedendi
723 2949 1038 2984 communionem
1056 2950 1131 2984 sub
1149 2954 1312 2995 utraque
1331 2947 1463 2994 specie
1481 2946 1591 2982 laicis
1610 2958 1694 2982 eam
1719 2946 1916 2993 postulan-

277 3009 397 3047 tibus,
415 3008 478 3044 Cf.
499 3010 700 3055 JANSSEN‚
727 3008 951 3044 Geschichte
968 3009 1035 3044 des
1052 3009 1259 3044 deutschen
1290 3008 1426 3043 Volkes
1443 3006 1517 3042 seit
1530 3007 1620 3041 dem
1635 3006 1836 3053 Ausgang
1850 3005 1918 3040 des

278 3068 551 3114 Mittelalters,
570 3068 648 3104 vol.
669 3068 737 3114 IV,
756 3067 825 3103 lib.
845 3067 876 3113 Ι,
893 3078 979 3113 cap.
999 3076 1070 3103 ΧΠ.
