2098 3470
0 1873 17 1991 :nn—u·-
0 1526 14 1870 Wss-vv-p--m
0 1468 17 1499 W.
0 1414 5 1422 „
7 1399 10 1401 y
0 1380 6 1384 ,

789 242 1222 280 Iusrnucrionsss-bx
1706 249 1778 291 597,

94 348 99 352 ’
151 336 155 341 ’
183 347 436 404 parandum
457 345 504 389 in
526 345 705 402 spiritu3
731 358 849 401 quae
869 343 1021 388 omnia
1041 351 1176 387 erunt
1197 343 1285 386 sita
1306 342 1352 385 in
1374 342 1541 386 iudicio
1571 351 1616 387 et
1646 345 1818 399 guber—

187 422 373 468 natione
387 422 691 480 superiorum.

276 499 544 545 Mulieribus
564 514 622 543 ne
643 500 810 544 dentur
830 497 1044 543 exercitia
1065 497 1164 541 sine
1184 487 1412 540 consensu
1434 496 1717 551 maritorum,
1737 506 1818 541 aut

184 583 449 633 parentum,
488 583 567 619 aut
604 583 831 628 tutorum,
871 589 1021 630 neque
1062 574 1333 618 monialibus
1374 574 1548 629 absque
1590 588 1816 617 consensu

183 668 373 697 suorum
393 653 693 710 superiorum.
718 652 894 697 Liberis
914 666 1024 696 vero
1045 651 1311 694 mulieribus
1328 658 1377 693 vt
1392 651 1573 703 dentur,
1594 666 1650 694 eo
1673 651 1817 694 maius

180 731 270 776 erit
291 730 531 774 consilium
554 738 600 775 et
622 729 911 786 prouidentia
930 729 1202 774 adhibenda.
1228 730 1286 771 Et
1306 727 1407 772 aliis
1421 727 1604 783 quidem
1623 736 1640 753 ἃ
1658 728 1815 773 mulie-

185 808 311 851 ribus
331 808 498 851 dantur
527 808 620 851 fere
649 807 820 864 primae
847 806 1158 850 hebdomadae
1190 806 1325 861 paulo
1360 804 1555 861 amplius
1591 808 1689 849 sine
1720 807 1812 849 ele—

180 883 427 928 ctionibus.
454 883 731 928 Monialibus
751 891 901 927 autem
925 884 1054 940 plura
1074 882 1228 936 etiam,
1261 896 1365 926 cum
1394 882 1562 925 iudicio
1592 890 1741 926 tamen
1770 892 1817 927 et

124 997 132 1002 .
179 961 282 1006 sine
302 961 619 1014 electionibus,
643 953 803 1005 s'altem
824 967 987 1004 status.
1013 960 1129 1004 Aliis
1156 959 1264 1003 item
1293 959 1575 1011 mulieribus,
1609 974 1699 1002 non
1729 959 1813 1002 nisi

178 1038 228 1082 in
250 1038 458 1092 ecclesia3
483 1037 771 1091 monialibus,
796 1037 873 1080 vbi
889 1037 1197 1102 designabunt
1213 1051 1369 1081 earum
1388 1036 1660 1092 superiores,
1682 1038 1815 1079 modo

179 1116 229 1159 in
251 1130 335 1159 sua
356 1119 425 1162 617
447 1116 658 1159 clausura
685 1114 811 1172 ipsae
837 1114 942 1167 sint,
967 1114 1110 1158 nostri
1137 1113 1357 1168 exterius,
1379 1113 1693 1158 intercedente
1727 1114 1815 1157 fer-

183 1207 262 1237 reo
281 1193 501 1245 cancello,
525 1200 572 1237 et
593 1193 714 1245 velo,
741 1200 789 1235 vt
810 1193 941 1236 solet.

269 1269 508 1326 Eligantur
529 1270 586 1312 ad
607 1270 757 1313 danda
774 1269 1004 1320 exercitia,
1025 1268 1104 1324 qui
1120 1269 1177 1311 ad
1193 1270 1280 1311 hoc
1298 1269 1519 1312 talentum
1536 1268 1809 1324 acceperint,

178 1354 227 1390 et
247 1347 414 1391 dentur
439 1360 544 1389 cum
577 1361 744 1403 magna
775 1346 1012 1390 exactione
1049 1360 1153 1389 cum
1190 1345 1357 1388 dantur
1393 1345 1588 1402 integra3
1629 1346 1812 1400 quando

179 1437 291 1468 vero
313 1422 493 1479 integra
514 1437 606 1466 non
628 1424 809 1475 dantur,
834 1431 1074 1466 seruentur
1095 1421 1279 1464 vltimae
1299 1423 1489 1478 regulae
1509 1437 1565 1465 ex
1594 1421 1664 1474 iis,
1696 1437 1812 1478 quae

177 1501 405 1544 habentur
427 1499 474 1542 in
495 1500 719 1556 principio
741 1500 1075 1544 exercitiorum.

268 1576 362 1632 Qui
382 1577 609 1620 hactenus
631 1591 657 1619 e
679 1577 846 1620 nostris
867 1576 1083 1620 exercitia
1105 1591 1197 1620 non
1219 1575 1415 1633 egerint,
1448 1576 1523 1619 illa
1556 1576 1812 1633 transigant

174 1661 224 1696 et
262 1659 422 1697 exacte
457 1653 656 1709 quidem,
697 1654 735 1696 si
773 1668 928 1698 eorum
968 1653 1165 1710 patiatur
1201 1654 1414 1697 valetudo
1453 1654 1524 1697 vel
1563 1654 1808 1709 capacitas,

174 1729 381 1773 adhibito
397 1730 566 1774 iudicio
581 1730 845 1786 superioris,
865 1732 1037 1786 absque
1054 1730 1275 1775 electione
1291 1737 1453 1783 status;
1473 1730 1638 1787 poterit
1657 1739 1811 1775 tamen

179 1805 278 1851 fieri
298 1806 465 1852 electio
487 1808 545 1850 de
564 1822 620 1851 eo
641 1808 1024 1862 quemadmodum
1052 1807 1099 1850 in
1125 1807 1354 1852 Societate
1381 1807 1620 1863 proficiant
1643 1808 1804 1863 magis,

175 1883 328 1927 omnia
349 1883 634 1927 subiiciendo
656 1884 940 1940 superiorum
969 1883 1170 1936 arbitrio,
1201 1883 1417 1940 quicquid
1447 1884 1493 1927 in
1524 1886 1611 1927 hoc
1640 1899 1811 1940 genere

175 1960 420 2016 elegerint.

265 2037 451 2082 Externi
474 2038 527 2095 (si
548 2038 647 2083 fieri
667 2039 831 2094 potest)
860 2037 983 2081 domi
1010 2038 1225 2082 exercitia
1257 2053 1350 2082 non
1381 2038 1621 2095 accipiant;
1662 2039 1699 2081 si
1733 2039 1810 2094 qui

174 2121 328 2157 tamen
349 2114 471 2158 domi
494 2114 734 2171 accipiant,
758 2115 788 2157 ii
811 2115 991 2158 soluant
1014 2115 1280 2171 impensam.

264 2195 337 2238 618
359 2192 497 2247 Quod
518 2200 568 2235 vt
589 2192 832 2248 plurimum
856 2193 953 2236 fieri
980 2192 1043 2236 ita
1065 2193 1247 2246 debere,
1271 2208 1328 2238 ex
1350 2207 1406 2237 eo
1427 2193 1647 2249 principio
1669 2194 1808 2236 dedu-

175 2267 309 2320 citur,
324 2269 447 2323 quod
463 2268 675 2312 nimirum
692 2270 958 2325 profitemur
974 2277 1299 2326 paupertatem.
1317 2271 1627 2326 Quamobrem
1643 2285 1808 2315 cauen-

172 2344 284 2387 dum
306 2351 375 2387 est
397 2358 456 2388 ne
476 2345 620 2388 simus
642 2345 813 2401 profusi
834 2345 882 2388 in
910 2346 1135 2403 expensis,
1170 2347 1228 2390 ad
1257 2361 1373 2403 quas
1403 2362 1495 2391 non
1533 2347 1805 2403 obligamur,

174 2420 466 2464 nihilominus
489 2430 656 2475 tamen,
680 2421 719 2465 si
741 2424 814 2466 vel
841 2423 1085 2480 collegium
1114 2430 1234 2468 esset
1261 2423 1406 2476 diues,
1439 2425 1511 2467 vel
1545 2432 1695 2467 rector
1728 2426 1807 2467 ho-

174 2503 305 2540 nesta
327 2497 502 2542 ratione
522 2499 752 2554 agendum
775 2499 905 2544 aliter
926 2508 1149 2553 censeret,
1174 2501 1248 2545 vel
1269 2515 1360 2543 non
1389 2501 1674 2543 dubitaretur
1696 2501 1804 2555 quin

172 2572 247 2616 ille
267 2581 388 2618 esset
410 2575 614 2618 facturus
635 2575 745 2619 satis
767 2590 822 2619 ex
844 2592 910 2629 se,
937 2591 1026 2620 non
1050 2591 1167 2633 opus
1188 2578 1303 2622 foret
1332 2577 1574 2633 quicquam
1605 2577 1801 2633 exigere.

262 2651 561 2695 Consuetudo
584 2658 735 2696 tamen
763 2653 1003 2697 exercendi
1035 2654 1153 2697 intra
1180 2654 1360 2711 collegii
1390 2662 1518 2710 septa
1550 2652 1805 2696 meditatio—

173 2726 308 2769 nibus
327 2734 544 2771 externos
564 2728 711 2771 sicubi
730 2730 881 2782 suerit,
902 2745 991 2773 non
1012 2731 1293 2785 immutetur,
1314 2731 1398 2774 nisi
1417 2739 1542 2774 extra
1560 2729 1804 2785 collegium

172 2801 292 2846 idem
314 2803 412 2847 fieri
434 2805 671 2848 commode
693 2813 845 2861 queat.
871 2808 1010 2862 Quod
1030 2807 1067 2850 si
1090 2807 1209 2851 intra
1230 2807 1473 2863 collegium
1491 2808 1655 2850 dentur
1673 2820 1805 2849 exer-

173 2878 294 2932 citia,
315 2879 361 2922 id
377 2880 456 2926 fiat
477 2889 690 2936 separato
711 2883 768 2925 ab
786 2883 1066 2928 habitatione
1088 2886 1277 2927 fratrum
1299 2886 1416 2935 loco,
1437 2883 1586 2939 quoad
1608 2897 1690 2925 eus
1707 2882 1804 2924 fieri

174 2955 355 3011 poterit.

241 3055 259 3072 ε
308 3044 451 3092 quibus
469 3057 557 3092 mS.;
576 3047 646 3082 sed
664 3048 804 3084 melius
823 3049 862 3084 in
882 3048 978 3084 Cod.
1007 3050 1133 3084 Vatic.
1156 3059 1188 3093 3,
1211 3049 1359 3084 Natalis
1379 3059 1494 3083 manu
1509 3047 1684 3092 quidem.
