2098 3470
296 271 365 317 276
766 274 920 311 PArms
946 274 1188 310 Hissuomrm
1214 274 1365 310 NADAL

251 374 482 430 agendum
506 382 688 418 censeat
710 376 767 420 de
789 374 1029 429 exercitiis,
1055 389 1144 430 quo
1168 389 1355 418 numero
1372 381 1417 418 et
1435 389 1525 430 quo
1548 375 1639 418 sint
1661 376 1890 421 mittenda.

256 449 331 492 ubi
353 449 546 506 primum
571 450 660 494 sint
683 453 889 495 absoluta
915 454 942 495 ¹.
1575 503 1577 505 ,

341 526 546 583 Singulis
581 528 814 572 mensibus
850 528 1049 571 scribant
1087 529 1142 570 ad
1180 529 1359 572 Patrem
1397 530 1656 585 generalem
1694 530 1751 574 de
1788 530 1893 574 suis

255 603 461 660 collegiis
490 610 690 648 rectores
721 604 1023 661 collegialiurn
1054 612 1099 649 et
1131 605 1472 659 comensalium,
1507 620 1600 648 non
1638 613 1788 650 tamen
1826 607 1884 651 de

253 681 469 737 negotiis,
495 683 551 725 de
573 681 739 737 quibus
760 681 952 738 primurn
977 683 1172 725 referent
1195 682 1251 724 ad
1274 682 1456 738 collegii
1474 682 1615 726 nostri
1638 690 1880 736 rectorem,

255 757 419 802 deinde
441 759 496 801 ad
521 758 862 814 prouincialem3
888 774 991 802 nam
1022 773 1137 813 quae
1167 765 1378 814 poterunt
1405 774 1485 814 per
1516 760 1601 802 hos
1623 759 1737 812 fieri,
1769 759 1886 803 nihil

257 834 343 878 erit
366 836 487 891 quod
510 836 751 879 consulant
774 837 952 880 Patrem
975 836 1252 891 generalem3
1285 835 1458 879 etiamsi
1486 850 1663 891 semper
1694 835 1799 891 illis,
1835 843 1894 880 utv

257 912 469 955 omnibus
501 912 681 965 nostris,
717 912 800 956 erit
832 912 1022 956 liberum
1057 912 1254 956 scribere
1289 913 1345 955 ad
1384 914 1565 955 Patrem
1604 914 1882 969 generalem,

257 1003 544 1046 quacumque
566 990 622 1033 de
644 1005 692 1034 re
714 990 910 1033 scribere
934 989 1088 1032 uelint.

347 1066 466 1109 Cum
489 1080 579 1122 ego
600 1066 899 1118 discesserim,
924 1073 1071 1110 rector
1094 1064 1284 1121 singulis
1311 1066 1609 1109 hebdomadis
1640 1066 1807 1110 scribet
1829 1068 1896 1111 de

261 1143 398 1186 rebus
427 1144 588 1186 horum
617 1143 929 1199 collegiorum,
962 1143 1018 1185 de
1045 1132 1259 1198 negotiis,
1283 1143 1340 1187 de
1371 1144 1506 1186 Patre
1537 1143 1755 1195 Victoria,
1795 1151 1886 1189 etc.

259 1220 375 1263 Cum
401 1220 490 1262 ho:
511 1219 670 1264 fecerit
692 1227 759 1264 ter
782 1220 855 1263 uel
878 1227 1051 1274 quater,
1076 1218 1243 1274 poterit
1263 1218 1460 1263 scribere
1484 1221 1577 1274 15.⁰
1596 1234 1777 1275 quoque
1793 1219 1885 1265 die.

258 1298 329 1340 De
356 1298 444 1339 hac
474 1296 647 1340 ratione
674 1296 901 1341 scribendi
929 1296 1049 1340 dicet
1081 1295 1235 1351 primis
1262 1295 1402 1339 literis
1429 1295 1554 1339 Patri
1591 1296 1809 1353 generali,
1849 1297 1895 1340 si·

259 1373 382 1416 aliud
410 1373 520 1417 uelit
540 1373 654 1417 fieri.

350 1449 560 1496 Minister
581 1466 640 1494 ne
662 1459 856 1507 occupet
879 1451 1039 1494 fratres
1060 1450 1107 1492 in
1135 1449 1442 1494 exscribendis
1465 1451 1619 1503 rebus,
1643 1451 1816 1506 absque
1837 1450 1898 1494 li—

263 1526 413 1570 centia
434 1527 695 1584 superioris,
725 1541 809 1571 nec
839 1526 1043 1583 superior
1073 1526 1204 1570 facile
1242 1541 1423 1582 operam
1444 1527 1644 1570 >fratrum
1676 1534 1893 1583 occupet,

262 1603 324 1647 ita
348 1611 398 1646 ut
421 1604 595 1662 negligi
617 1604 855 1648 uideantur
876 1604 1082 1648 studia...

355 1682 594 1726 Habeatur
621 1680 734 1724 ratio
756 1683 971 1725 Besserer
999 1682 1032 1735 ²,
1065 1680 1142 1736 qui
1168 1695 1260 1723 non
1289 1680 1472 1725 uidetur
1504 1695 1604 1724 esse
1633 1695 1805 1738 pronus
1833 1682 1895 1724 ad

260 1758 640 1812 concionandum;
681 1758 866 1801 iuuetur
903 1765 1054 1801 tamen
1090 1772 1144 1801 ea
1179 1757 1225 1800 in
1263 1771 1327 1812 re,
1370 1765 1418 1800 ut
1446 1757 1543 1801 fieri
1576 1758 1707 1811 solet,
1739 1757 1786 1801 in
1817 1773 1892 1802 re·
1931 1764 1934 1768 ’

262 1835 471 1880 fectorio.

351 1912 583 1957 Obseruet
620 1919 768 1956 rector
803 1919 853 1965 ut
890 1925 1046 1955 omnes
1082 1912 1262 1972 easdem
1300 1911 1580 1955 ceremonias
1610 1911 1810 1956 habeant
1843 1911 1896 1954 in

262 1990 400 2033 missa
420 1989 668 2042 recitanda,
693 2003 746 2035 ea
767 1990 907 2032 uerba
924 1989 1082 2033 eadem
1101 1990 1348 2032 obseruent
1364 1988 1410 2030 in
1429 1987 1731 2032 absolutione:
1754 1989 1903 2043 verba·

261 2074 413 2111 autem
437 2067 552 2110 haec
575 2066 665 2108 sint
687 2065 914 2118 comunia,
940 2073 984 2108 et
1006 2080 1059 2109 ea
1080 2073 1271 2122 possunt
1288 2065 1437 2122 accipi
1458 2080 1513 2108 ex
1537 2064 1778 2108 directorio
1801 2050 1893 2109 Pa-

261 2143 347 2186 .tris
369 2142 591 2187 Polanchi
613 2144 680 2188 ⁵...

353 2222 700 2263 Procuratorem
722 2219 858 2262 huius
875 2219 1069 2276 collegii,
1102 2234 1207 2262 cum
1235 2220 1363 2263 adest
1385 2209 1436 2262 P.
1457 2219 1674 2272 Victoria,
1694 2225 1803 2275 agat
1825 2233 1895 2262 re-

261 2303 361 2339 ctor
382 2296 495 2352 ipse,
522 2295 599 2352 qui
622 2303 772 2339 tamen
794 2295 839 2338 in
863 2297 999 2341 rebus
1015 2296 1345 2339 difficilioribus
1358 2295 1554 2342 habebit
1572 2297 1624 2339 P.
1646 2294 1902 2358 Victoriam

264 2380 489 2429 paratum,
515 2373 593 2428 qui
614 2372 816 2425 adiuuet,
841 2381 886 2416 et
916 2373 1070 2426 aliurn,
1094 2380 1181 2416 etc.

338 2486 347 2506 ¹
400 2485 463 2522 Cf.
491 2475 622 2532 Ep'ist.
643 2485 693 2520 Ρ.
718 2484 869 2526 Nadal,
887 2485 938 2530 ΙΙ,
957 2484 1041 2530 319,
1062 2495 1132 2530 404
1150 2490 1190 2520 et
1206 2485 1290 2530 641,
1311 2483 1378 2519 ubi
1399 2483 1448 2519 de
1471 2485 1543 2519 hac
1568 2483 1739 2520 editione
1763 2483 1906 2520 vindo—
1939 2506 1943 2512 -

264 2545 431 2581 bonensi
449 2544 539 2580 libri
557 2543 831 2580 exercitiorum
848 2544 1003 2590 saepius
1017 2544 1159 2590 agitur.

338 2606 351 2626 Ξ
402 2604 446 2639 In
469 2604 648 2649 catalogo
670 2602 977 2638 vindobonensis
1000 2603 1158 2648 collegii
1181 2602 1272 2638 anni
1300 2603 1389 2647 1566
1415 2603 1511 2638 haec
1537 2602 1587 2638 de
1617 2603 1804 2638 Besserer
1832 2602 1907 2637 ha·

267 2665 423 2699 bentur:
457 2662 678 2708 «Georgius
707 2662 905 2705 Besserer,
932 2673 1093 2707 suenus,
1114 2661 1188 2697 fuit
1211 2667 1438 2708 praeceptor
1463 2661 1619 2696 infimae
1644 2660 1821 2697 classis.»
1852 2661 1905 2696 In

269 2723 393 2757 altero
410 2723 590 2767 catalogo
607 2732 676 2756 seu
695 2720 964 2767 instructione,
983 2721 1079 2756 haee
1096 2726 1229 2757 notata
1247 2720 1505 2767 reperiuntur:
1523 2720 1742 2766 «Georgius
1761 2721 1907 2756 Besse-

269 2792 331 2816 rer
350 2780 493 2816 missus
511 2785 572 2816 est
590 2780 631 2818 in
649 2779 888 2814 Poloniam.»

339 2841 354 2860 ⁵
404 2839 667 2875 Directorium
692 2837 817 2874 Patris
835 2838 993 2873 Polanci
1018 2844 1079 2873 est
1105 2838 1204 2873 liber
1221 2839 1367 2873 abhoc
1391 2838 1520 2881 Patre,
1546 2837 1633 2873 aliis
1652 2836 1908 2884 juvantibus„

262 2897 378 2943 jussu
397 2898 438 2934 S.
459 2897 602 2944 Ignatii
620 2897 879 2943 conscriptus,
897 2897 960 2932 cui
979 2897 1130 2932 titulus:
1150 2896 1434 2932 «Directorium
1454 2897 1574 2942 breve
1599 2896 1648 2932 ad
1670 2895 1907 2932 confessarii·

265 2968 311 2992 ac
335 2957 561 2992 confitentis
587 2967 728 2992 munus
757 2961 864 2991 recte
894 2955 1156 2994 obeundum.u
1187 2957 1247 2991 De
1277 2957 1350 2990 hoc
1379 2956 1568 3002 opusculo
1596 2956 1646 2990 cf.
1681 2954 1827 2990 cartas
1853 2955 1909 2991 de

268 3017 310 3052 S.
344 3017 531 3063 [gnacio,
564 3016 640 3060 IV,
673 3022 850 3061 411·412;
886 3013 1215 3061 SOMMERVOGEL,
1249 3014 1519 3060 Bibliotetque,
1550 3014 1619 3060 VI,
1650 3012 1829 3060 939-9443
1861 3018 1911 3049 et

266 3075 627 3120 BRAUNSBERGER,
642 3076 717 3112 loc.
736 3073 819 3119 eit.‚
840 3073 871 3119 Ι,
890 3082 974 3118 450.
